3684 5416
518 1497 568 1528 10

523 2032 566 2074 ¹5

515 2567 570 2598 20

519 3104 569 3147 25

515 3640 568 3685 30

514 4171 565 4214 35

624 325 727 396 535
1786 321 2070 394 Episcopi.

623 401 805 407 *ᾑ-
834 401 921 406 .—
944 400 1017 406 ο,
1054 400 1391 405 ψ
1434 400 1543 405 ———
1580 401 1721 406 jw
1742 400 1833 406 μ
2211 397 3236 405 -..——————————-.—————-

836 509 933 569 IV.
984 508 1365 569 Absolvendi
1411 529 1443 568 a
1491 508 1766 568 censuris
1802 510 1884 569 ob
1919 507 2179 568 incursis
2211 507 2608 568 violationem
2643 507 2958 567 clausurae
2993 508 3240 587 regula-

623 616 784 676 rium
833 615 1155 695 utriusque
1201 635 1401 691 sexus,
1452 616 1804 676 dummodo
1853 635 1982 676 non
2031 615 2213 675 fuerit
2245 613 2575 675 commissa
2607 633 2754 675 cum
2787 613 3125 675 intentione
3157 615 3237 675 ad

622 723 857 783 malurn
907 722 1115 799 finem,
1163 723 1344 783 etiarn
1392 722 1612 783 effectu
1648 742 1776 783 non
1809 737 2046 798 secut0,
2084 740 2196 782 nec
2229 740 2406 782 casus
2441 720 2664 782 fuerint
2696 722 2774 782 ad
2809 721 3017 781 forum
3048 720 3234 783 Ordi-

620 829 774 890 narii
823 830 1103 903 deducti;
1156 848 1299 889 cum
1349 848 1626 907 congrua
1674 828 2050 910 poenitentia
2098 829 2365 889 salutari.
2452 829 2526 888 Et
2576 828 2828 909 insuper
2877 829 3240 890 absolvendi

621 935 912 996 mulieres
960 951 1201 996 tantum
1247 956 1280 995 a
1328 934 1603 996 censuris
1651 951 1709 995 et
1742 935 1960 1016 poenis
1992 934 2410 995 ecclesiasticis
2442 936 2524 994 ob
2557 934 2962 997 violationem
2993 935 3072 996 ad
3105 956 3234 997 ma-

620 1041 754 1103 lum
788 1042 976 1103 finem
1012 1044 1328 1103 clausurae
1361 1043 1635 1102 virorum
1672 1041 2106 1122 religiosorum
2140 1041 2417 1116 incursiS,
2451 1042 2802 1104 dummodo
2833 1058 3041 1104 tamen
3061 1063 3244 1104 casus

621 1150 845 1212 occulti
878 1165 1266 1220 remaneant;
1316 1149 1588 1222 injuncta
1620 1149 1789 1228 gravi
1825 1148 2198 1229 poenitentia
2230 1148 2478 1208 salutari
2511 1168 2656 1210 cum
2689 1150 3104 1230 prohibitione
3138 1171 3242 1212 ac·-

625 1257 883 1318 cedendi
918 1256 994 1316 ad
1029 1255 1344 1317 ecclesiam
1379 1273 1485 1317 aut
1515 1273 1894 1318 conventum
1919 1277 2026 1318 seu
2052 1257 2432 1318 coenobium
2467 1257 2770 1318 dictorum
2807 1258 3240 1337 religiosorum

622 1365 882 1425 durante
915 1362 1237 1424 occasione
1270 1362 1580 1443 peccandi.

838 1471 909 1531 V.
960 1470 1340 1532 Absolvendi
1371 1491 1405 1531 a
1439 1471 1712 1533 censuris
1745 1473 1826 1530 ob
1862 1470 2267 1531 retentionem
2302 1485 2361 1531 et
2394 1471 2722 1532 lectionem
2754 1472 3054 1534 librorum
3090 1493 3235 1554 pro-

624 1577 959 1639 hibitorum
1011 1577 1286 1652 incursis,
1334 1576 1607 1655 injuncta
1655 1597 1930 1656 congrua
1977 1577 2354 1658 poenitentia
2405 1578 2673 1652 salutari,
2722 1597 2837 1639 nec
2883 1599 3009 1640 non
3060 1580 3246 1642 firma

624 1684 999 1763 obligatione
1047 1685 1342 1754 tradendi,
1390 1698 1574 1764 prout
1620 1686 1695 1745 de
1744 1684 1894 1760 jure,
1929 1685 2054 1744 sive
2089 1705 2197 1765 per
2229 1704 2292 1745 se
2323 1684 2448 1746 sive
2484 1705 2592 1766 per
2623 1685 2816 1747 alium
2848 1689 3080 1767 absque
3115 1688 3240 1748 ulla

626 1811 799 1853 mora
850 1809 907 1852 et
954 1809 1259 1871 quantum
1309 1793 1437 1853 fieri
1488 1792 1707 1871 poterit
1753 1808 1893 1852 ante
1941 1793 2418 1868 absolutionem,
2466 1792 2655 1852 libros
2694 1792 3041 1873 prohibitos
3076 1812 3251 1874 quos

624 1899 944 1980 poenitens
979 1900 1040 1959 in
1073 1921 1183 1961 sua
1217 1914 1514 1981 potestate
1549 1900 1814 1959 retineat.

839 2006 934 2067 Vl.
986 2006 1363 2066 Absolvendi
1398 2028 1429 2065 a
1465 2027 1605 2066 casu
1644 2006 1785 2066 Sedi
1824 2005 2213 2086 Apostolicae
2247 2021 2551 2066 reservato
2586 2008 2666 2065 ob
2701 2022 2943 2086 accepta
2978 2025 3237 2066 munera

622 2133 654 2172 a
706 2113 1087 2192 regularibus
1142 2113 1462 2193 utriusque
1513 2133 1713 2188 sexus,
1769 2112 2045 2190 injuncta
2098 2112 2473 2193 poenitentia
2524 2113 2804 2180 salutari:
2874 2128 2931 2174 et
2980 2115 3240 2194 quando

622 2218 821 2297 agitur
853 2219 929 2279 de
963 2219 1321 2280 muneribus
1356 2239 1513 2298 quae
1549 2220 1817 2279 valorem
1852 2220 2066 2279 decem
2099 2234 2482 2280 scutatorum
2515 2239 2642 2280 non
2673 2221 2999 2296 excedunt,
3034 2220 3235 2301 impo-

623 2326 733 2386 sita
780 2327 987 2405 aliqua
1037 2326 1431 2405 eleemosyna
1464 2326 1837 2386 absolventis
1873 2324 2100 2402 judicio
2135 2326 2394 2386 taxanda
2428 2341 2485 2385 et
2518 2341 2694 2387 caute
2727 2328 3060 2407 eroganda,
3096 2347 3240 2388 cum

622 2435 895 2514 primum
953 2434 1193 2514 poterit,
1246 2433 1308 2494 in
1360 2433 1731 2494 beneficium
1780 2431 2092 2511 religionis
2124 2448 2227 2492 aut
2260 2448 2604 2493 conventus
2638 2434 2738 2493 cui
2773 2433 3050 2494 facienda
3082 2451 3238 2494 esset

624 2541 955 2608 restitutio:
1008 2541 1357 2602 dummodo
1391 2557 1592 2601 tamen
1629 2560 1759 2601 non
1792 2556 2028 2602 constet
2060 2541 2230 2620 quod
2267 2540 2365 2600 illa
2402 2540 2625 2601 fuerint
2658 2541 2735 2601 de
2769 2542 2951 2601 bonis
2975 2541 3239 2623 propriis

622 2648 970 2728 religionis:
1022 2665 1324 2729 quatenus
1376 2668 1522 2708 vero
1569 2663 1809 2730 accepta
1861 2666 2118 2707 munera
2154 2648 2246 2707 vel
2282 2646 2509 2707 fuerint
2542 2648 2699 2708 ultra
2732 2650 3005 2710 valorem
3038 2664 3238 2708 scuta-

622 2772 828 2817 torum
866 2757 1104 2834 decem,
1137 2757 1232 2816 vel
1268 2772 1500 2816 constet
1538 2756 1721 2816 fuisse
1756 2756 1830 2815 de
1869 2756 2052 2815 bonis
2085 2755 2349 2836 propriis
2384 2754 2712 2835 religionis,
2752 2756 2905 2817 facta
2940 2757 3109 2837 prius
3142 2777 3240 2816 re-

623 2863 961 2937 stitutione,
1010 2883 1199 2942 quam
1250 2863 1298 2923 si
1347 2865 1422 2923 de
1456 2862 1756 2943 praesenti
1791 2863 2116 2942 poenitens
2149 2862 2482 2942 adimplere
2517 2879 2799 2942 nequeat,
2832 2863 3050 2924 emissa
3085 2863 3238 2923 seria

624 2969 1032 3049 promissione
1069 2970 1428 3029 restituendi
1466 2969 1617 3028 infra
1653 2969 1984 3029 terminum
2019 2969 2390 3030 absolventis
2425 2969 2674 3030 arbitrio
2708 2969 3230 3050 praefiniendum;

627 3076 772 3137 alias
806 3079 922 3137 sub
958 3076 1371 3136 reincidentia.

840 3182 963 3243 Vll.
1013 3182 1395 3244 Absolvendi
1442 3203 1472 3241 a
1520 3183 1794 3243 censuris
1841 3199 1899 3243 et
1936 3182 2154 3263 poenis
2187 3182 2605 3243 ecclesiasticis
2639 3202 2748 3244 eos
2782 3184 2887 3263 qui
2921 3184 3099 3244 sectis
3134 3205 3234 3243 ve-

622 3289 743 3350 titis
795 3291 1182 3366 massonicis,
1235 3305 1339 3351 aut
1391 3289 1778 3359 carbonariiS,
1831 3308 1935 3350 aut
1983 3290 2115 3349 aliis
2164 3289 2443 3366 ejusdem
2495 3291 2735 3368 generis
2782 3291 2957 3351 sectis
3004 3310 3236 3352 nomen

623 3398 946 3469 dederunt,
994 3414 1098 3458 aut
1131 3399 1652 3478 qualemcumque
1690 3398 1959 3458 favorem
1995 3397 2456 3478 praestiterunt3
2508 3398 2586 3458 ita
2619 3413 2825 3459 tamen
2866 3414 2931 3459 ut
2963 3420 2995 3459 a
3031 3418 3235 3479 respe-

623 3505 777 3566 ctiva
830 3521 990 3566 secta
1042 3505 1309 3566 omnino
1361 3526 1425 3565 se
1477 3520 1758 3584 separent
1805 3523 2070 3584 eamque
2120 3503 2416 3581 abjurent,
2463 3504 2672 3577 libros,
2723 3505 3135 3587 manuscripta
3168 3524 3239 3565 ac

621 3613 794 3691 signa
842 3629 1068 3673 sectam
1118 3612 1516 3692 respicientia,
1566 3611 1614 3671 si
1662 3632 1819 3691 quae
1869 3612 2184 3687 retineant,
2238 3612 2301 3671 in
2334 3631 2558 3673 manus
2591 3612 2965 3673 absolventis
2998 3612 3237 3673 tradant

621 3720 697 3779 ad
730 3719 1112 3779 ordinarium
1149 3738 1337 3798 quam
1376 3718 1644 3798 primum
1681 3734 1859 3779 caute
1893 3718 2376 3796 transmittenda,
2413 3735 2517 3779 aut
2549 3719 2781 3793 saltem,
2816 3720 2866 3778 si
2888 3718 3080 3795 justae
3099 3737 3235 3795 gra-

622 3845 850 3905 vesque
902 3846 1120 3886 causae
1172 3826 1230 3885 id
1283 3827 1616 3907 postulent,
1663 3827 2118 3887 comburenda:
2183 3826 2450 3904 injuncta
2505 3845 2615 3905 pro
2667 3827 2860 3887 modo
2912 3827 3233 3907 culparum

620 3934 788 4012 gravi
820 3933 1191 4014 poenitentia
1227 3933 1469 3994 salutari
1504 3953 1649 3994 cum
1684 3933 2023 4014 frequentia
2057 3933 2511 3993 sacramentalis
2546 3932 2951 3994 confessionis
2971 3932 3229 4012 aliisque

621 4038 913 4116 injunctis
946 4041 1021 4101 de
1058 4039 1187 4115 jure
1223 4029 1648 4119 injungendis:
1700 4062 1813 4102 nec
1862 4060 1992 4101 non
2026 4040 2388 4101 absolvendi
2422 4060 2531 4100 eos
2564 4041 2672 4120 qui
2708 4039 3013 4116 ejusmodi
3050 4055 3233 4100 secta-

623 4165 762 4206 rum
809 4148 1000 4208 duces
1048 4164 1106 4209 et
1140 4149 1505 4229 coriphaeos
1538 4148 1814 4208 occultos
1849 4148 2224 4209 denunciare
2258 4146 2645 4226 culpabiliter
2677 4147 3090 4226 neglexerint:
3140 4147 3233 4206 in·

623 4250 824 4327 juncta
878 4255 1099 4333 pariter
1150 4255 1395 4316 salutari
1446 4255 1821 4336 poenitentia
1874 4272 1931 4315 et
1983 4255 2157 4315 firma
2224 4254 2601 4333 obligatione
2662 4256 2776 4314 sub
2840 4253 3234 4314 reincideutia

621 4360 873 4419 eosdem
909 4361 1081 4420 vobis
1116 4362 1210 4421 vel
1243 4362 1393 4439 aliis,
1430 4365 1504 4423 ad
1541 4383 1701 4442 quos
1736 4378 1982 4443 spectat,
2021 4377 2204 4443 prout
2238 4363 2313 4422 de
2349 4360 2478 4438 jure
2513 4361 2950 4422 denunciandi.

840 4467 984 4527 Vlll.
1038 4467 1420 4529 Absolvendi
1455 4471 1773 4549 religiosos
1807 4468 2260 4548 cujuscumque
2280 4468 2516 4529 ordinis
2549 4467 2754 4543 (etiam
2775 4467 3094 4543 moniales,
3129 4486 3234 4547 per

620 4574 1024 4636 confessarios
1066 4590 1271 4635 tamen
1321 4596 1433 4656 pro
1466 4578 1612 4658 ipsis
1645 4600 1676 4638 a
1712 4578 1885 4638 vobis
1916 4579 2287 4659 approbatos
2322 4578 2416 4638 vel
2448 4576 2786 4657 specialiter
2817 4575 3232 4656 deputandos)

620 4701 747 4742 non
799 4683 1007 4743 solum
1057 4703 1089 4742 a
1158 4683 1522 4762 praemissiS,
1573 4685 1679 4745 sed
1726 4685 1908 4746 etiam
1958 4706 1988 4745 a
2023 4685 2264 4746 casibus
2297 4700 2355 4745 et
2387 4683 2661 4744 censuris
2696 4683 2759 4743 in
2791 4703 2902 4744 sua
2935 4682 3238 4762 religione

619 4791 957 4867 reservatiS,
1008 4790 1359 4851 dummodo
1407 4791 1675 4871 religiosi
1709 4793 1876 4873 apud
1911 4792 2357 4853 confessarium
2390 4791 2861 4869 subdelegatum
2896 4788 3230 4868 legitimam

621 4897 947 4958 habuerint
981 4898 1286 4959 licentiam
1323 4898 1656 4979 peragendi
1692 4899 2145 4959 confessionem
2180 4898 2702 4959 sacramentalem.
