3684 5416
343 1559 397 1591 to

346 2092 396 2136 15

343 3163 397 3207 ²5

341 4232 396 4278 35

1093 387 1358 442 Potestas
1398 385 1780 442 ecclesiastica
1819 398 1879 442 et
1916 386 2221 459 imperium
2260 387 2435 443 civile.
2967 402 3065 461 to7

455 570 788 632 hominum
823 585 932 648 est,
964 569 1225 652 imperio
1258 569 1550 652 principis
1583 570 1833 652 regitur,
1879 586 2059 651 pacto
2090 571 2390 633 societatis
2421 571 2831 654 adstringitur,
2863 570 3066 654 placiti

455 677 589 757 lege
635 677 857 758 praeda
904 677 1220 739 diuiditur.
1284 677 1423 738 Hoc
1464 676 1700 739 malum
1731 676 1781 738 si
1813 677 1880 738 in
1912 692 2155 739 tantum
2188 677 2571 758 perditorum
2604 679 2932 741 hominum
2966 698 3066 740 ac-

454 784 726 846 cessibus
756 785 984 862 crescit,
1022 800 1088 847 ut
1118 801 1177 846 et
1207 785 1341 846 loca
1361 801 1584 860 teneat,
1614 788 1791 849 sedes
1811 787 2160 864 constituat,
2195 787 2469 849 ciuitates
2490 801 2771 868 occupet,
2796 784 3064 868 populos

452 892 759 972 subiuget,
801 891 1150 962 euidentius
1194 893 1365 974 regni
1398 912 1633 956 nomen
1665 894 1951 972 adsumit,
1997 895 2172 975 quod
2206 894 2260 955 ei
2295 894 2417 956 iam
2449 893 2514 956 in
2547 894 2877 956 manifesto
2908 913 3062 957 con-

455 998 567 1059 fert
609 1018 742 1061 non
789 999 1038 1081 dempta
1083 999 1402 1080 cupiditas,
1448 1000 1558 1062 sed
1598 1001 1801 1062 addita
1838 1001 2174 1083 inpunitas.
2236 1001 2563 1080 Eleganter
2594 1001 2759 1062 enim
2796 1017 2854 1062 et
2885 1020 3063 1062 uera-

453 1105 600 1166 citer
627 1104 981 1168 Alexandro
1025 1105 1111 1167 illi
1145 1107 1379 1186 Magno
1425 1106 1681 1188 quidam
1729 1108 2218 1189 comprehensus
2267 1107 2457 1190 pirata
2503 1107 2838 1190 respondit.
2902 1108 3064 1169 Nam

453 1231 594 1273 cum
638 1212 804 1274 idem
849 1232 953 1274 rex
999 1213 1321 1276 hominem
1365 1213 1783 1294 interrogaret,
1830 1214 1982 1295 quid
2031 1213 2088 1276 ei
2133 1214 2466 1291 uideretur,
2515 1230 2584 1276 ut
2615 1233 2782 1276 mare
2816 1214 3064 1275 haberet

451 1317 764 1396 infestum,
791 1319 892 1381 ille
922 1319 1109 1380 libera
1141 1319 1561 1381 contumacia:
1594 1319 1792 1396 Quod
1822 1320 1950 1398 tibi,
1981 1320 2204 1401 inquit,
2239 1335 2309 1382 ut
2338 1323 2557 1383 orbem
2587 1335 2921 1392 terrarum;
2955 1319 3063 1382 sed

453 1426 595 1505 quia
641 1426 701 1487 id
734 1445 854 1508 ego
887 1427 1111 1507 exiguo
1142 1426 1394 1507 nauigio
1426 1426 1603 1506 facio,
1635 1427 1791 1490 latro
1824 1446 2045 1489 vocor:
2094 1428 2239 1508 quia
2270 1445 2339 1490 tu
2370 1447 2595 1509 magna
2626 1427 2834 1505 classe,
2866 1426 3061 1508 impe·

453 1548 632 1594 rator.
702 1531 761 1612 [l.
796 1552 846 1594 c.
877 1533 917 1596 1.
951 1553 1008 1614 p.
1051 1530 1435 1611 166—167.]

667 1639 822 1701 Lib.
853 1639 1033 1701 XIIII.
1093 1638 1149 1700 C
1164 1659 1196 1700 a
1213 1659 1274 1721 p.
1303 1638 1570 1701 XXVIII.
1647 1639 1751 1700 De
1781 1641 2082 1721 qualitate
2112 1642 2374 1702 duarum
2407 1643 2755 1716 ciuitatum,
2785 1647 3066 1702 terrenae

453 1747 646 1827 adque
676 1746 977 1808 caelestis.
1009 1746 1307 1808 Fecerunt
1338 1746 1542 1826 itaque
1575 1745 1851 1808 ciuitates
1883 1747 2037 1809 duas
2071 1766 2314 1809 amores
2334 1749 2485 1827 duo,
2516 1763 2819 1809 terrenam
2839 1745 3067 1807 scilicet

453 1872 628 1914 amor
656 1852 755 1914 sui
789 1872 987 1934 usque
1017 1852 1096 1914 ad
1116 1866 1503 1914 contemtum
1524 1851 1659 1929 Dei,
1694 1854 2017 1914 caelestem
2038 1872 2191 1915 uero
2225 1872 2401 1914 amor
2422 1853 2538 1915 Dei
2572 1872 2771 1934 usque
2802 1853 2878 1913 ad
2911 1870 3063 1914 con-

454 1974 714 2022 temtum
757 1960 872 2023 sui.
937 1958 1220 2039 Denique
1252 1957 1354 2019 illa
1402 1958 1466 2019 in
1512 1978 1577 2020 se
1609 1959 1759 2041 ipsa,
1794 1959 1947 2021 haec
1976 1960 2041 2021 in
2074 1959 2354 2022 Domino
2386 1960 2699 2040 gloriatur.
2759 1960 2861 2021 Illa
2895 1959 3064 2022 enim

454 2067 686 2147 quaerit
717 2068 794 2128 ab
826 2065 1187 2129 hominibus
1219 2064 1510 2146 gloriam3
1546 2066 1693 2128 huic
1722 2081 1934 2128 autem
1955 2066 2126 2128 Deus
2158 2066 2566 2129 conscientiae
2598 2067 2764 2128 testis
2798 2067 3063 2128 maxima

454 2190 541 2234 est
571 2174 786 2254 gloria.
838 2173 942 2235 Illa
974 2173 1040 2234 in
1070 2172 1265 2252 gloria
1297 2191 1408 2233 sua
1439 2174 1656 2234 exaltat
1687 2189 1873 2255 caput
1902 2192 2124 2244 suum;
2177 2174 2329 2235 haec
2359 2173 2504 2235 dicit
2537 2174 2672 2234 Deo
2703 2191 2849 2235 suo:
2883 2171 3064 2234 Glo-

454 2281 563 2343 ria
607 2301 772 2343 mea
817 2298 891 2343 et
935 2282 1301 2343 exaltans
1348 2297 1586 2363 caput
1617 2301 1893 2343 meum.
1960 2280 2049 2341 llli
2081 2281 2145 2341 in
2175 2280 2555 2363 principibus
2586 2279 2719 2341 eius
2749 2279 2853 2340 uel
2885 2278 2948 2340 in
2979 2279 3065 2340 eis

453 2410 606 2471 quas
653 2389 945 2470 subiugat
994 2388 1346 2450 nationibus
1395 2387 1761 2450 dominandi
1811 2388 2006 2449 libido
2055 2387 2448 2460 dominatur;
2514 2387 2578 2448 in
2628 2387 2743 2447 hac
2787 2385 3066 2448 seruiunt

451 2496 721 2559 inuicem
766 2496 832 2558 in
864 2496 1106 2557 caritate
1137 2510 1198 2556 et
1229 2495 1562 2577 praepositi
1596 2495 1986 2558 consulendo
2022 2511 2080 2556 et
2112 2495 2340 2558 subditi
2389 2493 2898 2576 obtemperando,
2962 2492 3066 2554 Illa

451 2602 515 2665 in
560 2604 689 2666 suis
734 2603 1090 2685 potentibus
1136 2601 1330 2680 diligit
1370 2602 1667 2664 uirtutem
1699 2622 1911 2671 suam:
1967 2599 2120 2664 haec
2151 2601 2298 2664 dicit
2331 2602 2466 2663 Deo
2498 2619 2651 2662 suo:
2713 2598 3061 2679 Diligam

452 2729 554 2786 te,
605 2712 972 2791 Domine,
1020 2710 1286 2772 uirtus
1334 2730 1395 2771 m
1417 2730 1520 2772 ea.
1594 2711 1868 2792 Ideoque
1920 2711 1984 2772 in
2034 2711 2133 2773 illa
2183 2710 2486 2792 sapientes
2536 2707 2669 2771 eius
2716 2705 3061 2770 secundum

453 2818 777 2881 hominem
824 2819 1109 2880 uiuentes
1152 2832 1260 2879 aut
1302 2818 1580 2897 corporis
1625 2834 1732 2878 aut
1776 2817 1968 2879 animi
2014 2817 2112 2879 sui
2145 2819 2311 2878 bona
2341 2831 2448 2877 aut
2494 2815 2815 2896 utriusque
2859 2813 3066 2876 sectati

453 2941 616 3005 sunt,
650 2941 758 2987 aut
787 2925 896 3007 qui
929 2938 1269 3007 potuerunt
1297 2943 1675 3005 cognoscere
1713 2924 1942 3004 Deum,
1992 2942 2151 2986 non
2197 2938 2280 2985 ut
2313 2924 2419 2984 De
2439 2943 2562 2985 um
2612 2924 2711 2985 ho
2730 2939 3065 2983 noraue-

456 3047 641 3095 runt
690 3048 821 3094 aut
851 3031 1153 3113 gratias
1185 3046 1558 3110 egerunt,
1591 3031 1729 3092 sed
1761 3046 2277 3092 euanuerunt
2308 3030 2387 3091 in
2417 3028 3065 3109 cogitationibus

454 3139 650 3217 suis,
715 3155 788 3200 et
844 3140 1364 3200 obscuratum
1428 3153 1544 3198 est
1577 3137 1981 3219 insipiens
2045 3156 2178 3198 cor
2208 3155 2522 3210 eorum;
2572 3136 2942 3198 dicentes
2988 3152 3064 3195 se

454 3265 626 3308 esse
670 3246 1080 3328 sapientes
1113 3244 1196 3322 (id
1227 3260 1317 3306 est
1348 3244 1713 3307 dominante
1744 3244 1863 3306 sibi
1894 3244 2179 3326 superbia
2214 3244 2279 3305 in
2325 3263 2437 3306 sua
2467 3243 2762 3325 sapientia
2793 3261 2925 3304 sese
2958 3261 3062 3303 ex·

453 3354 756 3430 tollentes)
819 3353 1053 3415 stulti
1118 3351 1310 3414 facti
1358 3368 1554 3414 sunt
1617 3368 1693 3413 et
1741 3351 2361 3413 inmutauerunt
2405 3350 2746 3431 gloriam
2806 3349 3064 3411 incor-

453 3460 880 3542 ruptibilis
913 3460 1052 3521 Dei
1085 3459 1162 3521 in
1209 3458 1842 3522 similitudinem
1889 3457 2268 3537 imaginis
2315 3456 2892 3538 corruptibilis
2937 3456 3064 3516 ho-

454 3568 691 3629 minis
723 3584 794 3628 et
826 3567 1252 3629 uolucrum
1283 3583 1356 3628 et
1388 3567 2012 3647 quadrupedum
2043 3582 2115 3628 et
2146 3565 2642 3647 serpentium
2679 3564 2773 3638 (ad
2808 3562 3065 3623 huiusce

456 3674 628 3736 modi
675 3674 840 3735 enim
884 3673 1206 3735 simulacra
1254 3673 1563 3734 adoranda
1612 3674 1713 3734 uel
1758 3672 1951 3734 duces
1997 3672 2381 3754 populorum
2428 3671 2530 3732 uel
2570 3684 2897 3731 sectatores
2932 3669 3065 3731 fue-

455 3783 637 3858 runt),
685 3796 757 3842 et
802 3780 1234 3842 coluerunt
1278 3779 1535 3860 adque
1580 3778 2050 3840 seruierunt
2081 3793 2501 3839 creaturae
2534 3776 2802 3858 potius
2834 3793 3065 3855 quarn

455 3888 854 3963 Creatori,
899 3886 1034 3968 qui
1067 3901 1185 3946 est
1215 3886 1697 3947 benedictus
1743 3886 1822 3947 in
1867 3885 2215 3952 saecula:
2266 3884 2330 3945 in
2375 3884 2491 3944 hac
2520 3898 2730 3943 autem
2773 3880 2943 3943 nulla
2975 3896 3066 3942 est

455 3995 731 4058 hominis
762 3993 1056 4075 sapientia
1087 3992 1200 4054 nisi
1234 3992 1439 4074 pietas,
1471 4013 1594 4072 qua
1616 4009 1775 4053 recte
1796 3991 2019 4053 colitur
2040 4011 2226 4052 uerus
2247 3990 2436 4067 Deus,
2467 3988 2529 4050 id
2549 4005 2871 4071 expectans
2893 4007 3064 4070 prae-

454 4101 653 4164 mium
683 4101 749 4163 in
780 4100 1066 4164 societate
1095 4115 1449 4161 sanctorum
1471 4118 1597 4161 non
1616 4099 1824 4159 solum
1847 4098 2200 4176 hominum,
2226 4115 2450 4159 uerum
2470 4096 2657 4157 etiarn
2676 4095 3061 4176 angelorum,

455 4225 536 4271 ut
580 4208 682 4270 sit
728 4208 937 4268 Deus
982 4206 1245 4267 omnia
1289 4206 1365 4266 in
1410 4205 1801 4267 omnibus.
1871 4203 1926 4285 [l.
1960 4225 2009 4265 c.
2044 4204 2111 4266 11.
2146 4225 2204 4286 p.
2246 4200 2541 4283 56—57.]

670 4314 826 4377 Lib.
860 4314 993 4376 XV.
1030 4314 1133 4376 Ca
1151 4333 1207 4394 p.
1242 4311 1281 4372 1.
1327 4311 1428 4372 De
1459 4312 1693 4373 duobus
1723 4312 2050 4374 ordinibus
2072 4312 2502 4393 generationis
2531 4309 2832 4371 humanae
2863 4311 2928 4369 in
2962 4307 3064 4368 di-

456 4443 664 4484 uersos
690 4423 870 4502 fines
901 4420 979 4481 ab
1011 4423 1193 4481 initio
1210 4422 1665 4501 procurrentis.
1731 4420 1824 4481 De
1859 4418 2144 4481 felicitate
2177 4417 2440 4499 paradisi
2472 4416 2575 4478 uel
2607 4417 2683 4477 de
2718 4416 2853 4497 ipso
2889 4434 3064 4497 para-

458 4530 594 4594 diso
640 4545 698 4590 et
729 4529 806 4590 de
840 4528 965 4589 uita
998 4526 1079 4587 ibi
1113 4526 1453 4608 primorum
1489 4526 1822 4588 hominum
1857 4545 2204 4606 eorumque
2239 4539 2491 4607 peccato
2523 4524 2726 4604 adque
2759 4521 3064 4603 supplicio

456 4634 633 4697 multi
679 4634 872 4696 multa
916 4651 1259 4711 senserunt,
1307 4633 1502 4695 multa
1548 4634 1855 4713 dixerunt,
1904 4635 2097 4696 multa
2141 4633 2354 4696 litteris
2400 4633 2869 4694 mandauerunt.
2933 4631 3067 4692 Nos

456 4760 712 4824 quoque
757 4741 1111 4803 secundum
1154 4740 1480 4821 scripturas
1512 4755 1751 4801 sanctas
1797 4740 1900 4801 uel
1932 4739 2105 4821 quod
2138 4740 2204 4802 in
2238 4740 2326 4800 eis
2357 4738 2622 4817 legimus
2655 4738 2755 4798 uel
2788 4735 2961 4817 quod
2994 4755 3065 4797 ex

457 4849 543 4911 eis
584 4848 938 4927 intellegere
984 4848 1303 4929 potuimus
1348 4866 1562 4909 earum
1594 4863 2005 4926 congruentes
2037 4845 2380 4908 auctoritati
2412 4847 2488 4906 de
2522 4844 2616 4905 his
2647 4846 2831 4905 rebus
2863 4843 2926 4904 in
2958 4863 3064 4904 su-

458 4956 800 5038 perioribus
832 4954 1001 5017 libris
1033 4954 1317 5017 diximus.
1375 4954 1773 5015 Enucleatius
1804 4970 2016 5015 autem
2048 4954 2096 5014 si
2129 4955 2239 5016 ista
2271 4967 2660 5034 quaerantur,
2697 4948 3065 5031 multiplices
