3684 5416
594 1566 641 1597 10

592 2097 637 2141 ¹5

587 2632 640 2664 20

587 3166 637 3209 25

587 3709 641 3753 30

585 4243 634 4288 35

708 395 803 470 138
1326 399 1590 453 Potestas
1631 397 2010 454 ecclesiastica
2051 412 2106 453 et
2143 397 2446 470 imperium
2487 399 2661 454 civile.

913 601 1017 662 43.
1069 581 1481 644 Omnibus,
1541 582 1691 644 Item
1739 583 1800 644 in
1847 585 2092 656 eodem,
2142 600 2209 645 ut
2254 603 2368 645 nec
2416 603 2571 645 uxor
2602 605 2636 645 a
2669 585 2800 646 viro
2832 585 3081 646 dimissa
3113 584 3290 646 alium

697 687 949 768 accipiat
979 688 1180 749 virum
1213 688 1450 750 vivente
1485 689 1616 751 viro
1648 710 1783 768 su0‚
1820 711 1934 752 nec
1965 690 2055 752 vir
2085 691 2549 774 aliam-accipiat
2583 690 2821 754 vivente
2854 712 3049 755 uxore
3081 692 3289 775 priore.

701 792 954 873 [Ibidem
986 815 1033 855 c.
1068 793 1190 875 69.]

911 923 1018 982 44.
1072 903 1519 984 EpiscopiS.
1565 904 1717 965 Item
1750 905 1813 965 in
1847 905 2091 982 eodem,
2125 919 2194 965 ut
2227 905 2467 985 probati
2500 926 2533 966 a
2566 905 3042 987 metropolitano
3074 907 3295 967 iudices

697 1027 825 1069 non
857 1024 1237 1090 spernantur.
1304 1008 1558 1089 [Ibidem
1589 1029 1639 1072 e.
1674 1009 1796 1090 89.]

817 1191 822 1196 p
910 1137 1013 1196 45.
1062 1116 1349 1178 Omnib
1369 1138 1472 1179 us.
1516 1118 1664 1179 Item
1701 1119 1762 1180 in
1794 1120 2020 1181 eodem
2052 1119 2206 1180 infra
2239 1120 2369 1180 duo
2401 1119 2681 1200 capitula,
2716 1135 2786 1181 ut
2814 1120 2966 1182 viles
3009 1139 3293 1202 personae

697 1243 826 1303 non
859 1224 1123 1285 habeant
1154 1239 1516 1305 potestatem
1546 1226 1895 1289 accusandi.
1925 1227 1998 1287 Et
2031 1226 2079 1287 si
2113 1226 2178 1287 in
2210 1225 2414 1307 primo
2447 1226 2701 1288 crimine
2732 1226 2874 1288 victi
2905 1242 3051 1289 sunt
3083 1225 3293 1287 falsum

698 1330 918 1408 dicere,
953 1330 1017 1392 in
1049 1332 1327 1393 secundo
1362 1350 1489 1393 non
1524 1332 1789 1394 habeant
1822 1348 2188 1413 potestatem
2220 1333 2479 1395 dicendi.
2549 1331 2800 1413 [Ibidem
2835 1351 2884 1393 c.
2919 1335 3022 1412 96.
3057 1331 3175 1412 97.]

911 1439 1018 1518 46.
1067 1438 1502 1500 Omnibus.¹
1554 1439 1703 1499 Item
1750 1440 1815 1500 in
1863 1440 2104 1518 eodem,
2151 1456 2219 1501 ut
2264 1440 2529 1520 virgines
2576 1460 2707 1502 non
2737 1441 3016 1502 velentur
3046 1455 3182 1501 ante
3212 1439 3292 1499 vi-

696 1543 850 1625 ginti
883 1542 1161 1625 quinque
1192 1564 1409 1621 annos,
1447 1545 1562 1605 nisi
1595 1545 1933 1606 rationabili
1967 1547 2318 1607 necessitate
2351 1562 2626 1626 cogente.
2692 1545 2946 1626 [Ibidem
2979 1567 3028 1614 c.
3062 1545 3181 1626 93.]

911 1672 1017 1731 47.
1070 1651 1482 1726 Omnibus.
1542 1653 1610 1713 In
1645 1652 1909 1713 concilio
1943 1654 2357 1734 Gangarense‚
2390 1670 2460 1715 ut
2492 1654 2648 1715 nulli
2679 1654 2855 1715 liceat
2886 1653 3110 1732 oblata,
3144 1671 3292 1733 quae

697 1759 773 1819 ad
808 1779 1107 1840 pauperes
1141 1759 1493 1841 pertineant,
1525 1779 1735 1841 rapere
1768 1760 1863 1820 vel
1895 1760 2193 1822 fraudare.
2259 1759 2472 1840 [Cone.
2507 1762 2739 1842 Gangr.
2773 1781 2821 1822 c.
2857 1759 2935 1840 7.]
3058 1739 3065 1745 ’

912 1870 1015 1945 48.
1064 1866 1458 1928 Omnibus
1505 1867 2091 1930 sacerdotibus
2173 1868 2323 1929 Item
2376 1869 2439 1929 in
2491 1870 2737 1945 eodem,
2786 1883 2855 1929 ut
2904 1866 3290 1929 ecclesiastica

683 1973 920 2038 ⁴ieiunia
952 1973 1083 2034 sine
1116 1972 1467 2034 necessitate
1501 1974 1842 2036 rationabili
1877 1993 2008 2036 non
2039 1975 2371 2037 solvantur.
2437 1973 2686 2054 [Ibidem
2722 1994 2768 2036 c.
2815 1971 2927 2053 19·]

911 2100 1017 2159 49.
1082 2080 1125 2141 S
1140 2101 1173 2140 a
1188 2099 1221 2140 c
1236 2100 1269 2140 e
1290 2099 1317 2141 r
1334 2079 1372 2140 d
1389 2100 1429 2142 o
1446 2080 1502 2141 ti
1520 2082 1558 2141 b
1578 2101 1617 2142 u
1634 2102 1680 2141 s.
1745 2081 1815 2142 In
1863 2080 2127 2142 concilio
2161 2086 2559 2163 Acyronense
2606 2081 2930 2142 inventum
2978 2095 3070 2141 est
3100 2080 3162 2140 in
3192 2099 3293 2140 eos

687 2187 806 2267 >qui
852 2207 999 2249 cum
1044 2186 1547 2269 quadrupedibus
1593 2187 1687 2248 vel
1733 2188 2021 2248 masculis
2054 2204 2265 2249 contra
2299 2204 2578 2249 naturam
2615 2203 2899 2268 peccant:
2934 2187 3089 2248 dura
3121 2202 3179 2247 et
3208 2186 3294 2247 di-

695 2294 895 2356 stricta
941 2294 1291 2376 penitentia.
1357 2294 1755 2375 Quapropter
1800 2294 2073 2376 episcopi
2120 2311 2178 2356 et
2224 2295 2574 2376 presbyteri,
2607 2294 2835 2373 quibus
2865 2294 3162 2355 iudicium
3195 2313 3295 2374 pe-

694 2400 983 2462 nitentiae
1029 2401 1371 2462 iniunctum
1418 2417 1528 2478 est,
1577 2417 1880 2462 conentur
1924 2400 2306 2463 omnimodis
2353 2402 2475 2463 hoc
2519 2402 2755 2463 malum
2786 2422 2821 2462 a
2854 2400 3296 2462 consuetudine

695 2508 1018 2589 prohibere
1051 2507 1146 2568 vel
1178 2508 1508 2571 abscidere.
1571 2507 1789 2587 [Cone.
1823 2514 2050 2589 Ancyr.
2084 2527 2132 2570 c.
2178 2506 2290 2588 15.]

915 2635 1011 2695 50.
1061 2613 1504 2695 Episcopis.
1554 2615 1621 2676 In
1656 2615 1921 2677 concilio
1942 2615 2479 2694 Neocaesariense,
2515 2629 2584 2676 ut
2615 2614 2975 2676 nullatenus
2992 2616 3302 2695 presbyter

695 2722 1013 2784 ordinetur
1063 2738 1205 2782 ante
1254 2722 1637 2801 trigesimum
1688 2723 1894 2784 aetatis
1944 2742 2091 2805 suae
2138 2741 2392 2798 annum,
2447 2722 2589 2802 quia
2634 2722 2927 2784 dominus
2951 2722 3125 2795 ‚lesus
3172 2741 3298 2784 non

695 2830 1063 2911 praedicavit
1095 2844 1233 2890 ante
1264 2830 1648 2907 trigesimum
1682 2850 1942 2891 annum.
2014 2828 2229 2909 [Cone.
2265 2831 2559 2892 Neocaes.
2590 2848 2638 2889 c.
2682 2827 2799 2908 11.]
2982 2898 2987 2905 ἰ

915 2959 1012 3017 51.
1060 2937 1469 3009 Omnibus.
1547 2939 1614 3000 In
1661 2938 2064 3000 decretalibus
2111 2938 2305 3000 Siricii
2352 2959 2561 3020 papae,
2608 2953 2674 2999 ut
2719 2938 2966 3000 alterius
3009 2954 3299 3019 sponsam

696 3064 886 3106 nemo
918 3044 1188 3125 accipiat.
1253 3044 1448 3125 [Decr.
1482 3044 1613 3127 Syr.
1647 3066 1694 3109 c.
1731 3044 1806 3126 6.]
2814 3110 2821 3117 .
3278 3108 3279 3113 ,

917 3172 1014 3231 52.
1084 3152 1546 3233 EpiscopiS,
1612 3154 2061 3229 monachiS‚
2121 3154 2598 3235 virginibus.
2661 3153 2826 3215 Item
2876 3153 3174 3223 eiusdem,
3237 3167 3300 3213 ut

696 3260 988 3320 monachi
1022 3275 1082 3321 et
1113 3259 1378 3338 virgines
1409 3278 1596 3319 suum
1629 3261 2021 3341 propositum
2055 3261 2440 3323 omnimodis
2472 3263 2813 3324 observent.
3062 3239 3071 3244 ’

914 3386 1042 3445 53«
1079 3365 1484 3430 Omnibus.
1545 3367 1613 3428 In
1647 3366 2063 3441 decretalibus
2107 3369 2425 3430 Innocenti
2472 3384 2796 3450 papae,ut
2842 3368 3186 3450 paxdetur
3227 3366 3299 3426 ab

695 3473 1016 3550 omnibus,
1044 3474 1335 3535 confectis
1367 3474 1596 3536 Christi
1629 3475 2043 3538 sacramentis.
3253 3536 3258 3541 .

916 3601 1011 3661 54.
1060 3580 1656 3643 Sacerdotibus.
1719 3582 1867 3642 Item
1915 3581 2213 3660 eiusdem,
2268 3598 2334 3643 ut
2381 3582 2636 3647 nomina
2682 3581 2926 3662 publice
2972 3599 3103 3642 non
3151 3578 3299 3650 reci-

693 3702 902 3749 tentur
930 3704 1071 3749 ante
1106 3705 1350 3769 precem
1381 3688 1836 3749 sacerdotalem.

911 3815 1010 3874 55.
1058 3794 1513 3876 Ερὶεεορίε,
1561 3795 2145 3857 sacerdotibus
2222 3796 2372 3861 Item
2404 3795 2702 3871 eiusdem,
2735 3810 2803 3864 ut
2834 3794 2988 3855 nulli
3021 3792 3298 3855 sacerdo-

692 3917 828 3963 tum
860 3901 1035 3963 liceat
1066 3903 1349 3982 ignorare
1382 3917 1739 3964 sanctorum
1771 3921 2085 3964 canonum
2117 3902 2407 3964 instituta.
3280 3912 3283 3915 '

816 4026 822 4031 ·
913 4012 1009 4089 56.
1057 4011 1112 4071 E
1125 4009 1501 4092 piscopiS.
1565 4010 1632 4071 In
1682 4010 1939 4071 decretis
1990 4010 2215 4072 Leonis
2265 4029 2458 4091 papae
2508 4009 2665 4082 sicut
2716 4023 2774 4069 et
2825 4009 2887 4069 in
2936 4007 3292 4069 Sardicense

694 4117 979 4194 concilio,
1015 4133 1082 4178 ut
1113 4117 1388 4198 episcopi
1418 4117 1661 4179 alterius
1695 4117 1987 4185 clericum
2020 4118 2095 4178 ad
2128 4136 2193 4178 se
2228 4134 2360 4178 non
2392 4115 2719 4177 sollicitent
2753 4134 2864 4176 nec
2896 4114 3202 4176 ordinent.

911 4245 1009 4303 §7-
1059 4224 1504 4305 Episcopis.
1557 4225 1704 4285 Item
1738 4226 2042 4300 eiusdem,
2079 4241 2147 4286 ut
2178 4224 2386 4287 nunus
2418 4224 3035 4305 episcopus-servum⁸
3056 4221 3298 4283 alterius

690 4331 769 4391 ad
813 4331 1126 4392 clericatus
1172 4332 1449 4393 officium
1496 4331 1630 4392 sine
1663 4332 1916 4395 domini·
1937 4332 2033 4392 sui
2067 4331 2379 4393 voluntate
2412 4349 2779 4412 promovere
2812 4344 3191 4410 praesumat;
3242 4341 3299 4387 et

692 4438 812 4499 hoc
844 4438 1244 4517 Gangarense
1277 4438 1612 4499 concilium
1646 4439 1947 4521 prohibet.
2014 4437 2228 4517 [Cone.
2261 4437 2490 4517 Gangr.
2518 4456 2580 4501 c.
2619 4434 2696 4516 3.]
2752 4454 2757 4457 *

912 4528 1009 4624 58.
1061 4545 1502 4627 Episcopis.
1568 4546 1720 4607 Item
1766 4546 2064 4623 eiusdem,
2113 4562 2179 4606 ut
2223 4546 2273 4606 si
2321 4544 2460 4626 quis
2491 4544 2871 4605 sacerdotem
2907 4557 3119 4611 contra
3152 4559 3295 4602 con·

691 4652 895 4714 stituta
942 4652 1259 4713 decretalia
1308 4654 1794 4735 praesumptiose
1828 4668 1978 4732 'agat
2026 4670 2083 4714 et
2115 4651 2335 4733 corrigi
2370 4651 2631 4727 nolenS‚=
2659 4652 2733 4737 ab
2767 4648 2974 4711 officio
3007 4667 3123 4709 suo
3155 4649 3295 4709 sub-

581 4786 636 4825 40
688 4776 1024 4823 moveatur.

910 4888 1008 4947 59.
1061 4867 1501 4948 EpiscopiS.
1566 4869 1630 4928 In
1680 4868 1936 4929 decretis
1969 4866 2195 4930 Gelasii
2242 4886 2453 4947 papae,
2505 4882 2571 4935 ut
2604 4867 2815 4926 nullus
2846 4864 3173 4954 episcopus
3204 4861 3290 4921 vi-

692 4977 845 5037 duas
879 4976 1075 5036 velare
1107 4992 1456 5056 praesumat
