3684 5416
333 1583 385 1613 10

328 3725 383 3766 30

322 4795 381 4833 40

1402 410 1653 465 Ecclesia
1680 408 2090 481 antiquissima.
3021 424 3048 478 3

442 594 884 676 λαμβάνοντι·
922 594 978 653 εἰ
1002 590 1278 672 μὲνγὰρ
1299 591 1718 670 χρείανὲχων
1778 594 2029 655 stitutus
2063 593 2411 673 inquiretur
2441 591 2517 652 de
2551 591 2655 661 eis,
2687 610 2847 671 quae
2897 589 3051 665 fecit,

442 700 769 781 λαμβάνει
816 719 931 775 τις,
979 699 1213 774 ἀθὼος
1260 697 1482 761 ἔσται·
1549 699 1589 758 ὁ
1638 696 1718 759 δὲ
1777 718 1984 781 neque
2032 699 2226 761 exibit
2266 702 2433 773 inde,
2479 700 2672 760 donec
2709 698 3055 759 reddiderit

440 805 523 885 μὴ
559 805 791 884 χρείαν
824 803 993 883 ἔχων
1024 803 1229 866 δώσει
1277 804 1488 881 δίκην,
1522 805 1632 865 ἱνα
1660 804 1718 867 τί

438 912 651 995 ἔλαβε
694 911 804 973 καὶ
840 912 935 988 εἰς
970 910 1029 975 τί
1048 934 1058 945 ·
1111 914 1185 973 ἐν
1214 915 1468 991 συνοχῇ
1504 910 1585 974 δὲ
1615 932 1715 988 γε·

440 1020 726 1099 νόμενος
789 1018 1315 1095 ἐξετασθήσεται
1396 1019 1544 1096 περὶ
1623 1015 1719 1078 ὡν

440 1124 713 1203 ἔπραξε.
759 1126 871 1187 καὶ
914 1129 1042 1188 οὐκ
1082 1124 1514 1199 ἐξελεύσεται
1554 1128 1715 1188 ἐκεῖ·

439 1238 578 1301 θεν,
629 1236 855 1314 μέχρις
886 1231 971 1295 οὗ
1004 1231 1242 1313 ἀποδῷ
1275 1232 1394 1294 τὸν
1428 1232 1716 1311 ἔσχατον

437 1339 840 1416 κοδράντην.
894 1345 950 1406 6.
983 1338 1205 1401 Ἀλλὰ
1241 1339 1354 1401 καὶ
1389 1340 1539 1416 περὶ
1572 1339 1714 1402 τού·

438 1468 563 1508 του
607 1446 688 1507 δὲ
734 1446 1024 1524 εἴρηται·
1078 1444 1464 1523 Ἱδρωσάτω
1507 1447 1543 1523 ή
1580 1448 1714 1507 ελε-

440 1553 740 1634 ήμοσυνη
789 1570 919 1614 σου
968 1555 1063 1630 εἰς
1109 1554 1234 1631 τὰς
1279 1554 1510 1631 χεῖράς
1562 1569 1713 1626 σου,

439 1663 662 1741 μέχρις
697 1663 781 1723 ἂν
810 1662 1011 1740 γνῷς,
1045 1660 1162 1722 τίνι
1197 1660 1353 1741 δῷς.

528 1771 602 1830 ΙΙ.
654 1769 966 1846 Δευτέρα
996 1766 1079 1830 δὲ
1109 1767 1346 1844 ἐντολὴ
1382 1770 1501 1844 τῆς
1533 1765 1713 1829 διδα-

436 1879 574 1954 χῆς·
605 1899 660 1939 2.
684 1874 790 1937 Of>
807 1874 1193 1956 φονεύσεις,
1212 1877 1295 1936 οὐ
1313 1872 1713 1956 μοιχεύσεις,

437 1986 518 2045 οὐ
541 1982 1150 2063 παιδοφθορήσεις,
1184 1983 1267 2043 οὺ
1291 1980 1713 2058 πορνεύσεις,

360 2119 377 2149 a
437 2091 520 2152 οὺ
553 2090 848 2168 κλέψεις,
896 2089 980 2150 οὐ
1014 2087 1398 2169 μαγεύσεις,
1430 2089 1516 2150 οὑ
1549 2109 1715 2169 ‹pap-

436 2197 799 2279 μακεύσεις
845 2200 930 2259 οὐ
963 2196 1326 2278 φονεύσεις
1357 2198 1596 2259 τέκνον
1643 2200 1717 2258 ἐν

434 2307 668 2386 φθορᾷ
682 2303 850 2367 οὐδὲ
871 2302 1285 2381 γεννηθὲντα
1300 2308 1713 2381 ἀποκτενεῖς,

435 2415 561 2475 οὐκ
617 2411 1046 2493 ἐπιθυμήσεις
1107 2412 1192 2473 τὰ
1239 2413 1357 2472 τοῦ
1404 2409 1709 2487 πλησίου.

439 2544 492 2603 3.
529 2520 677 2581 Οὐκ
709 2518 1157 2597 ἐπιορκήσεις.
1207 2520 1291 2580 οὐ
1326 2516 1710 2598 ψευδομαρ-

368 2655 380 2677 ι
436 2627 771 2704 τυρήσεις,
806 2628 890 2688 οὐ
922 2624 1437 2703 κακολογήσεις,
1461 2626 1545 2686 οὐ
1562 2645 1708 2705 μνη-

435 2732 844 2811 σικακήσεις.
896 2757 956 2816 4.
995 2733 1146 2795 Οὔκ
1192 2732 1315 2813 ἔσῃ
1363 2730 1712 2813 διγνώμων

433 2839 600 2902 οὐδὲ
615 2840 1015 2917 δίγλωσσος·
1037 2839 1235 2918 παγὶς
1252 2840 1389 2917 γὰρ
1407 2841 1710 2902 θανάτου

433 2949 472 3025 ἡ
498 2947 891 3026 διγλωσσία.
936 2971 989 3030 5.
1014 2947 1165 3009 Οὐκ
1201 2946 1389 3009 ἔσται
1424 2947 1463 3006 ὁ
1498 2946 1710 3024 λόγος

432 3073 562 3116 σου
584 3053 868 3134 ψευδής,
903 3056 988 3116 οὐ
1018 3053 1242 3130 κενός,
1277 3054 1453 3116 ἀλλὰ
1479 3070 1709 3134 μεμεσ-

356 3189 374 3219 z
432 3163 728 3244 τωμένος
754 3161 1011 3240 πράξει.
1050 3166 1106 3224 6.
1129 3161 1278 3222 Οὐκ
1299 3159 1422 3241 ἔσῃ
1443 3161 1710 3222 πλεονέ-

432 3289 595 3347 κτης
642 3267 810 3330 οὐδὲ
858 3268 1083 3346 ἅρπαξ
1131 3265 1301 3329 οὐδὲ
1348 3266 1712 3345 ὑποκριτὴς

433 3374 603 3440 οὐδὲ
645 3374 997 3452 κακοήθης
1046 3373 1213 3435 οὐδὲ
1252 3372 1709 3455 ὑπερήφανος.

435 3483 540 3547 Οὐ
559 3483 741 3564 λήψῃ
780 3480 1031 3567 βουλὴν
1050 3481 1357 3558 πονηρὰν
1386 3482 1563 3544 κατὰ
1593 3486 1712 3545 τοῦ

432 3589 717 3668 πλησίου
752 3606 901 3651 σου.
949 3614 1006 3660 7.
1034 3587 1138 3650 Os>
1161 3588 1464 3670 μισήσεις
1494 3590 1714 3651 πάντα

438 3699 822 3774 ἄνθρωπον,
871 3696 1047 3758 ἀλλὰ
1080 3694 1203 3771 οὓς
1236 3694 1355 3777 μὲν
1392 3696 1712 3773 ελεγξεις,

437 3803 581 3886 [οὓς
612 3803 694 3866 δὲ
728 3803 1077 3884 ἐλεήσεις],
1127 3801 1275 3878 περὶ
1316 3800 1398 3863 δὲ
1432 3798 1525 3864 ὡν
1557 3823 1711 3880 προ-

433 3912 663 3994 σεύξῃ,
712 3908 835 3986 οὓς
869 3909 950 3971 δὲ
981 3908 1360 3987 ἀγαπήσεις
1392 3908 1563 3987 ὑπὲρ
1594 3909 1713 3987 τὴν

434 4016 654 4097 ψυχήν
684 4034 837 4080 σου.

520 4111 628 4186 ΙΙΪ.
677 4125 941 4187 Τέκνον
974 4143 1122 4204 μου,
1155 4125 1371 4203 φεῦγε
1399 4122 1535 4184 ἀπὸ
1558 4143 1710 4184 παν-

358 4258 376 4284 ³
432 4232 552 4309 τὸς
581 4232 886 4308 πονηροῦ
904 4229 1016 4291 καὶ
1040 4229 1175 4291 ἀπὸ
1197 4229 1450 4306 παντὸς
1471 4229 1712 4311 ὁμοίου

433 4338 665 4399 αὑτοῦ.
707 4359 760 4400 2.
782 4335 895 4413 Μὴ
916 4336 1108 4414 γίνου
1138 4335 1438 4414 ὀργίλος,
1474 4335 1710 4414 ὁδηγεῖ

434 4445 571 4522 γὰρ
616 4444 655 4521 ἡ
700 4441 878 4521 ὀργὴ
911 4442 1088 4520 πρὸς
1119 4442 1238 4504 τὸν
1269 4443 1506 4524 φόνον,
1543 4440 1712 4522 μηδὲ

432 4549 733 4628 ζηλωτὴς
765 4547 936 4631 μηδὲ
966 4549 1302 4628 ἐριστικὸς
1336 4548 1505 4630 μηδὲ
1534 4551 1710 4630 θὐμι-

432 4657 585 4736 κός·
623 4659 703 4720 ἐκ
731 4658 868 4736 γὰρ
900 4655 1155 4719 τούτων
1178 4657 1492 4718 ἁπάντων
1511 4656 1711 4736 φόνοι

433 4765 815 4842 γεννῶνται.
856 4789 910 4848 3.
948 4765 1209 4826 Τέκνον
1231 4784 1378 4844 μου,
1413 4761 1497 4845 μὴ
1519 4763 1711 4841 γίνου

437 4871 856 4952 ἐπιθυμητής,
892 4871 1128 4951 ὁδηγεῖ
1160 4871 1298 4949 γὰρ
1328 4871 1367 4948 ἡ
1403 4870 1712 4952 ἐπιθυμία

1773 810 2168 868 novissimum
2216 808 2637 887 quadrantem.
2701 807 2759 867 6.
2803 804 2926 866 Sed
2975 805 3050 865 de

1772 914 1888 974 hac
1934 933 1996 974 re
2045 934 2300 994 quoque
2349 913 2581 975 dictum
2632 927 2754 973 est:
2820 911 3048 975 Sudato

1772 1021 2145 1102 eleemosyna
2168 1028 2272 1082 tua
2293 1023 2357 1081 in
2380 1020 2663 1081 manibus
2684 1021 2831 1093 tuis,
2862 1019 3051 1082 donec

1770 1130 2153 1207 cognoveriS,
2184 1129 2291 1188 cui
2318 1127 2440 1187 des.

1860 1770 1923 1829 11.
1987 1767 2349 1829 Secundum
2411 1784 2618 1828 autem
2684 1769 3045 1831 mandatum

1772 1875 2118 1938 doctrinae:
2159 1896 2215 1937 2.
2249 1876 2386 1936 Non
2417 1877 2680 1949 occides,
2712 1898 2831 1938 non
2865 1875 3048 1936 adul-

1771 1987 1991 2045 terium
2007 1985 2245 2062 sacies‚
2265 2000 2494 2063 pueros
2514 2000 2646 2044 non
2666 2000 3048 2061 corrumpes,

1772 2108 1905 2151 non
1938 2088 2360 2164 fornicaberis,
2398 2109 2517 2149 non
2530 2088 2886 2166 fieraheris,
2918 2106 3049 2149 non

1770 2195 2145 2270 incantabis,
2197 2213 2512 2257 venenum
2561 2213 2691 2255 non
2739 2194 3045 2271 miscebis,

1772 2323 1907 2366 non
1954 2302 2282 2367 interficies
2330 2301 2564 2363 foetum
2609 2301 2673 2362 in
2726 2302 3047 2363 abortione

1774 2418 1981 2493 neque
2015 2409 2330 2472 interimes
2350 2406 2642 2470 infantem
2668 2425 2904 2486 natum,
2928 2431 3046 2470 non

1767 2522 2158 2601 concupisces
2221 2537 2375 2597 quae
2433 2523 2580 2577 sunt
2609 2519 2893 2599 proximi
2936 2519 3044 2579 ἰαί.

1772 2648 1826 2708 3.
1880 2628 2017 2687 Non
2038 2624 2426 2707 periurabi5‚
2466 2643 2585 2683 non
2598 2623 2841 2703 salsum
2877 2624 3044 2683 testi·

1767 2738 2032 2797 monium
2068 2732 2267 2806 dabis,
2318 2751 2446 2798 non
2481 2728 2827 2808 maledices,
2878 2729 3042 2791 iniu-

1768 2842 1889 2904 riae
1910 2855 2190 2920 acceptae
2211 2858 2340 2901 non
2365 2838 2797 2900 recordaberis.
2821 2858 2881 2915 4.
2897 2836 3044 2899 Non

1768 2948 1888 3011 eris
1922 2947 2186 3028 duplicis
2222 2945 2553 3008 sententiae
2587 2964 2704 3006 nec
2723 2943 3042 3022 bilinguis:

1767 3059 2026 3136 laqueus
2077 3054 2245 3115 enim
2293 3053 2508 3114 mortis
2553 3052 2766 3134 lingua
2799 3051 3045 3132 duplex.

1773 3165 1922 3226 Non
1969 3163 2082 3224 erit
2126 3179 2330 3222 sermo
2365 3176 2509 3220 tuus
2543 3159 2808 3219 mendax
2841 3176 3046 3237 neque

1768 3271 1985 3344 inanis»,
2035 3269 2141 3329 sed
2193 3268 2460 3347 repletus
2509 3284 2713 3347 opere.
2789 3267 2848 3328 6.
2898 3240 3045 3325 Non

1767 3378 1888 3439 eris
1921 3394 2138 3438 avarus
2171 3392 2376 3454 neque
2410 3392 2592 3453 rapax
2615 3391 2819 3452 neque
2843 3372 3044 3452 hypo-

1770 3484 1913 3545 crita
1934 3481 2465 3563 neque‘malignus
2486 3498 2688 3559 neque
2709 3479 3041 3558 superbus:

1770 3610 1903 3652 non
1950 3591 2152 3670 capies
2197 3588 2432 3649 malum
2466 3585 2795 3647 consilium
2830 3586 3045 3646 adver-

1770 3719 1876 3760 sus
1908 3697 2260 3778 proximum
2296 3710 2499 3755 tuum.
2567 3714 2622 3761 7.
2655 3693 2806 3755 Non
2839 3692 3045 3756 oderis

1771 3822 2176 3885 quemquam,
2196 3803 2304 3862 sed
2327 3801 2480 3861 alios
2500 3817 2738 3880 argues,
2757 3797 3041 3878 [aliorum

1770 3907 2204 3988 misereberis],
2270 3927 2384 3988 pro
2433 3905 2565 3968 aliis
2612 3906 2832 3983 orabiS,
2895 3907 3046 3968 alios

1768 4017 2001 4079 amabis
2034 4016 2176 4097 plus
2207 4033 2396 4095 quam
2429 4014 2698 4076 animam
2732 4030 2922 4076 tuam.

1856 4124 1947 4185 111.
1998 4123 2111 4184 Fili
2165 4122 2270 4196 mi,
2319 4122 2461 4202 fuge
2494 4142 2686 4184 omne
2721 4123 2955 4184 malum
2988 4138 3046 4183 et

1768 4232 2197 4318 quodcunque
2230 4230 2283 4290 ei
2317 4229 2514 4290 simile
2543 4247 2654 4291 est.
2724 4250 2776 4290 2.
2811 4229 2904 4290 Ne
2938 4229 3046 4289 fias

1767 4338 2123 4411 iracunduS,
2161 4337 2330 4398 ducit
2362 4337 2527 4397 enim
2561 4337 2647 4398 ira
2677 4337 2751 4397 ad
2775 4338 3045 4410 caedem,

1767 4464 1971 4525 neque
2005 4445 2341 4505 vehemens
2376 4464 2578 4524 neque
2611 4443 2914 4524 litigiosus
2936 4463 3044 4506 ne-

1768 4572 1892 4633 que
1928 4552 2264 4624 violentus;
2319 4571 2391 4611 ex
2424 4551 2519 4612 his
2551 4550 2845 4612 omnibus
2873 4550 3043 4612 enim

1766 4660 1983 4721 caedes
2026 4674 2382 4720 nascuntur.
2449 4679 2502 4739 3.
2538 4657 2650 4718 Fili
2685 4656 2790 4732 mi,
2826 4673 2903 4719 ne
2935 4656 3044 4717 fias

1768 4766 2235 4846 concupiscenS,
2295 4766 2463 4826 ducit
2526 4765 2692 4825 enim
2744 4765 3044 4844 concupi-

1767 4874 1991 4934 scentia
2010 4874 2086 4933 ad
2108 4872 2599 4949 fornicationem,
2619 4889 2825 4952 neque
2844 4871 3044 4933 verbis

430 4977 608 5056 πρὸς
640 4977 757 5059 τὴν
788 4978 1130 5058 πορνείαν,
1166 4976 1335 5060 μηδὲ
1358 4977 1709 5056 αἰσχρολό-
1770 4978 2057 5061 turpibus
2106 4980 2291 5039 utaris
2325 4998 2526 5059 neque
2561 4980 2820 5041 oculum
2852 4979 3044 5041 extol-

2699 5100 2759 5152 ¹*
