3684 5416
621 1564 671 1596 10

626 2096 672 2140 15

624 2631 678 2664 20

629 3164 681 3209 25

632 3699 685 3745 30

636 4232 686 4277 35

728 382 824 453 148
1365 380 1629 435 Potestas
1668 376 2044 434 ecclesiastica
2071 390 2128 433 et
2164 376 2469 449 imperium
2506 375 2684 431 civile.

3266 454 3314 461 ..-

719 584 829 646 est,
876 570 1000 651 ipsi
1041 571 1474 646 regnaverunt,
1518 570 1580 625 et
1620 584 1739 625 non
1786 585 1860 624 ex
1889 583 2006 637 me,
2023 564 2346 645 principes
2379 563 2764 634 exstiterunt,
2798 567 2860 622 et
2900 581 3023 621 non
3072 563 3323 642 cognovi

719 675 886 751 (Ose.
917 673 1071 750 VIII,
1103 673 1186 751 4).
1249 671 1324 733 Et
1353 670 1535 732 item:
1597 670 1737 750 Qui
1762 672 1937 749 facit
1965 690 2229 750 regnare
2260 667 2636 750 hypocritam
2653 674 2918 749 propter
2933 674 3196 749 peccata
3212 676 3316 749 po·

703 781 856 863 puli
884 777 1039 858 (Job.
1070 777 1351 856 XXXIV,
1390 776 1514 858 30).
1580 775 1776 853 Quod
1822 776 1941 837 tale
1972 791 2062 836 est
2091 775 2248 837 sicut
2279 791 2338 837 et
2370 793 2620 836 necesse
2652 789 2743 835 est
2775 788 2843 835 ut
2874 774 3125 835 veniant
3156 792 3322 834 scan-

719 889 872 967 dala,
904 908 1013 948 vae
1045 902 1253 949 autem
1286 883 1530 946 homini
1562 903 1670 965 per
1701 900 1894 964 quem
1913 881 2273 944 scandalum
2290 881 2489 943 venit:
2523 881 2670 962 quia
2692 901 2803 942 vae
2821 880 2905 942 illi
2924 895 3034 958 est,
3071 896 3141 942 ut
3160 879 3327 961 quod

720 995 1001 1057 fiendum
1045 1008 1153 1071 est,
1197 992 1381 1053 talem
1425 1009 1490 1052 se
1535 1009 1653 1052 suo
1699 990 1848 1051 vitio
1894 988 2100 1068 efficit,
2150 1004 2219 1050 ut
2262 988 2581 1071 perillum
2614 988 2787 1069 quod
2818 989 2896 1050 ad
2930 1007 3040 1049 vae
3073 987 3327 1069 pertinet

722 1117 1107 1183 exsequatur.
1170 1099 1365 1175 Quod
1410 1098 1487 1159 de
1525 1116 1720 1177 regno
1753 1096 1994 1171 dicitur,
2029 1096 2175 1177 quia
2209 1112 2376 1178 pater
2408 1115 2561 1158 suus
2593 1096 2649 1157 ei
2679 1095 2832 1157 illud
2864 1093 3113 1174 dimisit,
3147 1094 3326 1156 veteri

721 1210 869 1271 hinc
900 1207 1109 1291 potius
1141 1225 1245 1267 rex
1278 1206 1389 1268 iste
1422 1206 1607 1267 debet
1638 1204 1866 1283 divina,
1910 1219 1971 1266 et
2001 1203 2402 1265 verecundari
2436 1202 2713 1265 humana
2746 1201 2989 1281 judicia,
3035 1221 3225 1283 quam
3256 1202 3328 1263 de

721 1315 896 1397 regni
926 1314 1256 1396 adeptione
1289 1311 1444 1374 forte
1474 1311 1741 1391 gloriari,
1775 1312 1824 1372 si
1845 1326 2054 1372 tamen
2077 1310 2263 1392 patris
2282 1312 2485 1372 bonos
2506 1329 2731 1389 moreS,
2754 1324 2813 1371 et
2830 1325 3108 1372 sanctam
3126 1309 3327 1386 vitam,

723 1438 785 1486 et
827 1440 1102 1505 aequum
1132 1440 1202 1483 ac
1234 1419 1468 1500 justum
1500 1419 1779 1499 regimen
1810 1418 2081 1480 imitatus
2114 1436 2245 1480 non
2278 1416 2475 1494 fuerit,
2521 1418 2617 1479 vel
2648 1416 2720 1496 si,
2756 1417 2930 1498 quod
2963 1417 3139 1495 absit,
3172 1415 3334 1477 illius

724 1550 946 1613 pravos
977 1547 1203 1605 mores,
1251 1542 1356 1588 aut
1387 1524 1679 1603 injustam
1711 1525 1916 1602 vitam,
1966 1543 2156 1606 quam
2191 1525 2366 1586 illum
2403 1523 2693 1585 habuisse
2730 1543 2859 1584 non
2892 1523 3177 1602 dicimus,
3210 1523 3330 1583 sive

726 1637 1055 1716 indignum
1100 1633 1377 1714 regimen
1423 1632 1600 1713 sequi
1633 1632 1945 1711 delegerit.
2008 1631 2181 1707 Quid
2213 1631 2381 1693 enim
2413 1631 2575 1693 filios
2606 1630 2911 1693 Samuelis
2944 1630 3331 1692 necessitudo

725 1743 878 1823 juvit
910 1742 1195 1824 parentis,
1231 1739 1408 1818 cujus
1439 1738 1857 1802 non‘fuerunt
1890 1739 2128 1801 virtutis
2161 1739 2496 1802 haeredes?
2532 1736 2708 1814 Quid
2739 1737 2924 1799 etiam
2946 1736 3156 1819 Moysi
3185 1737 3329 1798 libe-

728 1852 809 1914 ris
856 1867 1101 1932 paterna
1147 1847 1376 1930 profuit
1420 1867 1565 1910 cura
1611 1846 1889 1926 justitiae,
1936 1845 2112 1925 cujus
2146 1865 2255 1908 eos
2288 1844 2549 1906 imitatio
2581 1864 2715 1907 non
2751 1844 3078 1907 successit?
3128 1845 3333 1926 ltaque

728 1977 932 2039 neque
966 1957 1040 2018 ad
1074 1955 1210 2017 illos
1242 1957 1425 2039 patris
1457 1972 1723 2039 potestas
1755 1956 1933 2038 quasi
1964 1977 2038 2018 ex
2070 1955 2462 2017 successione
2496 1955 2786 2032 defertur,
2819 1953 2929 2035 qui
2957 1955 3137 2016 illum
3157 1973 3332 2015 voca-

729 2066 878 2127 bulo
923 2080 1164 2125 tantum
1209 2065 1537 2145 signabant
1581 2079 1919 2146 parentem,
1967 2078 2026 2125 et
2070 2063 2147 2124 ad
2190 2081 2336 2124 eum
2370 2062 2653 2143 migravit
2685 2062 2793 2142 qui
2828 2061 2991 2124 illius
3024 2078 3149 2123 erat
3180 2061 3338 2122 filius

727 2173 949 2234 virtute
982 2189 1113 2234 non
1145 2190 1391 2253 genere,
1425 2171 1601 2253 quod
1633 2186 1693 2232 et
1725 2171 1837 2232 iste
1868 2170 2053 2231 debet
2083 2170 2317 2231 timere.
2380 2170 2430 2229 E
2465 2169 2723 2248 regione
2755 2187 2901 2229 vero
2935 2167 3087 2249 quid
3120 2167 3339 2229 Timo-

727 2282 875 2343 theo
908 2280 1192 2342 nocuisse
1224 2279 1490 2341 creditur
1521 2280 1695 2360 quod
1727 2277 1911 2341 fuerit
1942 2293 2107 2358 patre
2138 2276 2393 2357 gentili?
2425 2275 2752 2356 Siquidem
2784 2290 2844 2336 et
2874 2290 3120 2336 sanctus
3152 2277 3336 2335 Abra·

730 2389 873 2450 ham
920 2387 1184 2469 impium
1229 2386 1444 2449 habuit
1488 2403 1742 2468 patrem,
1791 2404 1999 2466 neque
2044 2401 2252 2447 tamen
2284 2385 2496 2445 haeres
2532 2382 2697 2444 illius
2729 2381 3059 2463 impietatis
3090 2380 3337 2441 effectus

729 2512 833 2556 est.
896 2496 970 2555 Et
1001 2493 1292 2555 Ezechias
1324 2491 1737 2574 profanissimi
1769 2491 1979 2554 Achaz
2011 2490 2174 2552 filius
2205 2489 2338 2569 fuit,
2373 2490 2479 2551 sed
2515 2488 2641 2551 Dei
2674 2488 2909 2550 amicus
2941 2508 3073 2549 esse
3097 2506 3335 2570 prome-

730 2601 869 2665 ruit.
931 2601 1103 2677 Quid
1149 2617 1357 2663 autem
1388 2620 1421 2661 e
1455 2600 1697 2662 diverso
1729 2599 1868 2660 Noe
1899 2598 2063 2660 filius
2097 2599 2173 2659 de
2208 2597 2394 2679 patris
2425 2597 2649 2658 virtute
2682 2597 2953 2658 lucratus
2985 2611 3094 2676 est,
3130 2595 3237 2676 qui
3267 2614 3336 2655 ex

731 2707 1006 2789 ingenuo
1051 2706 1244 2769 factus
1276 2722 1366 2769 est
1397 2711 1648 2769 servus?
1699 2706 1775 2767 Et
1805 2704 2036 2787 Joseph
2068 2704 2134 2766 in
2166 2703 2369 2766 media
2402 2703 2730 2785 quondam
2761 2703 3005 2765 servivit
3037 2707 3340 2784 Aegypto,

732 2816 839 2876 sed
883 2814 1219 2894 gloriosam
1250 2814 1364 2875 sibi
1396 2814 1592 2875 texuit
1621 2813 1907 2875 castitatis
1939 2830 2255 2874 coronam.
2323 2812 2397 2873 Et
2427 2827 2548 2872 tres
2581 2810 2755 2893 pueri
2789 2827 2848 2872 et
2880 2810 3102 2872 Daniel
3135 2810 3196 2871 in
3229 2811 3336 2871 Ba-

734 2922 963 3003 bylone
996 2921 1244 2982 fuerunt
1275 2920 1650 3002 principibus
1682 2919 1986 2982 celsiores.
2050 2919 2350 2982 Videmus
2383 2935 2541 2981 certe
2583 2938 2775 2999 quam
2808 2936 2940 2979 non
2973 2917 3236 2979 sufficiat
3265 2915 3338 2977 ad

735 3027 1097 3107 suffragium
1142 3027 1346 3089 liberis
1378 3042 1625 3108 paterna
1658 3026 1959 3088 nobilitas.
2021 3026 2182 3088 Vitia
2213 3025 2525 3107 siquidem
2560 3025 2841 3088 vicerunt
2874 3041 3127 3086 naturae
3161 3023 3343 3105 privi-

734 3135 911 3213 legia,
964 3151 1023 3195 et
1072 3149 1427 3216 peccantem
1479 3152 1610 3195 non
1656 3133 1850 3196 modo
1898 3134 1976 3195 de
2022 3133 2337 3195 nobilitate
2382 3133 2587 3215 patris,
2632 3151 2851 3193 verum
2896 3132 2973 3193 de
3006 3131 3134 3213 ipsa
3166 3131 3344 3192 etiam

735 3241 1006 3303 libertate
1056 3241 1446 3323 pepulerunt.
1509 3241 1671 3302 Esau
1719 3260 1975 3323 quoque
2022 3259 2232 3302 nonne
2278 3239 2468 3300 sancti
2512 3239 2674 3301 Isaac
2724 3254 2851 3300 erat
2881 3238 3066 3316 filius,
3119 3255 3347 3316 magno

737 3349 920 3410 etiam
970 3348 1154 3429 patris
1204 3347 1410 3411 favore
1454 3349 1776 3411 munitus?
1839 3347 1968 3424 Qui
2013 3347 2152 3409 licet
2198 3347 2469 3408 studeret
2515 3362 2703 3427 atque
2755 3360 3004 3427 cuperet
3036 3364 3258 3426 nempe
3290 3343 3343 3404 ei

736 3455 1229 3519 benedictionem
1274 3457 1525 3533 donare,
1571 3471 1819 3538 propter
1856 3456 2030 3536 quod
2062 3454 2248 3515 etiam
2279 3454 2379 3514 ille
2410 3453 2620 3514 omnia
2657 3453 2847 3534 patris
2881 3450 3043 3529 jussa
3076 3451 3343 3528 faciebat,

737 3566 843 3626 sed
890 3579 1094 3625 tamen
1140 3563 1284 3644 quia
1328 3563 1528 3644 pravis
1560 3563 1837 3624 moribus
1872 3577 2018 3641 erat,
2067 3561 2222 3623 nihil
2252 3581 2325 3622 ex
2358 3559 2455 3622 his
2487 3560 2790 3621 omnibus
2822 3577 3075 3640 prorsus
3106 3558 3349 3636 adjutus

739 3688 847 3751 est,
895 3673 1001 3734 sed
1051 3671 1215 3751 juxta
1261 3687 1512 3733 naturae
1557 3670 1847 3731 ordinem
1880 3669 2066 3750 prior,
2113 3684 2171 3730 et
2204 3669 2277 3730 de
2313 3668 2497 3748 patris
2532 3667 2850 3728 voluntate
2881 3666 3172 3743 securior,
3206 3664 3344 3746 quia

737 3795 944 3840 tamen
978 3780 1329 3860 displicebat
1360 3779 1516 3855 Deo,
1548 3778 1756 3839 omnia
1795 3797 1956 3857 quae
1990 3776 2112 3837 iam
2147 3792 2354 3837 tenere
2387 3774 2708 3836 videbatur
2740 3772 2955 3835 amisit.
3003 3772 3183 3848 Quae
3215 3790 3346 3833 om-

740 3886 836 3948 nis
869 3906 988 3964 rex,
1020 3887 1126 3947 sed
1160 3901 1220 3947 et
1250 3887 1361 3948 iste
1394 3885 1679 3955 attendat,
1715 3900 1773 3946 et
1803 3903 1934 3945 non
1969 3883 2179 3945 omnia
2219 3901 2381 3962 quae
2414 3882 2470 3942 ei
2489 3880 2682 3942 libent
2701 3881 2963 3941 libenter
2982 3879 3174 3953 faciat,
3209 3877 3349 3959 quia

741 4012 873 4055 non
919 3993 1128 4054 omnia
1174 4010 1333 4073 quae
1377 3992 1559 4053 licent
1604 3990 1957 4072 expediunt.
2022 3991 2097 4051 Et
2130 3988 2294 4066 juxta
2328 3989 2508 4069 quod
2541 3987 2850 4069 scriptum
2883 4001 2991 4062 est,
3022 3987 3350 4067 Magnetes

741 4101 1024 4162 humiliet
1051 4107 1237 4183 caput
1262 4120 1437 4160 suum
1470 4102 1536 4161 in
1568 4098 1795 4159 honore
1824 4096 2016 4178 Regis
2049 4117 2286 4177 regum,
2318 4098 2496 4157 cuius
2527 4102 2623 4156 est
2651 4113 2931 4175 regnum,
2963 4098 3026 4155 et
3043 4103 3163 4175 per
3179 4111 3350 4175 quem

742 4228 917 4289 reges
949 4214 1214 4288 regnant
1241 4205 1427 4283 (Eccl.
1458 4205 1569 4281 1v;
1606 4205 1780 4267 Prov.
1805 4204 1987 4283 vnn:
2022 4205 2130 4284 qui
2166 4203 2324 4279 dicit,
2359 4202 2759 4264 Honorantes
2795 4222 2888 4261 me
2908 4198 3349 4272 honorificabO,

743 4321 803 4374 et
829 4314 902 4375 hi
926 4316 1038 4395 qui
1064 4320 1458 4375 contemnunt
1483 4334 1576 4373 me
1608 4319 1791 4374 erunt
1818 4311 2123 4393 ignobiles
2156 4310 2219 4388 (I
2237 4310 2389 4391 Reg.
2412 4311 2475 4388 11,
2514 4310 2636 4390 30).
2674 4309 2749 4370 Et
2781 4306 3199 4368 sacerdotibus
3230 4303 3349 4365 suis

744 4421 918 4482 dicit:
956 4421 1095 4501 Qui
1119 4441 1223 4481 vos
1253 4423 1478 4503 recipit
1504 4442 1598 4482 me
1628 4421 1872 4503 recipit,
1905 4427 1967 4481 et
1994 4422 2107 4502 qui
2132 4440 2237 4480 vos
2254 4419 2433 4480 audit
2449 4439 2542 4478 me
2560 4417 2768 4490 audit,
2787 4422 2848 4476 et
2867 4417 3101 4495 quivos
3119 4412 3355 4495 spernit

744 4550 836 4589 me
885 4531 1123 4610 spernit
1163 4527 1324 4604 (Luc.
1356 4528 1439 4589 lx
1471 4534 1531 4588 et
1557 4528 1652 4603 X).
1716 4528 2099 4608 Exemplum
2153 4526 2422 4606 denique
2474 4524 2840 4605 Scripturae,
2895 4520 3029 4582 Cor
3074 4521 3242 4600 regis
3286 4519 3346 4577 in

745 4656 927 4696 manu
959 4634 1109 4710 Dei,
1141 4656 1495 4717 quocunque
1524 4635 1787 4696 voluerit
1817 4640 2012 4695 vertet
2039 4633 2206 4694 illud
2232 4632 2425 4708 (Prov.
2446 4629 2610 4709 XXI,
2657 4630 2706 4701 ι)
2742 4630 2818 4690 ad
2852 4626 3350 4689 confirmandum

746 4743 890 4824 quia
925 4762 1057 4805 non
1091 4742 1228 4803 facit
1259 4758 1317 4803 et
1348 4741 1545 4823 qualis
1578 4742 1642 4803 in
1676 4741 1979 4820 regimine
2015 4739 2249 4821 populi,
2299 4753 2457 4799 nutu
2491 4736 2707 4798 divino
2743 4735 2861 4811 fiat,
2899 4735 3075 4811 male,
3107 4735 3263 4795 sicut
3293 4745 3348 4792 et

746 4850 1027 4910 diabolus
1058 4851 1287 4910 abusus
1319 4863 1410 4909 est
1440 4849 1516 4909 ad
1550 4847 1948 4924 Salvatorem,
1981 4845 2243 4926 Angelis
2275 4847 2405 4906 suis
2438 4845 2760 4904 mandavit
2787 4844 2863 4904 de
2894 4849 2952 4904 te
2984 4839 3226 4919 (Matth.
3258 4838 3350 4914 IV,

749 4959 828 5035 6),
876 4957 1300 5039 interpretatus
1332 4971 1421 5017 est
1450 4955 1562 5016 iste
1595 4954 1756 5015 illius
1790 4953 2146 5036 discipulus,
2210 4953 2539 5015 Caeterum
2575 4972 2683 5012 cor
2714 4952 2883 5032 regis
2918 4952 2982 5010 in
3015 4969 3199 5009 manu
3232 4945 3358 5007 Dei
