3684 5416
307 1548 361 1581 to

305 2216 361 2259 ¹5

301 2679 363 2712 20

301 3213 360 3257 25

299 3747 365 3793 30

299 4284 358 4329 35

1051 378 1316 431 Potestas
1355 376 1740 432 ecclesiastica
1780 391 1836 433 et
1874 378 2178 450 imperium
2218 378 2394 435 civile.
2931 399 3021 467 ΗΞ

411 562 776 625 formando:
840 579 907 623 ut
953 562 1441 624 correctionibus
1487 562 1608 623 tuis
1643 563 1757 623 Dei
1805 562 2118 625 iracundia
2165 564 2451 644 mitigata,
2496 565 2816 645 religiosae
2851 583 3024 628 antea

409 672 633 733 civitati
668 691 798 733 non
832 671 1118 731 retribuat
1151 689 1308 751 quae
1342 670 1603 731 admissa
1637 688 1796 749 sunt,
1832 672 1940 732 sed
1973 673 2252 734 remittat.
2286 673 2607 734 Constitue
2640 689 2776 734 ante
2810 675 3025 735 oculos

409 780 614 842 cordis
645 778 756 856 tui,
791 777 1153 838 venerabilis
1185 777 1540 859 imperator,
1575 796 1796 838 omnes
1829 779 1937 858 qui
1974 798 2081 859 per
2111 794 2313 840 totum
2346 783 2561 841 orbem
2594 795 2739 840 sunt
2772 779 3027 841 Domini

409 887 774 962 sacerdotes,
822 904 936 966 pro
983 903 1051 944 ea
1097 883 1205 944 tibi
1253 883 1371 944 fide
1410 884 1473 944 in
1507 903 1629 964 qua
1664 884 1852 945 totius
1886 884 2106 945 mundi
2140 899 2229 946 est
2262 885 2629 967 redemptio,
2662 885 3027 967 supplicare.

409 992 477 1053 ln
511 1013 634 1072 qua
665 1007 724 1052 te
758 992 1083 1073 specialius
1115 991 1415 1067 ambiunt,
1460 991 1605 1071 quia
1637 992 2007 1072 apostolicae
2041 991 2181 1052 fidei
2215 1007 2541 1054 sectatores
2573 993 3025 1055 Alexandrinae

414 1099 714 1159 Ecclesiae
763 1098 1139 1179 praesedere,
1191 1112 1440 1176 agentes
1486 1097 1649 1178 apud
1701 1098 1982 1176 pietatem
2019 1113 2209 1173 tuam,
2243 1118 2320 1158 ne
2354 1099 2688 1160 haereticos
2719 1099 3026 1176 homines,

415 1222 475 1266 et
527 1206 746 1267 merito
798 1224 912 1286 pro
963 1225 1072 1266 sua
1120 1204 1503 1285 perversitate
1551 1205 1892 1281 damnatos,
1941 1205 2027 1265 uti
2093 1226 2204 1266 sua
2258 1205 2615 1286 pervasione
2676 1206 3025 1287 patiamini:

416 1332 562 1373 cum
609 1312 732 1372 sive
779 1311 1153 1393 impietatem
1187 1311 1409 1371 erroris
1442 1310 1714 1391 aspiciaS,
1763 1312 1891 1372 sive
1925 1332 2087 1394 opus
2120 1311 2445 1393 perpetrati
2478 1311 2703 1374 furoris
2735 1314 3027 1390 attendas,

416 1439 545 1481 non
590 1420 798 1482 solum
840 1420 914 1479 ad
948 1418 1269 1480 sacerdotii
1303 1419 1607 1479 honorem
1642 1417 1877 1480 admitti
1913 1436 2247 1500 nequeant,
2282 1420 2390 1483 sed
2423 1422 2497 1481 ab
2531 1420 2668 1502 ipso
2700 1420 3030 1482 christiano

417 1527 676 1588 nomine
723 1540 1077 1587 mereantur
1121 1525 1412 1586 abscindi.
1478 1526 1659 1601 Nam,
1710 1528 1884 1605 quod
1919 1543 2161 1587 exorata
2199 1528 2433 1608 pietatis
2464 1543 2696 1588 vestrae
2729 1528 2905 1588 venia
2938 1527 3032 1588 di-

417 1634 628 1704 xerim,
664 1634 939 1713 quodam
972 1634 1259 1714 contagio
1291 1633 1688 1714 splendorem
1709 1649 1942 1696 vestrae
1963 1635 2303 1697 serenitatis
2323 1635 2647 1713 offuscant,
2683 1654 2827 1697 cum
2847 1636 3029 1697 sacri-

418 1740 537 1819 legi
584 1741 914 1821 parricidae
958 1742 1020 1803 id
1066 1743 1335 1802 audeant
1385 1757 1587 1822 petere
1621 1742 1792 1822 quod
1827 1762 1942 1804 nec
1973 1742 2335 1804 innocentes
2367 1743 2541 1804 liceat
2573 1742 2865 1818 obtinere,
2896 1742 3031 1821 glo-

418 1846 751 1909 riosissime
784 1849 1133 1929 imperator.
1182 1846 1240 1927 [1.
1278 1866 1329 1909 c,
1365 1847 1476 1909 col.
1525 1847 1909 1930 1129—3o.]

1281 2057 1374 2113 sa.
1425 2057 1667 2113 FELIX
1704 2059 1771 2113 11
1810 2057 2174 2128 usa—492).

636 2200 664 2229 ⁶
703 2200 949 2268 Thiel,
989 2203 1257 2273 Epistulae
1282 2202 1660 2255 Romanorum
1686 2200 2010 2270 Pontificum
2036 2202 2331 2270 genuinae.
2371 2201 2773 2272 Brunsbergae
2810 2202 2957 2275 1867.
2998 2203 3034 2258 1.

422 2297 527 2350 247
553 2297 635 2351 sq.
688 2278 880 2334 Sirm
899 2297 935 2333 o
955 2298 990 2334 n
1010 2280 1110 2348 di,
1147 2281 1333 2352 Opera
1360 2282 1531 2336 varia.
1570 2279 1823 2334 Venetiis
1862 2278 2011 2351 1728.
2041 2279 2076 2333 1.
2103 2297 2227 2351 435.
2279 2280 2325 2334 L
2343 2296 2379 2333 o
2403 2279 2574 2335 enin
2592 2296 2654 2350 g,
2692 2282 3036 2337 Gescht'chte.

421 2358 573 2429 ¹·'9¹’
936 2429 1165 2502 Epist.
1205 2431 1344 2484 vm.
1385 2429 2048 2501 [JaffffWastenbad'
2086 2448 2139 2484 ²¹·
2176 2431 2280 2486 ⁶⁰¹
2325 2432 2521 2503 (3⁶⁵sp

644 2565 694 2623 5.
757 2545 916 2605 Puto
963 2560 1191 2617 autem,
1241 2544 1414 2624 quod
1462 2543 1653 2625 pietas
1686 2559 1809 2620 tua,
1854 2562 2012 2623 quae
2047 2543 2227 2604 etiam
2262 2545 2391 2604 suis
2426 2544 2658 2605 mavult
2690 2545 2851 2605 vinci
2885 2545 3035 2624 legi-

421 2653 539 2713 bus
573 2670 764 2732 quam
796 2651 994 2725 reniti,
1042 2652 1412 2712 coelestibus
1446 2652 1661 2712 debeat
1695 2669 1905 2732 parere
1940 2649 2229 2712 decretis:
2284 2667 2469 2733 atque
2503 2651 2583 2713 ita
2618 2652 3034 2716 humanarum

420 2758 535 2819 sibi
582 2778 789 2819 rerum
837 2759 1145 2838 fastigium
1193 2760 1432 2819 noverit
1484 2777 1612 2819 esse
1659 2757 2090 2835 commissum,
2139 2774 2207 2818 ut
2252 2774 2462 2819 tamen
2509 2778 2597 2836 ea,
2640 2779 2796 2839 quae
2831 2759 3037 2821 divina

420 2882 586 2944 sunt,
619 2886 729 2947 per
760 2866 1211 2949 dispensatores
1244 2865 1539 2925 divinitus
1572 2865 1896 2927 attributos
1930 2864 2323 2946 percipienda
2358 2885 2488 2926 non
2523 2866 2808 2945 ambigat.
2857 2867 3035 2935 Puto,

420 2975 594 3054 quod
649 2974 823 3035 vobis
872 2973 1005 3034 sine
1057 2972 1175 3033 ulla
1224 2972 1606 3033 dubitatione
1653 2972 1728 3032 sit
1776 2972 1944 3049 utile,
1991 2972 2041 3032 si
2074 2972 2409 3033 Ecclesiam
2456 2973 2819 3034 catholicam
2854 2974 3035 3036 vestri

420 3096 703 3161 tempore
751 3080 1131 3162 principatus
1177 3079 1387 3139 sinatis
1438 3078 1522 3139 uti
1568 3078 1811 3158 legibus
1859 3080 2007 3158 suiS,
2046 3099 2159 3140 nec
2191 3080 2450 3141 libertati
2484 3078 2618 3157 ejus
2650 3100 3034 3162 quemquam

423 3188 784 3269 permittatis
815 3188 1130 3263 obsistere,
1164 3205 1320 3267 quae
1354 3187 1526 3268 regni
1561 3187 1734 3247 vobis
1757 3185 2017 3246 restituit
2039 3203 2421 3267 potestatem.
2458 3188 2715 3249 Certum
2736 3204 2823 3248 est
2844 3189 3031 3267 enim,

422 3297 544 3358 hoc
578 3298 761 3356 rebus
792 3294 1003 3355 vestris
1035 3313 1165 3354 esse
1197 3293 1476 3371 salutare,
1510 3309 1580 3354 ut
1612 3312 1810 3374 quum
1845 3295 1919 3354 de
1955 3293 2151 3354 causis
2186 3294 2299 3354 Dei
2333 3294 2553 3374 agitur,
2577 3309 2636 3355 et
2656 3293 2822 3373 juxta
2844 3295 3035 3375 ipsius

420 3402 828 3464 constitutum
862 3401 1089 3479 regiam
1125 3400 1503 3461 voluntatem
1538 3399 1960 3462 sacerdotibus
1992 3399 2219 3461 Christi
2256 3400 2549 3461 studeatis
2580 3402 2868 3477 subdere,
2905 3421 3035 3462 non

420 3509 750 3590 praeferre,
794 3525 851 3569 et
894 3525 1275 3570 sacrosancta
1315 3529 1424 3590 per
1456 3528 1674 3570 eorum
1712 3508 2026 3590 praesules
2060 3508 2290 3569 discere
2326 3510 2535 3590 potius
2567 3529 2755 3589 quam
2790 3509 3032 3588 docere,

422 3615 730 3676 Ecclesiae
783 3615 1044 3676 formam
1098 3615 1296 3696 sequi,
1350 3635 1480 3676 non
1532 3615 1679 3676 huic
1725 3616 2087 3675 humanitus
2129 3616 2444 3695 sequenda
2496 3635 2627 3693 jura
2681 3614 3032 3696 praefigere,

422 3741 627 3802 neque
675 3720 809 3799 ejus
855 3722 1277 3783 sanctionibus
1327 3723 1478 3783 velle
1514 3721 1838 3797 dominari,
1877 3721 1976 3782 cui
2011 3721 2181 3782 Deus
2213 3721 2408 3782 voluit
2441 3722 2829 3782 clementiam
2863 3738 3032 3783 tuam

423 3829 559 3910 piae
609 3829 956 3891 devotionis
1000 3829 1156 3891 colla
1203 3831 1595 3890 submittere:
1652 3849 1727 3889 ne
1778 3830 1934 3889 dum
1980 3848 2269 3889 mensura
2303 3828 2582 3889 coelestis
2615 3828 3036 3909 dispositionis

423 3938 753 4013 exceditur,
807 3952 977 3997 eatur
1028 3938 1089 3998 in
1142 3937 1583 3998 contumeliam
1636 3936 2042 4018 disponentis.
2122 3936 2196 3996 Et
2243 3955 2314 3995 ex
2361 3937 2481 3997 hoc
2529 3935 2786 4015 quidem
2831 3936 2906 3996 de
2941 3934 3036 3996 his

423 4043 720 4104 omnibus
751 4044 1160 4105 concientiam
1197 4065 1398 4106 meam
1433 4062 1569 4105 ante
1603 4044 1872 4104 tribunal
1906 4043 2135 4105 Christi
2170 4062 2415 4104 causam
2453 4044 2727 4103 dicturus
2760 4043 3032 4104 absolvo.

425 4151 674 4212 Vestrae
724 4150 948 4211 mentis
994 4152 1265 4212 intererit
1312 4151 1508 4231 magis
1545 4170 1613 4211 ac
1647 4150 1842 4230 magis
1876 4149 2159 4230 cogitare,
2192 4167 2249 4211 et
2283 4150 2347 4210 in
2381 4169 2587 4210 rerum
2622 4149 3036 4229 praesentium

421 4272 583 4319 statu
630 4261 747 4319 sub
792 4257 997 4319 divina
1043 4277 1159 4318 nos
1206 4258 1654 4319 examinatione
1702 4258 2052 4333 subsistere,
2099 4277 2167 4317 ac
2202 4272 2341 4338 post
2375 4255 2561 4334 hujus
2594 4257 2750 4317 vitae
2785 4276 3035 4318 cursum

422 4364 505 4426 ad
554 4365 837 4426 divinum
883 4382 1338 4446 consequenter
1383 4380 1677 4427 venturos
1724 4386 1854 4428 esse
1902 4364 2217 4443 judicium.
2282 4364 2397 4439 [Et
2424 4363 2554 4424 alia
2587 4366 2819 4439 manu]
2883 4364 3035 4424 Data

423 4471 719 4534 Calendis
751 4472 1017 4552 Augusti
1051 4473 1360 4535 Venantio
1393 4493 1447 4535 v.
1484 4492 1532 4533 c.
1567 4473 1841 4534 consule.
1912 4470 1971 4552 [1.
2007 4492 2055 4535 c,
2091 4492 2223 4552 pag.
2264 4469 2427 4551 249.]

1234 4682 1326 4742 3⁰.
1376 4682 1745 4739 assmsms
1784 4683 1815 4737 1
1855 4680 2219 4751 (ωε-496).

642 4807 670 4836 ·
709 4807 960 4869 Thiel,
998 4810 1263 4882 Epistolae
1289 4811 1444 4864 Rom.
1473 4808 1623 4863 Pont.
1651 4808 1688 4862 1.
1733 4806 2029 4880 349—358.
2098 4805 2372 4875 Migne,
2412 4806 2565 4859 Patr.
2594 4806 2709 4858 Lat.
2750 4806 2923 4858 Tom.
2956 4822 3037 4875 59.

425 4906 483 4961 p.
509 4905 595 4956 4¹·
647 4888 699 4942 H
716 4886 786 4943 in
803 4906 829 4943 s
848 4906 877 4943 c
894 4888 1014 4944 hiu
1032 4908 1086 4958 s,
1122 4892 1443 4944 Decretales
1469 4889 2009 4943 Pseudmsidorianae
2044 4891 2102 4939 et
2126 4887 2377 4958 Capitula
2404 4887 2770 4955 Angilramni.
2814 4883 3035 4955 Lipsiae

436 4972 586 5043 1863.
626 4985 681 5040 p.
707 4971 830 5043 639.
879 4970 932 5024 T
951 4970 988 5024 h
1005 4988 1040 5025 o
1060 4988 1090 5025 e
1107 4987 1234 5024 nes
1251 5010 1266 5039 ‚
1304 4972 1389 5023 De
1412 4970 1640 5024 Gelasio
1664 4970 1697 5022 I
1715 4969 1880 5040 Papa.
1922 4967 2276 5022 Wiesbaden
2311 4968 2459 5039 1873.
2526 4967 2571 5021 R
2589 4983 2625 5021 o
2644 4984 2765 5035 ux,
2800 4969 2871 5019 Le
2897 4966 3038 5038 Pape

642 5078 937 5123 Galante:
981 5077 1150 5121 Fontes
1178 5077 1260 5129 jur.
1290 5090 1386 5120 can.
2686 5055 2718 5107 8
