3684 5416
588 900 612 945 5

567 1310 619 1343 to

571 1774 618 1817 ¹5

570 2325 625 2356 20

572 2859 624 2903 25

573 3394 627 3440 30

575 3927 626 3972 35

578 4606 634 4649 40

659 411 726 466 7²
1288 394 1552 449 Potestas
1591 394 1969 450 ecclesiastica
2011 408 2067 451 et
2104 394 2412 466 imperium
2452 392 2632 449 civile.

663 569 736 623 Id
756 585 785 624 e
805 586 859 621 m
878 609 893 637 ,
931 571 1027 623 Ein
1056 570 1298 625 Problem
1349 573 1450 625 der
1486 573 1999 642 Tacituserklc‘irung
2040 573 2548 639 (Commentationes
2573 572 2888 644 philologae
2911 573 2967 624 in
2991 570 3275 636 honorem,

662 651 1006 717 Mommseni)
1047 650 1236 705 Berlin
1272 650 1418 724 1877,
1447 669 1575 723 pag.
1600 670 1688 721 4¹·
1746 654 1818 705 W
1837 670 1869 708 e
1886 653 1900 707 i
1918 672 1946 708 z
1963 671 1990 707 s
2008 672 2038 708 a
2057 671 2088 709 e
2105 655 2140 709 k
2159 671 2188 710 e
2206 673 2263 725 r,
2310 656 2479 709 Ueber
2501 656 2587 708 dic
2610 657 2803 708 dlteste
2829 659 2966 707 ro‘m.
2994 652 3274 707 Christen-

658 731 945 800 gemeinde
989 732 1483 803 (Jahrbic’chcrfiir
1506 734 1761 787 deutsche
1796 735 2091 806 772eologie,
2137 736 2306 808 1876).
2357 736 2409 789 N
2428 753 2458 791 e
2476 754 2511 789 u
2530 752 2588 790 m
2605 752 2636 788 a
2653 753 2691 789 n
2708 751 2745 788 n
2763 773 2776 795 ‚
2812 737 2934 788 Der
2956 740 3098 788 rom.
3122 734 3282 787 Stant

665 814 766 863 etc.
793 809 831 863 1.
855 828 908 879 4.
959 812 1011 865 A
1026 828 1053 865 r
1068 828 1105 865 n
1122 812 1246 866 old
1261 853 1278 881 ,
1303 814 1409 867 Die
1433 813 1764 867 Neronisclze
1790 815 2394 888 Christenvetfolgung.
2435 814 2671 886 Leipzig
2707 814 2852 868 1888.
2904 814 2945 870 S
2965 830 2995 868 e
3013 831 3073 867 m
3089 812 3194 867 eri
3211 830 3242 866 a
3259 853 3274 877 ,

666 892 716 945 Il
736 894 922 964 primo
945 909 1157 963 sangae
1189 893 1477 947 Cris-tiano.
1517 893 1701 948 Roma
1734 894 1883 967 1897.
1924 896 1971 951 C
1989 896 2054 951 al
2071 896 2087 950 1
2104 914 2135 952 e
2152 915 2206 951 w
2222 914 2253 952 e
2270 916 2297 951 r
2313 911 2334 953 t
2350 938 2366 965 ,
2405 897 2462 951 in
2488 899 2664 951 Reouc
2702 897 2759 949 d'
2772 896 2896 949 hest.
2916 897 3104 949 eccles.
3126 892 3271 947 xxl.

665 989 967 1046 771—797.
1020 972 1183 1027 Alla
1203 991 1231 1026 r
1246 972 1282 1026 d
1301 1013 1317 1042 ,
1353 975 1425 1027 Le
1449 973 1847 1029 christiani-ime
1870 982 1928 1030 et
1956 980 1996 1031 l'
2011 981 2214 1051 empire
2240 981 2452 1033 romain
2478 978 2545 1030 de
2569 978 2750 1031 Neron
2787 976 3066 1030 steodose.
3117 972 3275 1028 Paris

677 1059 851 1124 19012.
916 1055 962 1107 B
980 1070 1013 1107 e
1030 1053 1194 1108 rtha
1213 1072 1249 1108 u
1267 1053 1303 1107 d
1321 1093 1334 1117 ,
1374 1055 1435 1106 L'
1451 1055 1690 1108 incendic
1726 1056 1794 1109 dc
1818 1059 1988 1111 Rome
2025 1063 2085 1113 et
2117 1062 2174 1113 la
2214 1061 2442 1129 critique
2481 1060 2932 1129 contemporaine.
2972 1054 3271 1109 Toulouse

677 1151 823 1207 1901.
851 1132 1486 1202 Abbatescianni,
1512 1137 2047 1208 lprimicrisftiam'c
2072 1140 2297 1193 Nerone.
2327 1138 2458 1194 Bari
2482 1155 2630 1209 1901.
2660 1134 3114 1208 Chiappelli‚
3145 1136 3277 1188 L’o-

667 1218 815 1270 dium
840 1216 1074 1270 humani
1085 1218 1309 1285 generis
1333 1217 1423 1269 dei
1441 1218 1695 1270 cristiani
1712 1237 1741 1271 e
1768 1219 2003 1273 Nerone.
2043 1220 2250 1291 Napoli
2285 1236 2442 1292 1901.
2492 1220 2540 1274 C
2559 1237 2594 1273 o
2613 1237 2644 1273 e
2661 1237 2697 1273 n
2713 1259 2729 1288 ,
2755 1218 2811 1273 in
2838 1220 3008 1273 Atcne
3033 1235 3062 1270 e
3084 1218 3276 1271 Roma.

670 1296 755 1350 111.
785 1314 837 1352 n.
867 1314 951 1369 23.
993 1296 1041 1351 C
1059 1312 1139 1351 os
1157 1309 1178 1351 t
1195 1315 1226 1349 a
1244 1314 1281 1350 11
1301 1295 1393 1357 zi.
1430 1295 1487 1352 in
1514 1298 1801 1353 Bollettino
1823 1300 1888 1352 di
1892 1303 2145 1371 filologia
2183 1304 2433 1355 classica.
2459 1300 2579 1354 V11.
2606 1316 2660 1353 n.
2687 1300 2736 1353 6.
2774 1297 2896 1351 lde
2915 1314 2970 1350 m
2988 1338 3004 1365 ,
3029 1296 3085 1350 in
3112 1297 3280 1350 Atcnc

669 1397 698 1430 c
722 1379 899 1431 Roma
943 1377 1033 1431 IV.
1063 1394 1116 1431 n.
1146 1395 1228 1450 27.
1300 1377 1350 1431 D
1369 1394 1400 1432 e
1441 1378 1488 1433 C
1506 1395 1579 1432 re
1596 1396 1621 1432 s
1639 1394 1669 1433 0
1687 1395 1717 1433 0
1734 1396 1772 1433 11
1788 1378 1851 1434 zi
1870 1397 1906 1434 0
1924 1422 1940 1449 ,
1982 1382 2194 1435 Nerone
2222 1383 2554 1436 incendiaria
2576 1401 2606 1435 e
2631 1383 2654 1434 i
2662 1381 2839 1452 primi
2858 1379 3123 1432 cristiani.
3161 1376 3274 1430 Na-

670 1456 790 1528 poli
825 1474 973 1528 1901.
1012 1457 1054 1512 F
1071 1474 1101 1512 e
1118 1474 1145 1510 r
1161 1474 1233 1511 ra
1252 1474 1325 1511 ra
1342 1497 1358 1525 ,
1382 1458 1701 1511 L'inccndio
1724 1460 1787 1512 di
1800 1461 1976 1514 Roma
2002 1480 2030 1514 e
2054 1464 2078 1515 i
2088 1464 2268 1533 primi
2286 1464 2549 1516 cristiani.
2577 1459 2803 1515 Torino
2839 1474 2986 1528 1901.
3014 1456 3230 1510 Pasca
3247 1455 3280 1517 1,

670 1540 840 1591 Atenc
863 1557 892 1590 c
918 1540 1108 1592 Roma.
1136 1537 1229 1590 lv.
1256 1554 1311 1592 11.
1340 1555 1423 1609 27.
1476 1537 1522 1591 R
1538 1555 1568 1591 a
1587 1555 1644 1591 m
1663 1556 1700 1593 o
1716 1537 1776 1593 ri
1795 1555 1887 1594 110
1905 1581 1922 1609 ,
1957 1544 2020 1595 Ι.’
2036 1542 2280 1596 incenh'o
2316 1545 2612 1595 neroniano
2647 1559 2677 1593 e
2713 1542 2769 1593 la
2787 1541 3169 1611 persecutione
3192 1539 3282 1591 dei

670 1620 932 1673 cristiani.
982 1615 1217 1672 Firenze
1267 1634 1412 1688 1901.
1464 1616 1503 1672 S
1523 1635 1555 1670 a
1573 1619 1608 1673 b
1628 1616 1848 1689 atini,
1886 1622 1918 1674 I
1925 1625 2102 1693 primi
2122 1624 2374 1675 cristiani
2391 1639 2419 1674 e
2443 1622 2669 1675 Nerone.
2695 1618 2882 1674 Roma
2919 1635 3067 1689 1901.

1633 1749 1987 1810 Annales
2034 1750 2166 1813 XV.
2212 1771 2318 1829 44.

887 1876 961 1936 Et
994 1875 1144 1935 11300
1177 1874 1434 1954 quidem
1454 1873 1747 1935 humanis
1779 1874 2053 1936 consiliis
2087 1874 2586 1956 providebantur.
2619 1875 2768 1935 Mox
2805 1873 2987 1954 petita
3019 1874 3113 1935 dis
3147 1873 3274 1954 pia-

660 1984 811 2075 ‘cula
857 1982 1127 2064 aditique
1160 1980 1433 2042 Sibullae
1467 1980 1622 2057 libri,
1669 2000 1740 2041 ex
1773 1981 2004 2061 quibus
2035 1982 2451 2061 supplicatum
2487 1980 2768 2042 Volcano
2799 1996 2859 2041 et
2889 1980 3100 2043 Cereri
3131 1980 3280 2041 Pro-

674 2090 1080 2172 serpinaeque
1111 2109 1180 2150 ac
1212 2087 1532 2169 propitiata
1565 2087 1731 2148 Juno
1765 2106 1873 2167 per
1906 2104 2236 2164 matronas,
2286 2088 2562 2169 primum
2596 2087 2658 2148 iu
2693 2087 3024 2167 Capitone,
3058 2086 3280 2149 deinde

672 2197 843 2278 apud
889 2196 1244 2278 proximum
1291 2213 1477 2271 mare,
1529 2196 1700 2255 unde
1749 2194 1969 2256 hausta
2019 2213 2179 2275 aqua
2226 2195 2534 2275 templum
2578 2211 2638 2255 et
2682 2195 3086 2256 simulacrum
3130 2192 3281 2254 deae

677 2322 1073 2386 perspersum
1120 2318 1242 2374 est;
1308 2317 1368 2362 et
1415 2301 1774 2362 sellisternia
1819 2322 1888 2363 30
1934 2300 2251 2382 pervigilia
2299 2302 2678 2362 celebravere
2731 2301 3011 2377 feminae,
3056 2299 3283 2382 quibus

675 2410 875 2473 mariti
921 2426 1109 2471 erant.
1170 2407 1293 2470 Sed
1340 2426 1472 2470 non
1505 2427 1624 2489 ope
1657 2408 1956 2487 humana,
2006 2428 2139 2470 non
2172 2409 2601 2486 largitionibus
2631 2408 2927 2489 principis
2957 2422 3065 2469 aut
3091 2409 3283 2468 deum

677 2516 1076 2600 placamentis
1120 2515 1452 2577 decedebat
1499 2512 1769 2591 infamia,
1816 2514 1973 2594 quin
2027 2515 2268 2576 iussum
2299 2514 2662 2576 incendium
2695 2514 3060 2575 crederetur.
3121 2512 3284 2593 Ergo

676 2623 991 2685 abolendo
1037 2621 1273 2683 rumori
1306 2621 1474 2681 Nero
1508 2620 1780 2682 subdidit
1810 2640 1951 2683 reos
1985 2639 2042 2683 et
2077 2622 2545 2704 quaesitissimis
2592 2621 2812 2703 poenis
2859 2620 3076 2698 affecit,
3123 2638 3283 2701 quos

678 2750 787 2813 per
839 2728 1063 2810 flagitia
1113 2728 1344 2789 invisos
1386 2728 1614 2808 vulgus
1665 2727 2048 2792 Christianos
2101 2729 2461 2812 appellabat.
2537 2736 2776 2792 Auctor
2828 2729 3102 2791 nominis
3149 2728 3286 2789 eius

677 2838 965 2900 Christus
994 2835 1251 2896 Tiberio
1283 2834 1671 2915 imperitante
1710 2855 1821 2917 per
1853 2852 2319 2918 procuratorem
2352 2835 2646 2898 Pontium
2681 2836 2948 2898 Pilatum
2977 2834 3285 2917 supplicio

679 2944 931 3006 affectus
976 2957 1134 3017 erat;
1200 2959 1598 3022 repressaque
1642 2942 1707 3003 in
1741 2962 2027 3023 praesens
2061 2942 2377 3005 exitiabilis
2409 2943 2760 3025 superstitio
2796 2959 3042 3005 rursum
3077 2959 3284 3003 erum-

680 3054 877 3134 pebat,
926 3068 1057 3111 non
1089 3048 1282 3110 modo
1313 3067 1424 3129 per
1452 3049 1769 3129 Judaeam,
1822 3051 2128 3131 originem
2162 3050 2295 3112 eius
2327 3050 2494 3127 mali,
2545 3052 2653 3111 sed
2687 3070 2797 3132 per
2828 3053 3050 3112 urbem
3079 3049 3283 3122 etiam,

679 3179 809 3241 quo
851 3170 1073 3218 cuncta
1118 3155 1399 3236 undique
1444 3158 1667 3219 atrocia
1699 3175 1806 3219 aut
1835 3159 2126 3240 pudenda
2158 3158 2491 3220 confluunt
2523 3159 3050 3239 celebranturque.
3100 3157 3291 3237 Igitur

679 3265 953 3348 primum
1004 3264 1265 3346 correpti
1315 3265 1423 3345 qui
1476 3264 1840 3344 fatebantur,
1893 3266 2118 3328 deinde
2168 3265 2401 3326 indicio
2451 3283 2670 3326 eorum
2702 3263 3040 3327 multitudo
3073 3263 3290 3343 ingens

680 3370 847 3431 haud
883 3368 1135 3450 perinde
1169 3368 1232 3431 in
1266 3369 1521 3433 crimine
1555 3371 1846 3446 incendii,
1882 3391 2072 3452 quam
2106 3372 2254 3434 odio
2288 3371 2548 3433 humani
2581 3371 2823 3450 generis
2839 3369 3106 3432 convicti
3121 3384 3289 3430 sunt.

680 3478 753 3539 Et
805 3475 1206 3558 pereuntibus
1255 3478 1460 3539 addita
1513 3478 1798 3556 ludibria,
1855 3494 1922 3539 ut
1969 3478 2236 3539 ferarum
2282 3479 2468 3558 tergis
2501 3478 2761 3540 contecti
2795 3477 3026 3539 laniatu
3060 3495 3291 3538 canum

682 3584 1017 3658 interirent,
1049 3584 1228 3644 multi
1261 3585 1544 3646 crucibus
1576 3585 1759 3646 adfixi
1792 3602 1898 3647 aut
1931 3585 2179 3646 flamma
2213 3587 2352 3662 usti,
2387 3586 2633 3666 aliique,
2671 3584 2776 3646 ubi
2798 3583 3118 3646 defecisset
3137 3583 3290 3658 dies,

682 3691 746 3751 in
782 3709 967 3752 usum
998 3690 1287 3752 nocturni
1321 3691 1575 3752 luminis
1608 3707 1950 3753 urerentur.
1983 3692 2217 3754 Hortos
2250 3712 2400 3753 suos
2433 3692 2487 3753 ei
2520 3691 2872 3773 spectaculo
2903 3691 3074 3753 Nero
3106 3691 3291 3750 obtu-

683 3799 832 3858 lerat
877 3813 935 3857 et
979 3796 1248 3857 circense
1298 3798 1610 3860 ludicrum
1643 3799 1879 3877 edebat,
1927 3798 2138 3860 habitu
2173 3799 2421 3878 aurigae
2456 3798 2794 3881 permixtus
2829 3797 2989 3878 plebi
3023 3796 3119 3857 vel
3151 3814 3291 3857 cur-

685 3902 882 3964 riculo
936 3901 1238 3964 insistens,
1302 3904 1489 3968 Unde
1539 3925 1926 3988 quamquam
1976 3907 2267 3968 adversus
2313 3921 2522 3967 sontes
2556 3921 2613 3966 et
2647 3905 2981 3967 novissima
3015 3901 3293 3982 exempla

684 4010 938 4071 meritos
969 4009 1277 4071 miseratio
1311 4012 1639 4093 oriebatur,
1672 4030 1993 4095 tamquam
2025 4032 2156 4075 non
2192 4012 2446 4075 utilitate
2479 4012 2722 4093 publica
2754 4011 2862 4072 sed
2895 4010 2960 4071 in
2980 4008 3291 4071 saevitiam

685 4116 869 4178 unius
902 4116 1388 4185 desumerentur.
1449 4121 1506 4201 [1.
1542 4143 1594 4184 c.
1630 4122 1672 4183 1.
1713 4119 1877 4202 30¹·]

1185 4356 1272 4412 16.
1330 4355 1394 4411 C.
1435 4350 1739 4408 PLINIUS
1777 4350 1874 4405 ET
1910 4347 2296 4403 TRAIANUS
2335 4345 2809 4402 IMPERATOR.

901 4494 929 4523 ‘
969 4491 1263 4548 Plinius
1315 4488 1476 4561 jun,
1527 4487 1618 4542 ed.
1662 4483 1847 4540 Keil.
1903 4482 2137 4555 Leipzig
2187 4481 2334 4554 1870.
2389 4498 2523 4553 pag.
2566 4497 2688 4554 307.
2760 4480 3146 4546 Maassen‚
3194 4475 3301 4528 Die

688 4578 922 4634 Gric'nde
957 4577 1053 4629 des
1079 4573 1346 4645 Kampses
1382 4568 1639 4642 {wischen
1658 4569 1712 4621 d.
1739 4567 1915 4620 heidn.
1943 4571 2084 4620 ro‘m.
2108 4567 2271 4618 Staat
2303 4582 2354 4616 u.
2380 4564 2433 4616 d.
2461 4561 2889 4617 Christenthum.
2930 4557 3100 4612 Wien
3151 4553 3298 4609 1882.

684 4660 744 4714 M
764 4676 800 4713 0
820 4676 877 4712 m
895 4675 952 4711 m
968 4673 995 4710 s
1013 4673 1043 4710 e
1060 4672 1096 4709 n
1113 4696 1128 4724 ,
1178 4657 1299 4709 Das
1323 4650 1778 4721 Religionsfrevel
1814 4645 1954 4700 nach
1983 4643 2306 4700 ro‘mischem
2333 4642 2534 4697 Rechte
2571 4640 2653 4711 (in
2677 4641 2818 4695 Hist.
2845 4637 3106 4694 Zettscltr.
3142 4634 3299 4708 1890,

690 4739 792 4814 388
832 4738 989 4810 seq.).
1063 4737 1109 4789 L
1128 4752 1158 4789 e
1210 4734 1338 4788 Bla
1358 4745 1465 4800 nt,
1515 4732 1615 4784 Les
1657 4729 2033 4801 persecutions
2070 4730 2126 4779 ct
2158 4728 2236 4779 les
2270 4726 2524 4794 Martyrs
2560 4740 2672 4776 aux
2702 4728 2974 4794 premier-s
3012 4722 3199 4774 siecles
3234 4718 3304 4770 de

688 4823 843 4874 notre
867 4821 973 4871 ere.
1001 4814 1159 4868 Paris
1196 4812 1340 4885 1893.
1394 4810 1444 4865 G
1464 4806 1704 4877 ue'rin,
1741 4806 1797 4861 in
1823 4807 1988 4861 Nouv.
2018 4806 2193 4859 Revue
2216 4803 2343 4857 hist.
2376 4801 2526 4873 1895,
2551 4803 2675 4871 601,
2699 4819 2803 4875 713
2832 4817 2953 4872 seq.
2990 4798 3030 4855 S
3049 4798 3302 4860 chanz,

686 4897 1015 4954 Gcscln‘chte
1053 4896 1153 4949 der
1193 4900 1331 4948 ro'm.
1370 4893 1663 4945 Literatur.
1714 4886 2007 4943 Munchen
2052 4883 2229 4956 18992.
2273 4883 2335 4936 11.
2377 4900 2428 4937 2.
2466 4897 2596 4953 pag.
2626 4899 2745 4955 275.
2813 4880 3127 4947 Conrat‚
3168 4894 3224 4933 o.
3252 4892 3302 4931 c.
