3684 5416
1583 352 1987 436 dardintaaofft
2254 430 2279 433 ,
2382 429 2443 433 ᾖ
2980 367 3081 423 3⁵9

461 538 572 600 καὶ
607 539 882 618 χάριτος
917 536 1106 599 Θεοῦ
1140 536 1257 598 διὰ
1276 537 1581 614 Χριστοῦ
1616 538 1741 597 ἐπι·
1799 538 1934 598 laus
1968 554 2027 599 et
2057 560 2090 598 a
2123 537 2314 617 gratia
2349 535 2462 596 Dei
2497 536 2723 616 pendet
2756 554 2863 616 per
2896 534 3079 595 Chri-

462 644 766 726 φοιτήσει
815 646 936 706 τοῦ
983 643 1183 723 ἁγίου
1225 642 1644 725 Πνεύματος·
1701 643 1740 703 ὁ
1804 660 1988 717 stum,
2065 644 2127 704 in
2201 645 2471 704 adventu
2548 642 2741 703 sancti
2820 640 3081 722 Spiritus

461 751 599 831 γὰρ
659 750 894 835 λαβὼν
953 752 1249 831 χάρισμα
1318 752 1613 831 ἰαμάτων
1655 747 1736 811 δι’
1801 752 1933 828 Qui
1978 752 2142 813 enim
2193 753 2433 812 donum
2471 750 2700 831 accepit
2732 749 3083 826 sanitatum,

465 856 969 939 ἀποκαλύψεως
988 857 1120 919 ὑπο
1142 854 1331 920 Θεοῦ
1353 856 1742 919 ἀναδείκνυ·
1802 878 1911 941 per
1961 859 2400 921 revelationem
2450 879 2484 918 a
2538 857 2672 917 Deo
2724 856 3083 932 declaratur,

387 994 406 1035 5
464 984 587 1035 ται,
649 967 962 1045 φανερᾶς
1012 962 1231 1042 οὔσης
1281 965 1444 1026 πᾶσι
1498 965 1618 1043 τῆς
1671 965 1744 1025 ἐν
1802 966 2038 1028 cunctis
2071 985 2270 1046 quum
2306 965 2626 1026 manifesta
2661 965 2737 1024 sit
2755 962 2942 1042 gratia
2968 962 3083 1044 ipsi

466 1070 646 1151 αὐτῷ
680 1072 974 1149 χάριτος.
1013 1070 1178 1133 Ἐὰν
1209 1069 1290 1132 δὲ
1317 1069 1509 1150 χρεία
1531 1072 1745 1131 αὐτου
1801 1074 2125 1155 impertita.
2194 1072 2253 1134 Si
2308 1086 2521 1145 autem
2566 1091 2726 1152 opus
2772 1089 2848 1131 eo
2883 1069 3081 1147 fuerit,

465 1179 734 1256 γένηται
769 1179 868 1255 εἰς
898 1176 1272 1240 ἐπίσκοπον
1305 1177 1344 1256 ἢ
1378 1175 1743 1261 πρεσβύτε-
1804 1181 1869 1242 in
1922 1180 2288 1262 episcopum
2337 1180 2429 1239 vel
2466 1182 2921 1260 presbyterum
2986 1176 3079 1238 vel

466 1303 592 1360 pov
624 1284 664 1362 ἢ
697 1283 1041 1364 διάκονον,
1073 1288 1570 1363 χειροτονεῖται.
1806 1287 2139 1349 diaconum
2193 1286 2531 1348 ordinatur.
2602 1284 2659 1365 [l.
2695 1305 2744 1346 c.
2789 1304 2925 1365 pag.
2959 1277 3084 1365 δα]

1375 1549 1501 1605 131.
1553 1549 1696 1605 Lao
1737 1552 1790 1605 1.
1829 1549 2008 1618 (440-
2034 1548 2192 1618 461).

370 1737 414 1767 ιο
471 1711 617 1764 Leo
661 1710 856 1780 Papa
897 1712 983 1765 ad
1026 1710 1461 1782 Episcopus
1499 1710 1947 1774 African03‚
1988 1727 2089 1781 ep.
2116 1709 2183 1781 85
2228 1727 2276 1764 c.
2325 1728 2367 1763 1.
2406 1733 2474 1754 =
2513 1727 2559 1763 c.
2592 1726 2636 1781 3.
2680 1710 2749 1763 D.
2789 1706 3087 1762 LXXVIII.

683 1835 711 1863 ⁴⁸
752 1834 911 1906 Corp.
951 1838 1056 1889 iur.
1096 1852 1215 1889 can.
1256 1836 1342 1891 ed.
1387 1833 1818 1905 Friedberg.
1859 1834 2108 1888 Tom.1.
2151 1834 2258 1889 col.
2300 1850 2421 1904 275.
2489 1830 2692 1887 Jaffeff
2725 1832 3065 1885 -Watten

473 1916 687 1977 bach,
728 1932 780 1969 n.
818 1913 1140 1983 4104188).

602 2039 734 2094 Non
763 2052 848 2094 est
874 2038 1227 2095 ordinandus
1255 2041 1546 2105 sacerdos,
1574 2040 1678 2095 nisi
1707 2040 1888 2111 longo
1917 2042 2193 2111 probatus
2222 2039 2497 2094 examine.
2541 2042 2724 2102 (Decr.
2757 2040 2945 2101 Grai.)

683 2151 852 2227 Quid
906 2167 1025 2213 est:
1078 2172 1307 2213 munus
1359 2153 1477 2215 cito
1530 2153 1848 2235 inponere,
1902 2154 2018 2214 nisi
2066 2169 2204 2214 ante
2251 2168 2468 2213 etatem
2523 2149 2904 2226 maturitatiS,
2949 2165 3088 2209 ante

373 2289 414 2331 ιε
472 2275 718 2339 tempus
765 2259 1076 2337 examinis,
1123 2276 1262 2321 ante
1311 2262 1598 2323 meritum
1645 2261 2051 2335 obedientiae,
2097 2276 2234 2322 ante
2269 2258 2702 2341 experientiam
2737 2255 3090 2336 disciplinae

476 2366 908 2427 sacerdotalem
965 2367 1268 2427 honorem
1324 2367 1586 2428 tribuere
1634 2387 1761 2428 non
1813 2367 2123 2448 probatis?
2173 2367 2248 2427 Et
2280 2366 2433 2447 quid
2466 2382 2583 2425 est:
2632 2362 3094 2424 communicare

475 2472 729 2553 peccatis
776 2473 1007 2549 alienis,
1068 2473 1184 2534 nisi
1217 2475 1403 2535 talem
1435 2473 1592 2535 effici
1616 2474 2028 2550 ordinantem,
2062 2474 2260 2554 qualis
2292 2474 2392 2533 ille
2425 2488 2530 2542 est,
2565 2471 2672 2551 qui
2708 2489 2836 2530 non
2871 2467 3094 2528 meruit

476 2579 783 2641 ordinari?
836 2578 906 2659 [a.
944 2584 1071 2660 446
1091 2580 1134 2660 ?]

1260 2772 1387 2827 132.
1441 2771 1813 2827 GELASIUS
1856 2774 1906 2827 1.
1947 2771 2312 2842 (wa—496).

371 2946 424 2977 20
552 2912 899 2969 Gelasius
947 2916 1253 2987 Papa-ad
1303 2918 1734 2990 Episcopos
1781 2934 1911 2989 per
1955 2915 2401 2979 Lucaniam,
2444 2912 2672 2984 Epist.
2714 2913 2751 2965 1.
2795 2929 2840 2965 c.
2883 2929 3027 2983 3.=

1460 3020 1508 3060 c.
1548 3002 1597 3056 8.
1638 3018 1689 3072 9.
1731 3001 1797 3054 D.
1839 2997 2119 3052 Lxxvn.

691 3138 719 3166 ⁶
787 3137 947 3208 Corp.
987 3136 1092 3191 ίαν.
1132 3148 1252 3185 can.
1293 3129 1382 3183 ed.
1424 3126 1857 3194 Friedberg.
1899 3123 2072 3177 Tom.
2102 3122 2138 3175 1.
2179 3120 2286 3176 col.
2321 3138 2439 3193 ²74·
2504 3117 3096 3173 jaffe-watten-

482 3219 681 3274 bach.
723 3234 776 3270 n.
806 3215 912 3287 636
948 3217 1126 3286 (371).
1179 3208 1431 3272 Thiel‚
1485 3209 1644 3280 Epist.
1677 3208 1907 3261 Roman.
1946 3203 2146 3273 Pontaef.
2187 3202 2362 3256 Tom.
2390 3202 2427 3255 l.
2468 3217 2521 3270 p.
2553 3201 2668 3270 360.

1494 3354 1560 3422 [c.
1603 3350 1651 3403 8.
1693 3350 1760 3402 Ι).
1804 3346 2099 3409 Lxxvlm

375 3515 424 3557 25
533 3487 641 3540 Per
667 3502 779 3556 que
807 3482 1100 3538 interualla
1129 3493 1459 3550 temporum
1491 3475 1788 3530 ordinetur
1816 3471 1915 3543 qui
1942 3472 2012 3524 de
2042 3468 2341 3523 monachis
2369 3467 2425 3521 in
2453 3465 2781 3520 clenicatum
2811 3463 3050 3533 eligitur.

1591 3568 1777 3630 (Decr.
1816 3565 2007 3626 Grai.)

696 3682 760 3742 Si
807 3680 945 3761 quis
992 3680 1067 3739 de
1110 3676 1395 3756 religioso
1430 3671 1753 3754 proposito
1788 3684 1847 3728 et
1882 3664 2222 3746 disciplinis
2258 3660 2791 3722 monasterialibus
2826 3657 3101 3718 eruditus

485 3791 560 3851 ad
595 3787 868 3849 clericale
902 3806 1134 3847 munus
1167 3782 1416 3859 accedit,
1449 3778 1731 3860 inprimis
1765 3776 1898 3836 eius
1934 3773 2057 3835 uita
2092 3789 2218 3831 acta
2254 3769 2619 3848 inquiratur,
2635 3766 2684 3825 si
2720 3765 2893 3826 nullo
2926 3763 3100 3844 graui

487 3894 751 3955 facinore
785 3895 1077 3973 probatur
1109 3888 1402 3956 infectus;
1454 3885 1503 3946 si
1536 3883 1875 3944 secundam
1910 3880 2159 3939 fortasse
2196 3894 2326 3936 non
2363 3871 2642 3933 habuerit
2679 3888 2954 3938 uxorem,
2991 3888 3101 3928 nec

381 4031 433 4074 30
487 4025 518 4063 a
554 4001 774 4062 marito
808 4000 1092 4060 reiectam
1125 3994 1373 4056 sortitus
1406 3991 1770 4053 ostenditur.

1499 4168 1568 4235 [e.
1609 4184 1657 4237 9.
1701 4165 1765 4220 D.
1807 4162 2105 4230 Lxxv11.]

706 4303 1051 4365 Monachus
1099 4319 1250 4361 uero
1296 4297 1574 4360 nouitius
1621 4313 1869 4356 morum
1907 4293 2221 4353 honestate
2258 4287 2523 4362 fulcitus,
2558 4285 2858 4347 continuo
2892 4285 3100 4356 lector,

492 4415 589 4475 uel
638 4411 934 4488 notarim,
984 4423 1088 4469 aut
1136 4423 1295 4467 certe
1343 4405 1632 4465 defensor
1665 4401 1941 4475 effectuS,
1979 4413 2117 4479 post
2149 4412 2270 4457 tres
2304 4414 2548 4455 menses
2581 4394 2793 4454 existat
2825 4391 3101 4465 acolitus,

490 4520 753 4582 maxime
800 4517 849 4577 si
898 4516 1040 4577 huic
1087 4515 1272 4576 etiam
1316 4528 1478 4573 aetas
1525 4510 1928 4590 suffragatur3
1983 4521 2156 4567 sexto
2202 4522 2413 4564 mense
2459 4500 2821 4562 subdiaconi
2874 4517 3105 4558 nomen

383 4653 432 4696 35
488 4626 762 4707 accipiat,
792 4644 861 4684 ac
893 4625 941 4684 si
978 4625 1292 4683 modestae
1326 4616 1816 4680 conuersationis
1840 4616 2301 4692 honestaequae
2326 4609 2661 4672 uoluntatis
2683 4606 2908 4679 existat,
2932 4590 3105 4664 nono

488 4753 701 4795 mense
748 4733 1052 4793 diaconus
1099 4728 1536 4810 completoque
1583 4744 1751 4785 anno
1798 4723 1872 4783 sit
1911 4723 2254 4804 presbyter;
2306 4718 2404 4779 cui
2440 4733 2666 4792 tamen,
2699 4713 2872 4794 quod
2906 4730 3104 4771 anno-

491 4860 632 4902 rum
680 4840 922 4901 fuerant
967 4836 1291 4899 intersticia
1339 4833 1655 4908 collatura,
1701 4830 1892 4892 sancti
1928 4827 2223 4910 propositi
2272 4843 2490 4907 sponte
2525 4838 2803 4901 suscepta
2852 4821 3109 4879 docetur

493 4947 859 5029 praestitisse
905 4945 1178 5006 deuoti0.
1243 4952 1272 5012 S
1318 4965 1365 5003 1.
1420 4940 1481 5001 Si
1533 4958 1684 5000 uero
1730 4937 1920 5026 laicus
1968 4934 2273 5015 quispiam
2320 4928 2735 4993 ecclesiasticis
2774 4943 2861 4988 est
2894 4945 3107 5005 aggre-
