3684 5416
574 1565 625 1597 to

578 2100 625 2145 ¹5

577 3170 627 3214 ²5

580 4238 630 4285 35

578 4772 636 4813 4ο

675 401 793 441 200
1313 386 1580 442 Potestas
1618 386 1999 444 ecclesiastica
2037 401 2095 444 et
2127 387 2434 460 imperium
2469 388 2645 444 civile.

676 586 831 647 rant,
867 570 974 631 ubi
1007 569 1161 631 nihil
1192 568 1604 650 intelligentes
1635 571 1767 652 ipsi,
1809 572 1965 633 nihil
1997 571 2460 653 intelligunmr;
2510 588 2570 635 et
2600 573 2688 635 sic
2723 589 3061 655 provocant
3092 592 3273 655 quos-

676 678 822 740 dam
853 677 932 738 ad
962 677 1138 755 iram,
1172 679 1480 757 quosdam
1511 679 1589 740 ad
1622 678 2154 759 dedignationem,
2188 680 2533 743 nonnullos
2563 681 2642 741 ad
2673 680 2885 742 risum.

888 785 1078 864 lgitur
1127 799 1340 846 contra
1387 783 1721 864 veritatem,
1772 804 1933 865 quae
1982 784 2280 865 queritur,
2328 785 2479 846 tria
2530 785 2572 846 h
2591 786 2946 848 ominum
2989 806 3274 867 genera

675 893 941 955 maxime
972 892 1398 955 colluctantur.

890 998 1258 1062 Summus
1292 1020 1563 1081 namque
1596 1000 1990 1078 Pontifex,
2025 1001 2281 1063 Domini
2321 1002 2516 1064 nostri
2546 1003 2688 1064 Jesu
2723 1002 2952 1065 Christi
2985 1002 3275 1076 vicarius,

675 1124 736 1170 et
767 1107 927 1170 Petri
960 1126 1297 1185 successor,
1329 1108 1429 1170 cui
1463 1126 1594 1169 non
1626 1107 1937 1189 quidquid
1971 1108 2242 1187 Christo,
2275 1110 2383 1171 sed
2415 1109 2722 1191 quidquid
2755 1109 2935 1171 Petro
2966 1108 3274 1172 debemus.

675 1214 811 1276 zelo
846 1213 1099 1277 fortasse
1131 1214 1417 1292 clavium,
1471 1234 1585 1275 nec
1620 1233 1749 1276 non
1783 1213 1884 1277 alii
1914 1233 2177 1295 gregum
2210 1215 2703 1277 Christianorum
2738 1230 3028 1297 pastores,
3073 1229 3134 1276 et
3163 1215 3274 1288 alii,

676 1342 857 1402 quos,
890 1323 1096 1397 credo,
1129 1320 1263 1382 zelo
1294 1321 1432 1382 solo
1454 1321 1661 1383 matris
1693 1320 1999 1383 Ecclesiae
2019 1321 2391 1403 promoveri,
2425 1320 2678 1398 veritati,
2714 1340 2905 1402 quam
2924 1338 3279 1384 ostensurus

676 1449 841 1506 sum,
877 1429 954 1490 de
984 1427 1119 1490 zelo
1152 1427 1360 1490 forsan
1394 1427 1483 1506 (ut
1514 1427 1675 1506 dixi),
1708 1448 1838 1490 non
1871 1428 1948 1490 de
1980 1428 2286 1509 superbia,
2322 1428 2768 1491 contradicunt.

893 1534 1172 1610 Quidam
1202 1555 1350 1597 vero
1383 1534 1501 1613 alii,
1533 1554 1805 1616 quorum
1839 1535 2142 1597 obstinata
2164 1535 2465 1617 cupiditas
2495 1535 2713 1598 lumen
2745 1535 2997 1597 rationis
3017 1533 3279 1611 extinxit,

678 1658 756 1719 et,
790 1643 942 1703 dum
976 1662 1049 1702 ex
1082 1659 1248 1724 patre
1280 1641 1530 1703 diabolo
1561 1658 1722 1717 sunt,
1754 1641 2061 1704 Ecclesiae
2091 1661 2156 1703 se
2189 1642 2349 1703 filios
2380 1662 2513 1704 esse
2542 1642 2780 1720 dicunt,
2817 1661 2947 1704 non
2978 1642 3185 1703 solum
3217 1640 3279 1701 in

679 1749 793 1810 hac
825 1748 1185 1829 quaestione
1215 1749 1481 1829 litigium
1512 1763 1786 1826 movent,
1820 1749 1930 1812 sed
1952 1749 2339 1811 sacratissimi
2362 1748 2750 1832 Principatus
2769 1748 3144 1811 vocabulum
3177 1750 3280 1808 ab·

680 1857 1020 1933 horrentes,
1052 1855 1444 1937 superiorum
1467 1854 1906 1935 quaestionum
1937 1872 1998 1917 et
2017 1854 2206 1935 hujus
2237 1856 2538 1939 principia
2557 1856 2954 1937 impudenter
2975 1870 3282 1937 negarent.

892 1961 1052 2024 Sunt
1083 1962 1265 2025 etiam
1294 1962 1540 2039 tertii,
1571 1981 1735 2043 quos
1768 1963 2348 2025 Decretalistas
2379 1979 2620 2040 vocant,
2656 1961 2765 2044 qui
2794 1961 3181 2041 Theologiae
3212 1980 3282 2022 ac

682 2068 1115 2152 Philosophiae
1161 2067 1484 2147 cujuslibet
1529 2068 1699 2130 inscii
1730 2084 1790 2131 et
1830 2084 2128 2151 expertes,
2177 2070 2304 2131 suis
2336 2070 2758 2132 Decretalibus
2803 2068 2980 2150 (quas
3012 2068 3285 2151 profecto

681 2179 1059 2241 venerandas
1091 2176 1390 2254 existimo)
1438 2190 1565 2238 tota
1598 2176 1945 2238 intentione
1993 2177 2204 2253 innixi,
2251 2178 2329 2239 de
2360 2176 2604 2239 illarum
2648 2176 3056 2259 praevalentis
3100 2174 3286 2237 credo

678 2301 1008 2368 speranteS,
1039 2284 1305 2365 Imperio
1351 2284 1665 2363 derogant.
1713 2284 1842 2344 Nec
1875 2283 2124 2359 mirum,
2175 2303 2375 2364 quum
2407 2283 2531 2362 jam
2561 2282 2903 2345 audiverim
2950 2281 3285 2364 quemdam

679 2394 757 2456 de
789 2392 908 2454 illis
939 2392 1269 2468 dicentem,
1318 2408 1374 2452 et
1409 2389 1742 2472 procaciter
1771 2406 2169 2468 asserentem,
2219 2390 2581 2453 traditiones
2610 2385 2920 2452 Ecclesiae
2965 2388 3107 2451 fidei
3140 2388 3285 2450 fun·

680 2500 1060 2562 damentum.
1123 2497 1315 2573 Quod
1351 2498 1602 2578 quidem
1653 2496 1824 2559 nefas
1855 2498 1934 2559 de
1980 2497 2277 2579 opinione
2323 2497 2680 2559 mortalium
2726 2496 2814 2558 illi
2855 2499 3289 2571 submoveant,

681 2607 813 2687 qui,
840 2623 981 2670 ante
1013 2604 1374 2668 traditiones
1391 2604 1716 2682 Ecclesiae,
1750 2604 1815 2666 in
1848 2604 2075 2667 Filium
2110 2604 2224 2666 Dei
2243 2604 2585 2683 Christum,
2621 2605 2750 2665 sive
2779 2619 3129 2680 venturum,
3158 2601 3286 2662 sive

682 2731 1087 2798 praesentem,
1121 2715 1246 2776 sive
1279 2711 1403 2792 jam
1434 2732 1683 2794 passum
1718 2713 2131 2790 crediderunt,
2164 2728 2223 2774 et
2252 2712 2566 2774 credendo
2596 2726 3013 2794 speraverunt,
3058 2725 3119 2771 et
3147 2728 3288 2791 spe-

680 2837 884 2886 rantes
927 2822 1171 2884 caritate
1218 2837 1513 2897 arserunt,
1562 2835 1622 2880 et
1652 2820 1934 2881 ardentes
1980 2820 2034 2880 ei
2068 2818 2403 2881 coheredes
2436 2819 2626 2881 factos
2673 2839 2808 2881 esse
2839 2818 3121 2879 mundus
3152 2834 3283 2877 non
3346 2897 3350 2899 Δ

681 2928 939 2991 dubitat.

894 3036 990 3112 Et,
1025 3050 1093 3095 ut
1125 3035 1274 3096 tales
1304 3034 1384 3095 de
1415 3033 1715 3114 praesenti
1749 3033 2077 3113 gymnasio
2107 3033 2374 3095 totaliter
2392 3031 2815 3109 excludantur,
2848 3048 2938 3093 est
2969 3031 3291 3092 adverten-

685 3142 859 3219 dum,
894 3142 1068 3222 quod
1100 3141 1407 3222 quaedam
1440 3140 1734 3221 scriptura
1765 3156 1857 3201 est
1887 3155 2066 3202 ante
2116 3140 2574 3218 Ecclesiam,
2606 3139 2913 3221 quaedam
2946 3157 3117 3200 cum
3164 3137 3293 3198 Ec-

683 3248 948 3325 clesia,
983 3250 1290 3329 quaedam
1324 3264 1502 3328 post
1535 3246 1995 3309 Ecclesiam.

895 3361 1096 3417 Ante
1128 3354 1383 3436 quidem
1405 3353 1633 3416 Eccle
1653 3356 1848 3416 siam
1879 3370 2022 3416 sunt
2038 3369 2215 3416 vetus
2247 3370 2306 3415 et
2336 3374 2573 3416 novum
2592 3352 3085 3428 Testamentum,
3117 3351 3291 3432 quod

684 3463 748 3525 in
780 3479 1099 3525 aeternum
1143 3462 1509 3523 mandatum
1552 3477 1660 3540 est,
1714 3477 1780 3524 ut
1824 3462 1906 3524 ait
1936 3461 2364 3543 Propheta;
2413 3461 2536 3522 hoc
2581 3460 2751 3522 enim
2797 3475 2887 3521 est
2927 3458 3099 3539 quod
3145 3456 3288 3519 dicit

683 3570 969 3649 Ecclesia,
1001 3570 1264 3652 loquens
1294 3569 1372 3630 ad
1403 3568 1749 3650 Sponsum:
1790 3568 2037 3630 «Trahe
2069 3587 2171 3630 me
2202 3583 2339 3650 post
2369 3584 2491 3629 te».

897 3678 1089 3741 Cum
1124 3675 1484 3738 Ecclesia
1515 3696 1662 3737 vero
1695 3692 1838 3737 sunt
1861 3676 2209 3737 veneranda
2242 3674 2342 3736 illa
2373 3674 2483 3736 Co
2503 3673 2748 3736 ncilia
2781 3669 3288 3756 principalia,

685 3785 913 3865 quibus
943 3784 1265 3848 Christum
1294 3782 1641 3844 interfuisse
1689 3802 1877 3845 nemo
1912 3782 2107 3845 fidelis
2139 3783 2393 3857 dubitat,
2444 3800 2643 3862 quum
2676 3782 3032 3856 habeamus,
3083 3779 3293 3859 Ipsum

684 3892 906 3954 dixisse
939 3891 1273 3973 discipuliS,
1308 3907 1676 3951 ascensurus
1706 3888 1774 3950 in
1793 3888 2070 3950 coelum:
2112 3888 2304 3950 «Ecce
2337 3907 2456 3969 ego
2475 3889 2801 3950 vobiscum
2831 3904 2975 3948 sum
3000 3884 3293 3948 omnibus

685 3999 920 4070 diebus,
972 4018 1173 4079 usque
1205 3998 1283 4059 ad
1316 3995 1924 4058 consummationem
1953 3995 2243 4073 saeculi»,
2293 4012 2359 4056 ut
2392 3996 2779 4057 Mattaeus
2824 4008 3088 4055 testatur.
3136 3991 3292 4053 Sunt

685 4104 868 4169 etiam
899 4105 1352 4184 scripturae
1385 4104 1847 4179 Doctorum,
1896 4102 2337 4183 Augustini
2383 4117 2442 4163 et
2472 4101 2756 4177 aliorum,
2803 4120 2967 4182 quos
2996 4121 3031 4161 a
3063 4097 3291 4179 Spiritu

685 4210 913 4271 Sancto
959 4210 1203 4289 adjutos
1249 4209 1357 4291 qui
1403 4209 1656 4286 dubitat,
1701 4210 1938 4272 fructus
1982 4229 2204 4272 eorum
2254 4209 2349 4270 vel
2395 4210 2664 4271 omnino
2709 4228 2837 4271 non
2889 4206 3053 4283 vidit,
3100 4204 3195 4267 vel
3243 4203 3293 4264 si

685 4317 853 4396 vidit,
887 4317 1140 4379 minime
1172 4317 1534 4397 degustavit.

901 4427 1085 4486 Post
1116 4424 1552 4487 Ecclesiam
1583 4444 1730 4486 vero
1760 4440 1907 4486 sunt
1938 4423 2445 4501 traditiones,
2477 4443 2634 4504 quas
2666 4422 3013 4484 Decretales
3043 4421 3287 4482 dicunt:

687 4552 846 4612 quae
879 4531 1134 4613 quidem
1179 4532 1285 4594 etsi
1318 4532 1673 4594 auctoritate
1706 4531 2064 4613 Apostolica
2093 4549 2238 4593 sunt
2272 4532 2671 4607 venerandae,
2722 4526 3170 4592 fundamentali
3201 4541 3292 4586 ta-

687 4649 843 4701 men'
879 4639 1226 4720 Scripturae
1274 4639 1732 4721 postponendas
1772 4658 1905 4700 esse
1959 4638 2374 4700 dubitandum
2420 4657 2549 4700 non
2596 4652 2715 4711 est;
2768 4655 2969 4717 quum
3013 4632 3296 4696 Christus

686 4746 1057 4809 Sacerdotes.
1094 4744 1508 4827 objurgaverit
1553 4748 1632 4808 de
1664 4746 1994 4808 contrario.
2046 4744 2266 4821 Quum
2296 4745 2463 4807 enim
2494 4745 2990 4825 interrogassent,
3048 4740 3295 4816 «Quare

688 4853 970 4936 discipuli
991 4854 1082 4915 tui
1113 4853 1505 4918 traditionem
1524 4852 1845 4914 seniorum
1875 4853 2487 4933 transgrediuntur?»
2527 4851 2942 4933 (negligebant
2959 4849 3132 4911 enim
3161 4866 3292 4910 ma-

688 4980 898 5024 nuum
924 4962 1267 5039 lotionem),
1315 4959 1598 5022 Christus
1642 4960 1730 5022 eis
1778 4960 2185 5022 Matthaeo
2228 4974 2502 5037 testante,
2548 4958 2898 5040 respondit:
2957 4956 3205 5031 «Quare
3236 4968 3295 5015 et
