3684 5416
555 361 654 419 282
1181 365 1444 420 Potestas
1484 364 1861 421 ecclesiastica
1902 380 1957 420 et
1996 366 2297 438 imperium
2338 366 2516 422 civile.

767 549 936 625 (XV.)
987 549 1258 610 Demum
1293 550 1465 631 quod
1497 551 1711 611 attinet
1742 551 1816 611 ad
1853 551 2281 632 Episcopalem
2318 553 2651 614 Ecclesiam
2691 553 3166 626 Warrniensem,

555 656 714 716 illius
748 656 1114 717 Catbedrale
1137 657 1496 737 Capitulum
1529 657 1591 718 in
1624 677 1700 719 eo
1734 677 1863 738 quo
1897 677 2061 719 nunc
2097 660 2392 739 reperitur
2423 676 2581 721 statu
2615 662 2937 733 consistet;
2974 680 3164 725 reser—

554 779 686 824 vata
717 781 925 825 tamen
960 765 1174 835 Nobis,
1227 783 1297 825 ac
1330 762 1630 827 Romanis
1664 765 2069 827 Pontificibus
2101 767 2571 830 Successoribus
2605 769 2847 831 Nostris
2888 769 3164 831 facultate

553 868 912 949 Capitulum
959 870 1160 950 ipsum
1211 872 1287 931 ad
1321 870 1578 931 aliarum
1611 872 1677 931 in
1712 872 1933 951 Regno
1970 873 2299 935 Borussico
2331 874 2721 936 existentium
2758 876 3163 937 Ecclesiarum

474 1011 493 1054 3
554 993 838 1036 normam
872 976 1280 1057 imposterum
1314 976 1763 1039 conformandi.

451 1545 498 1576 to

449 2088 492 2131 ¹5

442 2621 494 2652 20

441 3155 490 3198 25

440 3690 492 3734 30

441 4232 489 4277 35

767 1081 963 1158 (xvl.)
1027 1083 1218 1143 Porro
1266 1083 1325 1143 in
1373 1085 1642 1163 qualibet
1687 1104 1756 1145 ex
1803 1084 2118 1146 antedictis
2161 1085 2446 1147 Ecclesiis
2492 1103 2615 1147 tam
2654 1090 3162 1170 Archiepiscopa—

551 1187 714 1248 libus
758 1209 946 1269 quam
983 1189 1443 1271 Episcopalibus
1476 1193 1844 1253 Animarum
1893 1193 2413 1256 parochianorum
2460 1214 2602 1256 cura
2650 1197 2972 1258 habitualis
3019 1199 3164 1258 resi-

551 1295 716 1356 debit
749 1315 937 1377 penes
958 1297 1336 1377 Capitulum,
1371 1298 1621 1359 actualis
1655 1318 1800 1360 vero
1833 1302 1908 1359 ab
1942 1319 2070 1361 uno
2091 1321 2124 1361 e
2146 1300 2603 1382 Capitularibus
2634 1303 2712 1363 ad
2748 1304 2866 1364 hoc
2886 1316 3162 1384 expresse

553 1401 958 1481 designando,
1008 1419 1066 1463 et
1114 1404 1360 1483 praevio
1406 1405 1684 1465 examine
1729 1407 1804 1466 ad
1855 1406 2117 1467 formam
2165 1427 2482 1469 sacrorum
2515 1410 2853 1470 Canonum
2889 1413 2965 1469 ab
2998 1410 3161 1470 ordi·

553 1511 728 1572 nario
760 1513 1162 1593 approbando
1195 1532 1337 1574 cum
1370 1514 1753 1576 Vicariorum
1784 1516 2011 1578 auxilio
2044 1517 2438 1593 exercebitur,
2473 1537 2541 1577 ac
2574 1518 2636 1578 in
2670 1538 3058 1598 unoquoque
3092 1540 3162 1580 ex

554 1618 772 1678 iisdem
804 1618 1102 1698 Capitulis
1148 1621 1276 1679 duo
1323 1623 1398 1680 ab
1445 1621 1758 1682 ordinario
1805 1623 2097 1683 stabiliter
2128 1624 2465 1705 deputandi
2497 1640 2677 1685 erunt
2713 1625 2921 1686 idonei
2956 1625 3162 1687 Cano-

554 1725 692 1803 nici,
738 1747 771 1786 a
817 1746 1089 1807 quorum
1137 1747 1266 1788 uno
1301 1729 1774 1803 poenitentiarii,
1824 1732 1899 1790 ab
1933 1730 2124 1791 altero
2158 1748 2302 1791 vero
2335 1750 2565 1792 sacram
2601 1732 2966 1813 scripturam
3000 1733 3162 1793 statis

553 1833 769 1894 diebus
788 1835 1026 1914 Populo
1045 1836 1415 1915 exponendo
1431 1836 1742 1916 Theologi
1768 1836 2098 1917 respective
2123 1855 2379 1897 munera
2412 1835 2669 1898 fideliter
2697 1838 3162 1919 adimpleantur.

768 1941 991 2018 (XVII.)
1065 1941 1334 2023 Singulis
1386 1944 1661 2025 profecto
1712 1963 1783 2005 ex
1819 1942 2333 2023 primodictorum
2366 1943 2796 2024 Capitulorum
2831 1943 3165 2006 Canonicis

554 2048 933 2126 Honorariis,
967 2070 1127 2130 quos
1159 2051 1237 2110 ad
1272 2052 1656 2132 personalem
1689 2050 2083 2111 residentiam
2117 2065 2175 2110 et
2206 2051 2281 2110 ad
2317 2048 2644 2111 Servitium
2680 2052 2876 2113 Chori
2910 2051 3165 2113 minime

553 2156 856 2234 obligatos
906 2176 1036 2218 esse
1087 2159 1485 2236 declaramuS,
1537 2159 1701 2220 idem
1748 2178 1892 2219 cum
1951 2158 2384 2220 Residentibus
2434 2158 2770 2220 Canonicis
2831 2158 3031 2220 aditus
3082 2161 3158 2219 ad

552 2261 839 2324 Chorum
868 2279 928 2325 et
959 2266 1037 2325 ad
1070 2281 1331 2326 caeteras
1364 2266 1810 2327 Ecclesiasticas
1844 2265 1892 2325 F
1895 2264 2222 2325 unctiones
2255 2265 2511 2345 patebit:
2563 2264 2822 2347 Nosque
2855 2267 2931 2327 ad
2966 2266 3165 2343 majus

554 2370 1000 2450 praedictarum
1031 2373 1442 2433 Ecclesiarum
1476 2375 1683 2451 decus,
1732 2392 1799 2433 ac
1834 2372 2230 2452 splendorem
2266 2373 2562 2433 omnibus
2594 2372 2910 2433 antedictis
2944 2372 3163 2453 Digni-

551 2477 793 2555 tatibus,
841 2494 900 2540 et
932 2479 1264 2541 Canonicis
1299 2478 1617 2540 Indultum
1665 2479 1877 2539 utendi
1923 2479 2138 2540 iisdem
2177 2478 2478 2559 insigniiS‚
2527 2479 2758 2558 quibus
2789 2494 2966 2539 antea
3000 2479 3161 2539 frue-

551 2587 792 2662 bantur,
829 2606 1107 2667 expresse
1140 2585 1586 2648 confirmamus
1620 2604 1674 2648 et
1707 2602 2017 2667 quatenus
2049 2608 2210 2668 opus
2242 2588 2317 2648 sit
2349 2588 2425 2647 de
2460 2607 2627 2650 novo
2650 2587 3070 2657 concedimUS,
3107 2603 3166 2648 et

549 2693 892 2772 elargimur.

762 2801 1006 2877 (XVIII.)
1053 2802 1319 2864 Cuilibet
1350 2802 1626 2862 similiter
1658 2822 1729 2862 ex
1762 2801 2125 2882 supradictis
2146 2802 2448 2882 Capitulis
2468 2802 2943 2864 Cathedralibus
2976 2820 3164 2872 nunc,

548 2921 607 2965 et
639 2925 752 2986 pro
784 2915 1064 2986 tempore
1096 2907 1511 2983 existentibus,
1546 2923 1609 2967 ut
1641 2907 1754 2988 ipsi
1789 2908 2195 2988 capitulariter
2226 2909 2581 2989 congregati
2616 2929 2730 2990 pro
2755 2926 2939 2986 novo,
2972 2925 3030 2968 et
3048 2907 3162 2968 cir-

548 3016 923 3076 cumstantiis
971 3016 1163 3095 magis
1208 3016 1609 3077 accomodato
1655 3016 2012 3076 earumdem
2048 3015 2700 3097 Archiepiscopaliurn,
2733 3032 2793 3077 et
2828 3017 3162 3097 Episcopa-

547 3122 702 3184 lium
733 3123 1164 3199 Ecclesiarum,
1210 3142 1550 3204 earumque
1584 3124 1778 3186 Chori
1811 3125 2180 3204 quotidiano
2211 3125 2479 3200 servitio,
2516 3145 2628 3185 nec
2665 3144 2796 3186 non
2829 3142 3056 3200 rerum,
3091 3142 3160 3184 ac

549 3228 775 3304 jurium
821 3248 945 3292 tam
990 3231 1418 3312 spiritualium,
1464 3251 1654 3312 quam
1700 3230 2134 3312 temporalium
2168 3251 2485 3314 prospero,
2520 3232 2806 3313 felicique
2839 3230 3155 3311 regimine,

547 3338 876 3418 gubernio,
910 3357 979 3400 ac
1010 3340 1365 3418 directione,
1401 3359 1793 3420 onerumque
1829 3340 1900 3400 iis
1934 3341 2263 3421 respective
2297 3341 2795 3403 incumbentium
2832 3354 3159 3420 supporta-

548 3446 734 3524 tione,
781 3448 1292 3511 distributionum
1339 3450 1867 3529 quotidianarum,
1915 3464 1973 3509 et
2018 3450 2282 3511 aliorum
2331 3468 2883 3530 quorumcumque
2916 3448 3157 3509 emolu-

550 3565 905 3617 mentorum
953 3559 1288 3634 exactione,
1337 3578 1406 3618 ac
1453 3557 1776 3634 divisione,
1826 3573 1885 3617 et
1919 3576 2257 3636 poenarum
2293 3557 2809 3618 incurrendarum
2843 3577 2876 3616 a
2910 3575 3037 3617 non
3071 3555 3160 3615 in-

547 3662 979 3724 teressentibus
1014 3664 1252 3724 Divinis
1285 3662 1528 3724 Officiis
1577 3659 1848 3732 incursu,
1899 3662 2287 3740 singulorum
2343 3661 2720 3743 praesentiis,
2773 3677 2830 3722 et
2878 3659 3164 3734 absentiis

550 3770 855 3846 notandis,
909 3773 1332 3846 caeremoniis,
1388 3792 1457 3833 ac
1509 3773 1722 3833 ritibus
1773 3770 2108 3848 servandiS,
2156 3787 2214 3831 et
2261 3769 2580 3850 quibusvis
2626 3769 2758 3830 aliis
2793 3771 2974 3829 rebus
3008 3768 3163 3828 circa

550 3879 878 3958 praemissa
913 3881 1282 3954 necessariiS,
1314 3896 1373 3941 et
1405 3880 1775 3961 opportunis
1808 3897 2244 3959 quaecumque
2279 3879 2532 3952 Statuta,
2556 3877 3018 3950 Ordinationes,
3043 3877 3163 3937 Ca-

550 3986 760 4067 pitula,
796 4004 854 4048 et
887 3988 1160 4060 Decreta,
1194 3989 1350 4049 licita
1384 4004 1608 4060 tamen,
1640 4001 1825 4067 atque
1861 3987 2136 4064 honesta,
2169 4004 2227 4047 et
2260 3987 2458 4048 Sacris
2491 3986 2877 4058 Canonibus,
2914 3985 3161 4046 Consti-

548 4095 890 4155 tutionibus
925 4097 1317 4177 ApostoliciS.
1366 4097 1762 4175 Decretisque
1796 4095 2063 4158 Concilii
2098 4096 2445 4157 Tridentini
2497 4095 2748 4156 minime
2785 4092 3163 4154 adversantia

548 4205 665 4263 sub
714 4204 1133 4282 praesidentia,
1180 4203 1581 4283 inspectione,
1629 4219 1687 4263 et
1734 4203 2177 4284 approbatione
2212 4202 2691 4283 respectivorum
2729 4201 3161 4281 Archiepisco-

551 4327 793 4389 porum,
841 4325 898 4370 et
933 4311 1383 4391 Episcoporum
1431 4311 1628 4382 edere,
1677 4327 1861 4390 atque
1910 4310 2067 4370 edita
2116 4311 2440 4385 declarare,
2478 4323 2538 4369 et
2569 4309 2964 4390 interpretari,
3000 4311 3162 4370 acin

550 4417 868 4478 meliorem
902 4417 1165 4479 formam
1199 4418 1491 4496 redigere,
1526 4433 1584 4477 et
1617 4417 1969 4494 reformare,
2015 4437 2124 4478 seu
2157 4418 2270 4478 alia
2305 4418 2379 4477 de
2414 4436 2599 4491 novo,
2634 4419 2709 4477 ab
2743 4417 2861 4478 illis
2894 4418 2971 4478 ad
3005 4438 3162 4498 quos

549 4541 796 4604 spectat,
849 4541 907 4584 et
957 4544 1068 4605 pro
1118 4541 1397 4606 tempore
1443 4525 1738 4604 spectabit
1786 4524 2214 4586 inviolabiliter
2263 4524 2663 4602 observanda,
2697 4527 2813 4586 sub
2853 4526 3067 4606 poenis
3098 4526 3162 4585 in

548 4629 1054 4691 contrafacientes
1098 4632 1438 4692 statuendis
1485 4632 1706 4711 pariter
1751 4631 2036 4702 condere,
2086 4649 2267 4712 atque
2311 4633 2490 4691 edere
2524 4631 2734 4709 libere,
2769 4652 2837 4692 ac
2869 4632 3027 4692 licite
3060 4652 3161 4691 va-

547 4739 731 4816 leant,
768 4737 1114 4798 facultatem
1148 4755 1450 4820 perpetuo
1485 4740 1909 4816 concedimuS,
1945 4757 2002 4801 et
2036 4740 2440 4820 impertimur.

764 4844 962 4922 (XIX.)
1001 4845 1398 4926 Dignitatum,
1420 4847 1908 4922 Canonicorum,
1940 4863 1998 4906 et
2021 4847 2421 4921 Vicariorum‚
2454 4865 2563 4905 seu
2598 4847 3162 4907 Praebendatorum

551 4973 814 5014 numero
860 4970 984 5013 tam
1032 4954 1094 5012 in
1133 4954 1644 5034 MetropolitaniS,
1695 4973 1885 5032 quarn
1933 4954 1997 5013 in
2045 4953 2511 5015 Cathedralibus
2544 4952 2846 5033 Capitulis
2882 4969 2948 5015 ut
2979 4973 3162 5035 supra
