3684 5416
506 1529 554 1558 to

612 357 713 428 362
1757 357 2077 412 Ordinatio

610 560 806 617 meuS‚
840 555 897 600 et
932 560 1100 600 nunc
1134 560 1250 618 ego
1284 541 1674 620 indagatione
1711 543 2084 622 perquirere,
2119 545 2226 603 sed
2260 544 2352 604 sui
2389 563 2776 624 suorumque
2798 561 3050 606 actuum
3075 565 3225 606 con-

609 649 771 708 scius
807 667 1133 728 personam
1165 667 1341 707 suam
1377 649 1450 707 ad
1487 648 1785 709 iudicium
1821 649 2171 729 postposuit
2205 649 2522 712 destinare.
2578 651 2756 713 Unde
2790 652 3224 733 experientiam

607 772 778 816 tuam
828 756 1120 836 presentis
1170 757 1436 837 precepti
1485 756 1841 816 auctoritate
1877 756 2168 817 duximus
2205 757 2601 834 fulciendam,
2637 759 2944 838 quatinus,
2994 779 3226 820 conue-

608 862 782 923 niens
816 863 878 922 in
912 862 1179 935 Salonia,
1234 863 1511 922 Natalem
1550 865 1790 923 fratrem
1826 879 2104 924 nostrum
2142 880 2199 924 et
2233 865 2675 947 coepiscopum
2708 882 2991 926 nostrum
3026 867 3222 927 saltim

606 984 694 1029 tot
726 970 961 1051 scriptis
993 970 1408 1030 ammonitum
1441 970 1681 1032 studeat
1712 972 2042 1046 adhortari,
2082 987 2147 1031 ut
2179 991 2362 1052 supra
2398 991 2809 1034 memoratum
2847 974 3226 1036 archidiaco-

607 1097 749 1138 nem
784 1077 847 1137 in
881 1097 996 1137 suo
1029 1094 1183 1137 statu
1220 1076 1528 1157 suscipiat.
1580 1076 1769 1152 Quod
1804 1076 1854 1138 si
1892 1078 2084 1137 facere
2121 1078 2239 1138 hoc
2272 1080 2734 1151 contumaciter,
2772 1096 2840 1141 ut
2873 1084 3222 1158 consueuit,

608 1184 758 1245 forte
808 1184 1124 1259 distulerit,
1177 1204 1356 1245 usum
1409 1183 1569 1265 pallii
1619 1185 1693 1261 ei,
1743 1184 1852 1263 qui
1902 1186 1976 1244 ab
2028 1185 2140 1245 hac
2187 1186 2330 1245 sede
2378 1206 2710 1248 concessus
2757 1188 2868 1249 sibi
2907 1190 3116 1259 fuerat,
3151 1209 3224 1248 ex

607 1290 961 1353 auctoritate
1008 1291 1169 1352 sedis
1216 1291 1584 1372 apostolicae
1628 1291 2029 1352 contradices
2095 1292 2304 1366 Quem
2340 1293 2386 1352 si
2424 1276 2602 1354 etiam
2637 1295 2863 1356 amisso
2898 1296 3082 1376 pallio
3116 1298 3224 1357 ad·

608 1398 729 1458 huc
777 1398 836 1458 in
885 1399 1100 1458 eadem
1137 1397 1460 1478 pertinacia
1497 1417 1888 1478 perseuerare
1924 1400 2322 1479 perspexeris,
2357 1400 2651 1460 dominici
2687 1402 2960 1482 corporis
2993 1418 3051 1462 et
3082 1422 3223 1463 san-

606 1504 812 1583 guinis
845 1506 1116 1565 eundem
1149 1504 1477 1564 antistitem
1513 1504 1974 1586 participatione
2009 1506 2297 1586 priuabiS.
2352 1505 2422 1585 [a.
2465 1506 2629 1587 592.]

822 1612 1091 1673 Gratian.
1143 1611 1508 1672 Adhibenda
1555 1619 1648 1672 est
1690 1614 1871 1673 etiam
1907 1614 2267 1694 disciplina,
2303 1636 2423 1694 qua
2460 1615 2732 1675 nolentes
2749 1620 3116 1697 promoueri
3143 1618 3228 1677 ad

605 1739 815 1778 sacros
866 1720 1113 1779 ordines
1164 1719 1248 1778 ad
1289 1718 1684 1779 obediendum
1732 1722 2034 1799 episcopis
2087 1723 2217 1780 suis
2256 1730 2693 1801 prouocentur.
2758 1723 2831 1783 In
2883 1724 3225 1784 minoribus

603 1827 905 1906 siquidem
940 1826 1264 1885 ordinibus
1297 1828 1622 1885 constituti
1635 1826 1948 1906 paulatim.
1968 1835 2091 1906 per
2110 1829 2389 1907 singulos
2400 1831 2644 1908 gradus
2664 1837 2811 1891 sunt
2814 1829 3224 1910 prouehendi,

604 1940 674 1993 ut
718 1940 1202 2013 contempnentes
1251 1935 1382 1993 suis
1433 1932 1680 1993 obedire
1730 1936 2032 2015 episcopis
2084 1936 2333 1995 doleant
2383 1937 2512 1996 sibi
2559 1957 2687 1997 esse
2724 1938 3028 2018 prelatoS,
3076 1959 3224 2019 quos

507 2070 550 2113 ¹5
589 2042 780 2121 prius
812 2039 1116 2099 habebant
1145 2040 1463 2099 subiect05.

497 2805 550 2836 20

496 4066 548 4108 30

494 4639 543 4683 35

1299 2284 1423 2338 136.
1483 2282 1949 2338 ALEXANDER
1986 2286 2076 2339 11.
2116 2285 2548 2355 (lom—1023).

605 2443 1035 2499 Alexander
1074 2444 1135 2497 11.
1174 2441 1562 2497 Grimuldo
1607 2442 2197 2498 Constantiensi
2239 2444 2744 2516 Episcop0‚in
2786 2463 2831 2500 c.
2873 2463 2976 2499 un.
3016 2448 3083 2499 D.
3112 2446 3224 2500 Lll.

822 2570 850 2598 ¹·
892 2570 1052 2641 Corp.
1092 2571 1197 2624 iur.
1237 2586 1357 2622 can.
1398 2568 1485 2621 ed.
1526 2567 1965 2638 Friedberg.
2018 2569 2191 2622 'som.
2232 2569 2268 2623 1.
2311 2569 2416 2624 col.
2461 2588 2580 2642 205.
2634 2568 3225 2624 sassa-watten-

608 2650 824 2714 bach,
867 2652 1339 2722 n.4510(3441).

643 2777 728 2830 De
757 2794 845 2840 eo,
875 2777 971 2848 qui
998 2774 1451 2831 subdiaconatus
1480 2774 1682 2829 ordine
1712 2775 2041 2845 postposito
2071 2774 2349 2830 diaconus
2377 2788 2433 2830 et
2458 2775 2738 2846 presbiter
2765 2789 2850 2831 est
2878 2774 3188 2830 ordinatus.

820 2904 1190 2966 Sollicitudo
1224 2903 1565 2964 dilectionis
1601 2918 1739 2963 tuae
1773 2902 2007 2963 studuit
2039 2902 2380 2980 consulere,
2417 2918 2628 2963 utrum
2663 2902 2925 2983 portitor
2957 2902 3209 2962 istarum

605 3010 943 3071 litterarum
991 3011 1352 3071 diaconatus
1386 3025 1444 3070 et
1478 3010 1911 3089 presbiteratus
1945 3009 2210 3070 offitium
2250 3010 2517 3071 idoneus
2549 3009 2624 3070 sit
2658 3028 2946 3089 peragere
2980 3029 3093 3070 nec
3127 3029 3222 3080 ne,

606 3137 750 3178 cum
799 3117 874 3177 ad
924 3117 981 3177 id
1033 3136 1410 3197 prepropero
1445 3136 1652 3193 cursu,
1686 3116 2171 3178 subdiaconatus
2203 3116 2420 3177 ordine
2456 3115 2819 3197 postposito,
2855 3115 3224 3197 negligentia

609 3224 814 3306 potius
861 3243 1053 3303 quam
1085 3223 1368 3303 superbia
1403 3239 1815 3302 cognoscatur
1847 3223 2213 3284 ascendisse.
2283 3222 2465 3284 Unde
2501 3241 2615 3282 nos
2650 3222 3039 3282 consulendo
3072 3221 3226 3281 cari-

607 3330 712 3391 tati
744 3345 883 3390 tuae
918 3330 1309 3405 mandamus,
1344 3344 1412 3389 ut
1444 3332 1518 3389 ab
1553 3327 1753 3389 offitio
1787 3330 2144 3390 sacerdotali
2182 3349 2326 3390 eum
2349 3329 2695 3409 prohibeas,
2720 3329 2917 3389 donec
2941 3327 3224 3410 proximo

612 3453 883 3517 quatuor
926 3454 1279 3517 temporum
1330 3436 1563 3497 ieiunio
1597 3437 2078 3498 subdiaconatus
2114 3436 2520 3497 ministerium
2555 3436 2670 3497 sibi
2704 3436 2813 3496 rite
2849 3436 3132 3516 inponas,
3168 3451 3226 3495 et

605 3545 691 3604 sic
725 3544 1014 3624 deinceps
1047 3544 1122 3604 ad
1157 3543 1387 3603 maiora
1423 3543 1615 3603 offitia
1649 3563 1796 3604 eum
1831 3544 2027 3604 redire
2062 3545 2383 3604 concedas
2438 3542 2505 3621 [a.
2555 3541 2759 3622 ¹063.]

1262 3785 1390 3841 137.
1443 3785 1951 3842 mnocsswrms
1991 3788 2112 3841 111.
2153 3785 2583 3854 (nas-1216).

689 3958 748 4011 a)
802 3949 1256 4002 Innocentius
1299 3946 1816 4001 Mediolanensi
1854 3946 2450 4018 Archiepiscopo,
2492 3946 2557 4000 in
2600 3964 2649 4000 c.
2680 3966 2727 4018 9.
2757 3947 2824 4001 X.
2865 3949 2931 4000 de
2972 3947 3154 4017 ‹fffieio

1623 4029 2007 4082 archidiaconi.
2050 4029 2084 4081 l.
2127 4046 2209 4100 23.

820 4152 850 4204 ‘.
903 4155 1060 4223 Corp.
1102 4156 1207 4206 ίαν.
1244 4170 1364 4205 can.
1395 4152 1945 4222 ed.Friedberg.
1983 4153 2157 4206 Tom.
2184 4153 2244 4206 11.
2287 4152 2545 4224 col.152.
2585 4153 2977 4216 Potthast,
3020 4169 3073 4206 n.
3103 4170 3225 4224 377.

689 4277 1142 4332 Archidiuconus
1170 4275 1456 4331 examinat
1485 4289 1539 4331 ct
1571 4290 1899 4348 praesentat
1926 4276 2294 4340 ordinando&
2324 4290 2379 4331 et
2408 4276 2570 4347 ponit
2598 4277 2882 4348 praelatos
2909 4276 2965 4331 in
2993 4277 3146 4332 sede.

823 4392 904 4454 Ut
937 4407 1216 4452 nostrum
1254 4392 1370 4466 (Et
1401 4396 1602 4470 infra)
1636 4391 1785 4471 [(ch
1820 4416 1869 4452 c.
1913 4415 2011 4453 un.
2046 4399 2125 4453 ut.
2169 4394 2311 4453 eccl.
2345 4393 2473 4453 beu.
2495 4394 2614 4454 III.
2654 4396 2792 4466 12)
2860 4394 3032 4472 Quia
3080 4414 3217 4453 vero

604 4504 903 4562 maiorum
938 4521 1215 4560 excessus
1249 4503 1476 4560 maiori
1507 4500 1723 4560 debent
1750 4505 2071 4561 severitate
2088 4505 2337 4582 puniri,
2371 4524 2552 4583 quum
2587 4507 2755 4563 iuxta
2789 4504 3034 4563 divinae
3065 4503 3222 4582 legis

603 4610 915 4669 oraculum
970 4609 1273 4679 sacerdos,
1325 4611 1388 4668 si
1433 4615 1650 4667 unctus
1700 4614 1812 4681 est,
1854 4611 2228 4689 peccaverit,
2274 4612 2485 4687 faciet
2530 4611 2883 4690 delinquere
2904 4610 3224 4691 populum,

601 4718 765 4797 qnod
792 4715 1107 4776 inhoneste
1138 4723 1320 4796 super
1353 4717 1684 4774 retentione
1705 4722 2110 4794 proventuum
2136 4718 2616 4796 praesumpsisti
2645 4717 2718 4774 de
2748 4718 3056 4776 communi
3064 4718 3220 4793 sra-

600 4832 757 4885 trum
802 4831 1150 4885 nostrorum
1197 4822 1457 4882 consilio
1509 4824 1916 4894 irritavimus,
1963 4830 2023 4882 et
2067 4825 2131 4882 in
2150 4833 2415 4904 poenam
2437 4824 2962 4904 praesumptionis
2995 4820 3214 4881 huius-

601 4933 788 5004 modi,
822 4938 890 4992 ut
920 4934 983 4990 in
1018 4951 1084 4990 eo
1107 4931 1424 5010 puniaris,
1458 4931 1521 4988 in
1557 4950 1672 5008 quo
1696 4939 2085 5008 peccaveras,
2120 4951 2156 4988 a
2188 4929 2520 4989 collatione
2553 4929 2881 5008 dignitatis
2914 4928 3011 4987 vel
3026 4929 3224 4988 eccle-
