3684 5416
1127 382 1390 438 Potestas
1429 383 1807 439 ecclesiastica
1847 398 1905 440 et
1941 383 2245 457 imperium
2284 384 2459 440 civile.
2999 402 3102 457 ¹57

487 567 772 629 feldensis
803 566 1158 628 monasterii
1188 568 1435 632 abbatis.
1500 569 1764 650 Signum
1795 571 2113 632 Eberharti
2147 569 2403 631 comitia.
2470 569 2733 649 Signum
2769 568 3101 630 Guntharii

487 673 748 736 comitis.
783 674 1047 754 Signum
1080 676 1406 755 Burgharti
1439 677 1695 740 comitis.
1731 677 1998 758 Signum
2032 678 2255 741 Utonis
2289 676 2550 738 comitiS.
2586 675 2852 756 Signum
2881 674 3103 736 Cuon-

486 799 640 844 rates
689 782 947 845 comitis.
1012 783 1279 864 Signum
1329 785 1637 847 Ernustes
1715 785 1980 868 Signum
2028 786 2412 860 Thietheres,
2467 784 2785 864 RicdageS,
2834 783 3101 865 Liupen,

488 887 852 968 Hartwiges,
887 889 1213 967 Arnolves,
1247 890 1622 970 Inghilthies,
1657 892 2042 970 Burchartes,
2078 892 2387 972 Retinges.

699 1002 886 1059 Anno
931 997 1276 1060 dominicae
1308 999 1743 1063 incarnationis
1777 1002 1926 1082 962,
1979 1000 2311 1064 indictione
2352 1020 2406 1080 5,
2440 1019 2653 1061 mense
2686 998 2850 1076 Feb„
2895 1019 2963 1079 ¹3
3004 998 3104 1059 die

485 1102 766 1165 eiusdem
798 1106 1046 1168 mensis.
1097 1113 1286 1169 Anno
1318 1127 1465 1170 vero
1499 1109 1716 1171 domni
1750 1109 2002 1172 Ottonis
2034 1107 2271 1190 imperii
2304 1107 2686 1169 invictissimi
2722 1107 3106 1189 imperatoris

491 1231 568 1278 27
606 1212 756 1273 facta
788 1228 878 1274 est
911 1216 1059 1276 haec
1090 1214 1296 1296 pactio
1331 1215 1603 1278 feliciter.

1459 1433 1553 1489 47.
1608 1433 1998 1491 comulms
2036 1436 2122 1490 11.

702 1571 731 1603 ⁶
770 1573 820 1628 D
838 1592 875 1629 o
892 1592 928 1645 p
946 1593 971 1629 s
990 1592 1020 1629 c
1036 1576 1073 1630 h
1091 1609 1115 1617 -
1133 1575 1173 1631 S
1192 1593 1222 1632 c
1239 1577 1276 1630 h
1293 1595 1347 1629 w
1363 1576 1379 1630 i
1395 1594 1431 1631 n
1451 1578 1485 1631 d
1505 1617 1518 1640 ‚
1545 1577 1924 1649 Ausgewcilzlte
1955 1578 2244 1632 Urkunden
2271 1594 2373 1649 {ur
2408 1574 3107 1646 Verfassungsgescln'clzte

375 1673 431 1706 ιο
484 1655 587 1708 der
621 1654 1354 1711 deutschfisterreaekhischen
1392 1659 1662 1712 Erblande
1697 1661 1771 1712 im
1809 1659 2147 1712 Mlttelalter.
2200 1656 2518 1712 Innsbruck
2572 1654 2722 1727 1897.
2762 1671 2817 1708 n.
2866 1672 2906 1709 1.
2948 1670 3003 1724 p.
3052 1672 3093 1708 t.

377 2083 428 2127 ¹5

489 1734 818 1805 ughelli,
857 1737 1016 1792 Italia
1040 1755 1223 1792 sacra.
1263 1737 1516 1793 Venetiis
1550 1755 1918 1810 1717-1722,
1958 1739 2133 1793 Tom.
2162 1738 2229 1791 V.
2255 1754 2310 1808 p.
2341 1754 2459 1809 59¹·
2525 1735 2857 1800 Bonelli‚
2896 1736 3103 1807 Notizie

485 1817 939 1872 dortho-critic&
963 1821 1179 1874 intorno
1202 1823 1263 1874 al
1283 1823 1437 1875 heato
1461 1821 1540 1875 M.
1563 1820 1883 1892 AdalpretO,
1907 1824 2006 1873 etc.
2046 1820 2269 1874 Trento
2299 1818 2666 1891 1760—1764.
2706 1819 2775 1873 Τ.
2804 1818 2865 1873 11.
2894 1835 2952 1890 p.
2980 1818 3101 1890 369.

488 1899 538 1951 Α
556 1915 612 1952 m
629 1899 665 1952 b
684 1915 761 1953 ro
780 1898 864 1961 si,
894 1899 1268 1956 Commentari
1285 1902 1428 1954 della
1453 1903 1626 1955 storia
1653 1903 1906 1954 trentz'na.
1943 1899 2230 1954 Rovereto
2271 1899 2420 1969 1887.
2448 1900 2486 1953 1.
2514 1917 2570 1972 p.
2593 1916 2664 1971 50
2692 1916 2811 1970 seq.
2855 1900 2900 1953 E
2917 1915 3105 1969 gger,

486 1978 814 2033 Geschichte
847 1979 1021 2034 Tirols
1056 1997 1156 2034 von
1191 1982 1293 2034 den
1331 1984 1559 2036 c'z'ltesten
1585 1983 1764 2034 Zeiten
1802 1983 1882 2034 bis
1918 1983 1972 2034 t’n
1997 1982 2082 2035 die
2106 1981 2339 2052 Neuzeit.
2380 1981 2700 2036 Innsbruck
2736 1979 3103 2052 1872—1880.

488 2059 662 2113 Tom.
690 2058 726 2112 1.
753 2076 807 2131 p.
841 2059 940 2115 180
964 2076 1084 2131 seq.
1150 2060 1378 2125 Idem,
1418 2060 1475 2115 in
1513 2061 1928 2132 Mittheilungen
1963 2063 2060 2115 des
2097 2063 2345 2116 Instituts
2364 2062 2486 2131 sur
2523 2066 2722 2116 &stem
2742 2061 3102 2116 Geschichts-

467 2139 884 2211 forscbungen,
920 2142 1335 2212 Ergdnzungsb.
1385 2141 1478 2195 lV.
1521 2142 1640 2214 380.
1704 2142 1730 2196 J
1747 2147 1781 2197 'a
1798 2159 1883 2213 ge
1900 2160 1957 2212 r,
2008 2142 2065 2196 in
2102 2142 2304 2196 Archiv
2334 2143 2457 2212 fiir
2503 2144 2696 2196 Kande
2746 2144 2848 2196 der
2897 2146 3097 2196 o'stem

488 2221 1043 2291 Geschicbtsquellen.
1083 2222 1152 2276 T.
1181 2239 1264 2293 55.
1305 2239 1361 2293 p.
1385 2223 1490 2293 465
1522 2238 1642 2294 seq.
1707 2223 1758 2277 H
1777 2241 1813 2277 u
1832 2224 1867 2277 b
1886 2239 1916 2278 e
1932 2240 1989 2285 r,
2028 2221 2355 2277 Geschichte
2390 2223 2491 2276 der
2526 2224 2897 2292 Veretmgmng
2934 2221 3105 2275 Tirols

488 2302 592 2354 mit
623 2302 987 2356 Oesterreicb.
1025 2302 1345 2357 Innsbruck
1378 2301 1531 2373 1864.
1555 2319 1689 2374 pag.
1721 2321 1768 2357 2.
1821 2301 1942 2358 Fic
1961 2303 2119 2364 ker,
2158 2301 2545 2373 Forscbungen
2584 2317 2688 2373 zur
2728 2301 2952 2354 Reichs·
2991 2301 3111 2353 und

490 2381 1001 2452 Rechtsgeschicbte
1035 2383 1272 2438 Italiens.
1327 2384 1644 2439 Innsbruck
1693 2382 1984 2456 1868-74.
2011 2383 2185 2437 Tom.
2215 2382 2251 2435 Ι.
2296 2397 2425 2453 pag.
2456 2382 2576 2453 269.
2630 2381 2775 2435 Gaz
2794 2379 3065 2435 zoletti
3086 2421 3105 2445 ,

373 2495 433 2527 ,ο
487 2463 566 2516 La
602 2480 761 2534 {ecca
797 2463 859 2515 di
899 2463 1106 2517 Trento.
1170 2464 1392 2518 Trento
1431 2462 1576 2535 1858.
1604 2481 1658 2535 p.
1696 2482 1775 2533 ιι,
1804 2482 1891 2536 25.
1942 2463 2294 2525 Bohmer‚
2321 2463 2560 2532 Regesta
2586 2462 2822 2533 Imperii.
2862 2476 2915 2513 n.
2953 2477 3103 2531 ¹324·

375 3163 428 3207 25

378 4232 430 4277 35

562 2672 922 2750 [Conradus
954 2649 1096 2757 iriap.
1140 2673 1447 2737 Odalrico
1477 2676 1755 2757 episcopo
1799 2670 1855 2736 T
1840 2674 2218 2737 ridentinum
2254 2671 2635 2736 comitatum
2669 2639 2826 2734 dono
2859 2667 3027 2749 dat]

704 2808 770 2870 In
814 2810 1071 2872 nomine
1115 2827 1322 2874 sancte
1368 2828 1425 2873 et
1468 2810 1784 2875 individue
1828 2810 2126 2873 trinitatis.
2192 2809 2567 2874 Chonradus
2599 2808 2699 2869 dei
2730 2808 2935 2889 gracia
2970 2808 3103 2870 Ro-

491 2936 824 2978 manorum
870 2918 1205 2999 imperator
1248 2935 1566 2999 augustus.
1631 2921 1694 2982 Si
1741 2920 2025 2981 ecclesias
2072 2918 2171 2980 dei
2217 2918 2718 2980 tribulationibus
2749 2934 2807 2978 et
2838 2916 3103 2978 miseriis

489 3044 813 3106 oppressas
834 3025 1044 3107 aliquo
1077 3027 1256 3089 nobis
1286 3049 1321 3089 a
1353 3028 1472 3089 deo
1506 3047 1802 3090 concesso
1836 3029 2007 3089 dono
2041 3027 2322 3103 ditamus,
2355 3045 2486 3087 non
2520 3025 2729 3086 solum
2764 3025 2887 3085 hoc
2922 3024 3108 3084 nobis

488 3131 564 3192 ad
607 3131 914 3212 'presentis
963 3134 1082 3195 vite
1127 3135 1494 3213 subsidium,
1543 3154 1760 3196 verum
1807 3135 1991 3197 etiam
2037 3135 2113 3196 ad
2159 3149 2364 3196 eterne
2395 3134 2699 3214 gaudium
2733 3132 3101 3214 capessende

489 3239 779 3318 prodesse
825 3239 1086 3302 minime
1134 3242 1505 3304 dubitamus.
1570 3242 1970 3324 Quapropter
2011 3258 2236 3304 notum
2282 3242 2358 3302 sit
2404 3241 2697 3302 omnibus
2728 3253 2972 3301 sanctae
3007 3238 3109 3298 dei

489 3347 772 3409 ecclesiae
823 3346 1108 3409 fidelibus
1153 3366 1211 3411 et
1257 3349 1499 3428 nostris,
1549 3350 1809 3430 qualiter
1856 3370 1972 3411 nos
2021 3369 2130 3430 per
2159 3350 2573 3410 interventum
2608 3348 2823 3409 dilecte
2858 3363 3105 3433 nostrae

488 3455 769 3534 coniugis
812 3455 1095 3518 videlicet
1127 3457 1524 3538 imperatricis
1558 3473 1616 3519 et
1652 3458 1922 3519 Heinrici
1958 3457 2153 3519 nostri
2185 3456 2389 3517 dilecti
2424 3455 2534 3517 filii
2566 3456 2931 3517 comitatum
2962 3452 3104 3514 Tri-

488 3561 818 3624 dentinum
861 3581 1008 3624 cum
1051 3565 1343 3626 omnibus
1389 3566 1515 3626 suis
1561 3566 1942 3646 pertinentiis
1989 3582 2048 3627 et
2097 3564 2459 3626 utilitatibus
2510 3563 2647 3641 illis,
2696 3563 2924 3643 quibus
2957 3580 3106 3623 eum

487 3670 673 3731 duces
718 3670 1014 3747 comi(t)es
1059 3672 1184 3732 sive
1231 3673 1620 3735 marchiones
1665 3674 1789 3734 huc
1833 3693 2034 3753 usque
2086 3671 2364 3732 beneficii
2420 3670 2675 3732 nomine
2723 3671 2945 3731 habere
2993 3669 3103 3730 visi

487 3793 649 3851 sunt,
700 3793 906 3839 sancte
936 3778 1304 3840 Tridentine
1348 3780 1615 3857 ecclesie,
1660 3779 1725 3839 in
1772 3798 1898 3859 qua
1932 3778 2358 3860 preciosorum
2390 3793 2737 3859 martyrum
2770 3775 2974 3855 Vigilii
3008 3775 3105 3837 Si-

489 3883 670 3945 sinnii
718 3885 989 3966 martyrii
1038 3901 1220 3967 atque
1270 3888 1596 3948 Alexandri
1650 3905 1909 3968 corpora
1961 3886 2389 3966 requiescunt,
2441 3884 2543 3947 cui
2599 3883 2963 3944 venerabilis
3015 3882 3104 3943 vir

490 3990 815 4053 Odalricus
865 3994 1195 4077 episcopus
1246 4012 1486 4076 preesse
1537 3994 1796 4072 videtur,
1848 3994 1912 4055 in
1963 3991 2288 4075 proprium
2338 4011 2484 4053 cum
2535 3990 2820 4052 districtis
2867 3990 3103 4072 placitis

490 4099 850 4180 cunctisque
902 4101 1162 4183 publicis
1214 4101 1634 4164 functionibus
1681 4117 1739 4162 et
1783 4101 2250 4163 redibitionibus
2299 4098 2502 4161 eidem
2552 4119 2734 4180 supra
2784 4097 3100 4159 nominate

490 4206 774 4268 ecclesiae
822 4223 881 4269 et
912 4208 1203 4270 Odalrico
1249 4210 1543 4291 episcopo
1588 4210 1842 4290 suisque
1890 4208 2351 4271 successoribus
2384 4207 2849 4288 imperpetuum
2883 4206 3107 4267 damus

489 4314 789 4376 tradimus
820 4331 1006 4396 atque
1039 4315 1502 4394 confirmamus,
1538 4318 1801 4398 exceptis
1821 4317 1919 4378 his
1941 4318 2142 4393 rebus,
2177 4335 2333 4395 quas
2356 4314 2606 4375 ecclesie
2631 4313 2925 4375 Feltrensi
2949 4312 3106 4373 infra

490 4441 638 4482 suos
672 4421 989 4501 termin08,
1022 4422 1084 4484 id
1118 4439 1207 4485 est
1239 4426 1313 4484 ab
1348 4424 1596 4485 ecclesia
1629 4424 1822 4486 sancti
1844 4423 2144 4485 Desiderii
2177 4424 2244 4485 in
2275 4423 2417 4484 loco
2451 4408 2563 4503 qui
2594 4421 2816 4483 dicitur
2831 4421 3104 4502 Campo-

488 4527 683 4608 longo
730 4549 930 4609 usque
978 4529 1038 4590 in
1085 4529 1274 4591 finem
1307 4531 1697 4613 episcopatus
1732 4532 1943 4613 ipsiuS,
1980 4550 2290 4592 consensu
2327 4551 2503 4612 prece
2538 4546 2720 4610 atque
2750 4528 3107 4589 laudatione

490 4637 980 4718 supranominati
1019 4638 1290 4720 episcopi
1324 4638 1592 4700 Odalrici
1625 4642 1706 4701 ob
1741 4639 2087 4700 remedium
2122 4639 2325 4699 anime
2359 4654 2568 4699 nostre
2605 4656 2714 4719 per
2746 4650 3103 4718 preceptum

492 4759 695 4805 nostre
727 4744 1208 4807 confirmationis
1241 4746 1635 4807 contulimus,
1669 4747 1887 4808 Cetera
1907 4765 2055 4807 vero
2089 4762 2328 4823 cuncta,
2365 4745 2523 4806 sicut
2553 4744 2840 4826 superius
2872 4743 3106 4804 dictum
3167 4756 3170 4766 ¹
3199 4754 3202 4769 ⁶

492 4866 598 4927 est,
647 4851 711 4912 in
761 4867 968 4913 sancte
1018 4853 1423 4934 suprascripte
1469 4852 1829 4915 Tridentine
1877 4851 2123 4913 ecclesie
2171 4868 2229 4912 et
2275 4852 2691 4934 prenominati
2739 4849 3102 4912 venerabilis

492 4957 763 5039 episcopi
784 4956 1053 5021 Odalrici
1084 4980 1473 5041 suorumque
1505 4978 1937 5022 successorum
1970 4960 2294 5042 proprium
2327 4959 2425 5021 ius
2446 4975 2505 5019 et
2524 4957 2880 5020 dominium
2901 4956 3107 5017 modis
