<?xml version="1.0" encoding="UTF-8"?>
<!DOCTYPE html PUBLIC "-//W3C//DTD XHTML 1.0 Transitional//EN"
    "http://www.w3.org/TR/xhtml1/DTD/xhtml1-transitional.dtd">
<html xmlns="http://www.w3.org/1999/xhtml" xml:lang="en" lang="en">
 <head>
  <title>
</title>
<meta http-equiv="Content-Type" content="text/html;charset=utf-8" />
  <meta name='ocr-system' content='tesseract 3.04.00' />
  <meta name='ocr-capabilities' content='ocr_page ocr_carea ocr_par ocr_line ocrx_word'/>
</head>
<body>
  <div class='ocr_page' id='page_1' title='image "./fontesiuriscano00unkngoog/fontesiuriscano00unkngoog_0549.png"; bbox 0 0 3684 5416; ppageno 0'>
   <div class='ocr_carea' id='block_1_1' title="bbox 1534 315 3068 392">
    <p class='ocr_par' dir='ltr' id='par_1_1' title="bbox 1534 315 3068 392">
     <span class='ocr_line' id='line_1_1' title="bbox 1534 315 3068 392; baseline 0.001 -21"><span class='ocrx_word' id='word_1_1' title='bbox 1534 315 1705 371; x_wconf 89' lang='lat' dir='ltr'>Curia</span> <span class='ocrx_word' id='word_1_2' title='bbox 1743 334 2002 372; x_wconf 89' lang='lat' dir='ltr'>romana.</span> <span class='ocrx_word' id='word_1_3' title='bbox 2966 337 3023 390; x_wconf 87' lang='lat'>5¹</span> <span class='ocrx_word' id='word_1_4' title='bbox 3040 337 3068 392; x_wconf 84' lang='lat'><strong>3</strong></span> 
     </span>
    </p>
   </div>
   <div class='ocr_carea' id='block_1_2' title="bbox 342 498 3085 2399">
    <p class='ocr_par' dir='ltr' id='par_1_2' title="bbox 444 498 3085 691">
     <span class='ocr_line' id='line_1_2' title="bbox 463 498 3085 584; baseline 0.002 -24"><span class='ocrx_word' id='word_1_5' title='bbox 463 500 800 574; x_wconf 87' lang='lat' dir='ltr'>flamment,</span> <span class='ocrx_word' id='word_1_6' title='bbox 851 498 1165 580; x_wconf 87' lang='lat' dir='ltr'>cupientes</span> <span class='ocrx_word' id='word_1_7' title='bbox 1210 498 1481 561; x_wconf 90' lang='lat' dir='ltr'>filiorum</span> <span class='ocrx_word' id='word_1_8' title='bbox 1515 500 1819 563; x_wconf 85' lang='lat' dir='ltr'>Ecclesiae</span> <span class='ocrx_word' id='word_1_9' title='bbox 1869 502 2152 584; x_wconf 86' lang='lat' dir='ltr'>pietatem</span> <span class='ocrx_word' id='word_1_10' title='bbox 2200 519 2259 565; x_wconf 92' lang='lat' dir='ltr'>et</span> <span class='ocrx_word' id='word_1_11' title='bbox 2306 503 2588 565; x_wconf 90' lang='lat' dir='ltr'>divinum</span> <span class='ocrx_word' id='word_1_12' title='bbox 2629 504 2865 565; x_wconf 90' lang='lat' dir='ltr'>cultum</span> <span class='ocrx_word' id='word_1_13' title='bbox 2897 505 3085 565; x_wconf 91' lang='lat' dir='ltr'>sacris</span> 
     </span>
     <span class='ocr_line' id='line_1_3' title="bbox 444 600 2784 691; baseline 0.003 -26"><span class='ocrx_word' id='word_1_14' title='bbox 444 600 692 680; x_wconf 76' lang='lat' dir='ltr'>ritibus,</span> <span class='ocrx_word' id='word_1_15' title='bbox 725 620 782 665; x_wconf 93' lang='lat' dir='ltr'>et</span> <span class='ocrx_word' id='word_1_16' title='bbox 814 604 1213 667; x_wconf 87' lang='lat' dir='ltr'>caeremoniis</span> <span class='ocrx_word' id='word_1_17' title='bbox 1244 606 1701 683; x_wconf 88' lang='lat' dir='ltr'>conservandis,</span> <span class='ocrx_word' id='word_1_18' title='bbox 1737 607 2279 690; x_wconf 84' lang='lat' dir='ltr'>instaurandisque</span> <span class='ocrx_word' id='word_1_19' title='bbox 2310 610 2508 691; x_wconf 89' lang='lat' dir='ltr'>magis</span> <span class='ocrx_word' id='word_1_20' title='bbox 2541 630 2784 690; x_wconf 86' lang='lat' dir='ltr'>augere.</span> 
     </span>
    </p>

    <p class='ocr_par' dir='ltr' id='par_1_3' title="bbox 674 711 3079 799">
     <span class='ocr_line' id='line_1_4' title="bbox 674 711 3079 799; baseline 0.002 -26"><span class='ocrx_word' id='word_1_21' title='bbox 674 721 703 781; x_wconf 82' lang='lat' dir='ltr'>S</span> <span class='ocrx_word' id='word_1_22' title='bbox 748 733 794 773; x_wconf 87' lang='lat'>1.</span> <span class='ocrx_word' id='word_1_23' title='bbox 858 711 1160 793; x_wconf 85' lang='lat' dir='ltr'>Quinque</span> <span class='ocrx_word' id='word_1_24' title='bbox 1207 712 1419 774; x_wconf 90' lang='lat' dir='ltr'>itidem</span> <span class='ocrx_word' id='word_1_25' title='bbox 1453 713 1812 775; x_wconf 88' lang='lat' dir='ltr'>Cardinales</span> <span class='ocrx_word' id='word_1_26' title='bbox 1868 714 2236 796; x_wconf 88' lang='lat' dir='ltr'>delegimus,</span> <span class='ocrx_word' id='word_1_27' title='bbox 2285 717 2512 797; x_wconf 90' lang='lat' dir='ltr'>quibus</span> <span class='ocrx_word' id='word_1_28' title='bbox 2554 718 2704 778; x_wconf 88' lang='lat' dir='ltr'>haec</span> <span class='ocrx_word' id='word_1_29' title='bbox 2752 717 3079 799; x_wconf 81' lang='lat' dir='ltr'>praecipue</span> 
     </span>
    </p>

    <p class='ocr_par' dir='ltr' id='par_1_4' title="bbox 459 818 3081 900">
     <span class='ocr_line' id='line_1_5' title="bbox 459 818 3081 900; baseline 0.002 -21"><span class='ocrx_word' id='word_1_30' title='bbox 459 837 604 879; x_wconf 87' lang='lat' dir='ltr'>cura</span> <span class='ocrx_word' id='word_1_31' title='bbox 650 818 1007 879; x_wconf 86' lang='lat' dir='ltr'>incumbere</span> <span class='ocrx_word' id='word_1_32' title='bbox 1055 819 1291 895; x_wconf 88' lang='lat' dir='ltr'>debeat,</span> <span class='ocrx_word' id='word_1_33' title='bbox 1340 835 1407 880; x_wconf 89' lang='lat' dir='ltr'>ut</span> <span class='ocrx_word' id='word_1_34' title='bbox 1451 835 1683 880; x_wconf 89' lang='lat' dir='ltr'>veteres</span> <span class='ocrx_word' id='word_1_35' title='bbox 1729 820 1878 881; x_wconf 88' lang='lat' dir='ltr'>ritus</span> <span class='ocrx_word' id='word_1_36' title='bbox 1923 822 2074 883; x_wconf 87' lang='lat' dir='ltr'>sacri</span> <span class='ocrx_word' id='word_1_37' title='bbox 2123 821 2323 883; x_wconf 90' lang='lat' dir='ltr'>ubivis</span> <span class='ocrx_word' id='word_1_38' title='bbox 2353 823 2659 900; x_wconf 89' lang='lat' dir='ltr'>locorum,</span> <span class='ocrx_word' id='word_1_39' title='bbox 2690 822 2756 883; x_wconf 91' lang='lat' dir='ltr'>in</span> <span class='ocrx_word' id='word_1_40' title='bbox 2788 823 3081 884; x_wconf 89' lang='lat' dir='ltr'>omnibus</span> 
     </span>
    </p>

    <p class='ocr_par' dir='ltr' id='par_1_5' title="bbox 373 926 3081 1008">
     <span class='ocr_line' id='line_1_6' title="bbox 373 926 3081 1008; baseline -0.001 -16"><span class='ocrx_word' id='word_1_41' title='bbox 373 947 400 992; x_wconf 75' lang='grc'>5</span> <span class='ocrx_word' id='word_1_42' title='bbox 459 926 665 1004; x_wconf 88' lang='lat' dir='ltr'>Urbis,</span> <span class='ocrx_word' id='word_1_43' title='bbox 700 927 1014 1006; x_wconf 86' lang='lat' dir='ltr'>Orbisque</span> <span class='ocrx_word' id='word_1_44' title='bbox 1048 926 1352 1005; x_wconf 85' lang='lat' dir='ltr'>Ecclesiis,</span> <span class='ocrx_word' id='word_1_45' title='bbox 1406 927 1588 987; x_wconf 91' lang='lat' dir='ltr'>etiam</span> <span class='ocrx_word' id='word_1_46' title='bbox 1622 927 1684 987; x_wconf 92' lang='lat' dir='ltr'>in</span> <span class='ocrx_word' id='word_1_47' title='bbox 1718 927 1970 1008; x_wconf 83' lang='lat' dir='ltr'>Capella</span> <span class='ocrx_word' id='word_1_48' title='bbox 2004 944 2212 990; x_wconf 87' lang='lat' dir='ltr'>nostra</span> <span class='ocrx_word' id='word_1_49' title='bbox 2244 929 2580 1006; x_wconf 86' lang='lat' dir='ltr'>Pontificia‚</span> <span class='ocrx_word' id='word_1_50' title='bbox 2631 929 2697 990; x_wconf 91' lang='lat' dir='ltr'>in</span> <span class='ocrx_word' id='word_1_51' title='bbox 2731 929 2955 1006; x_wconf 86' lang='lat' dir='ltr'>Missis,</span> <span class='ocrx_word' id='word_1_52' title='bbox 2989 930 3081 990; x_wconf 93' lang='lat' dir='ltr'>di-</span> 
     </span>
    </p>

    <p class='ocr_par' dir='ltr' id='par_1_6' title="bbox 457 1033 3073 1116">
     <span class='ocr_line' id='line_1_7' title="bbox 457 1033 3073 1116; baseline 0.002 -24"><span class='ocrx_word' id='word_1_53' title='bbox 457 1034 616 1095; x_wconf 90' lang='lat' dir='ltr'>vinis</span> <span class='ocrx_word' id='word_1_54' title='bbox 649 1033 905 1109; x_wconf 85' lang='lat' dir='ltr'>Officiis,</span> <span class='ocrx_word' id='word_1_55' title='bbox 950 1049 1480 1095; x_wconf 88' lang='lat' dir='ltr'>sacramentorum</span> <span class='ocrx_word' id='word_1_56' title='bbox 1527 1033 2075 1112; x_wconf 83' lang='lat' dir='ltr'>administratione,</span> <span class='ocrx_word' id='word_1_57' title='bbox 2109 1035 2483 1116; x_wconf 90' lang='lat' dir='ltr'>caeterisque</span> <span class='ocrx_word' id='word_1_58' title='bbox 2517 1037 2591 1098; x_wconf 89' lang='lat' dir='ltr'>ad</span> <span class='ocrx_word' id='word_1_59' title='bbox 2627 1035 2907 1097; x_wconf 89' lang='lat' dir='ltr'>divinum</span> <span class='ocrx_word' id='word_1_60' title='bbox 2940 1037 3073 1097; x_wconf 91' lang='lat' dir='ltr'>cul-</span> 
     </span>
    </p>

    <p class='ocr_par' dir='ltr' id='par_1_7' title="bbox 457 1141 3071 1223">
     <span class='ocr_line' id='line_1_8' title="bbox 457 1141 3071 1223; baseline 0.002 -21"><span class='ocrx_word' id='word_1_61' title='bbox 457 1157 591 1202; x_wconf 90' lang='lat' dir='ltr'>tum</span> <span class='ocrx_word' id='word_1_62' title='bbox 623 1141 1092 1223; x_wconf 88' lang='lat' dir='ltr'>pertinentibus,</span> <span class='ocrx_word' id='word_1_63' title='bbox 1126 1162 1158 1202; x_wconf 97' lang='lat' dir='ltr'>a</span> <span class='ocrx_word' id='word_1_64' title='bbox 1193 1141 1514 1222; x_wconf 84' lang='lat' dir='ltr'>quibusvis</span> <span class='ocrx_word' id='word_1_65' title='bbox 1548 1142 1828 1223; x_wconf 90' lang='lat' dir='ltr'>personis</span> <span class='ocrx_word' id='word_1_66' title='bbox 1861 1142 2185 1222; x_wconf 88' lang='lat' dir='ltr'>diligenter</span> <span class='ocrx_word' id='word_1_67' title='bbox 2205 1145 2626 1218; x_wconf 86' lang='lat' dir='ltr'>observentur,</span> <span class='ocrx_word' id='word_1_68' title='bbox 2648 1145 3071 1206; x_wconf 89' lang='lat' dir='ltr'>caeremoniae</span> 
     </span>
    </p>

    <p class='ocr_par' dir='ltr' id='par_1_8' title="bbox 456 1247 3079 1330">
     <span class='ocr_line' id='line_1_9' title="bbox 456 1247 3079 1330; baseline 0.002 -22"><span class='ocrx_word' id='word_1_69' title='bbox 456 1248 505 1308; x_wconf 92' lang='lat' dir='ltr'>si</span> <span class='ocrx_word' id='word_1_70' title='bbox 556 1247 949 1325; x_wconf 83' lang='lat' dir='ltr'>exoleverint,</span> <span class='ocrx_word' id='word_1_71' title='bbox 1004 1248 1417 1324; x_wconf 89' lang='lat' dir='ltr'>restituantur,</span> <span class='ocrx_word' id='word_1_72' title='bbox 1466 1248 1515 1310; x_wconf 90' lang='lat' dir='ltr'>si</span> <span class='ocrx_word' id='word_1_73' title='bbox 1567 1250 1928 1330; x_wconf 83' lang='lat' dir='ltr'>depravatae</span> <span class='ocrx_word' id='word_1_74' title='bbox 1981 1248 2224 1326; x_wconf 88' lang='lat' dir='ltr'>fuerint,</span> <span class='ocrx_word' id='word_1_75' title='bbox 2273 1251 2710 1330; x_wconf 87' lang='lat' dir='ltr'>reformentur,</span> <span class='ocrx_word' id='word_1_76' title='bbox 2759 1251 2947 1312; x_wconf 88' lang='lat' dir='ltr'>libros</span> <span class='ocrx_word' id='word_1_77' title='bbox 3003 1253 3079 1313; x_wconf 91' lang='lat' dir='ltr'>de</span> 
     </span>
    </p>

    <p class='ocr_par' dir='ltr' id='par_1_9' title="bbox 455 1351 3076 1436">
     <span class='ocr_line' id='line_1_10' title="bbox 455 1351 3076 1436; baseline 0.001 -20"><span class='ocrx_word' id='word_1_78' title='bbox 455 1356 637 1416; x_wconf 89' lang='lat' dir='ltr'>sacris</span> <span class='ocrx_word' id='word_1_79' title='bbox 686 1354 921 1431; x_wconf 77' lang='lat' dir='ltr'>ritibuS,</span> <span class='ocrx_word' id='word_1_80' title='bbox 967 1370 1030 1415; x_wconf 94' lang='lat' dir='ltr'>et</span> <span class='ocrx_word' id='word_1_81' title='bbox 1074 1354 1496 1432; x_wconf 87' lang='lat' dir='ltr'>caeremoniis,</span> <span class='ocrx_word' id='word_1_82' title='bbox 1547 1351 1829 1436; x_wconf 89' lang='lat' dir='ltr'>inprimis</span> <span class='ocrx_word' id='word_1_83' title='bbox 1875 1355 2251 1433; x_wconf 77' lang='lat' dir='ltr'>pontificale,</span> <span class='ocrx_word' id='word_1_84' title='bbox 2288 1357 2549 1434; x_wconf 88' lang='lat' dir='ltr'>Rituale,</span> <span class='ocrx_word' id='word_1_85' title='bbox 2586 1357 3076 1436; x_wconf 87' lang='lat' dir='ltr'>Caeremoniale,</span> 
     </span>
    </p>

    <p class='ocr_par' dir='ltr' id='par_1_10' title="bbox 347 1460 3078 1546">
     <span class='ocr_line' id='line_1_11' title="bbox 347 1460 3078 1546; baseline 0.001 -23"><span class='ocrx_word' id='word_1_86' title='bbox 347 1480 400 1514; x_wconf 86' lang='lat'>¹0</span> <span class='ocrx_word' id='word_1_87' title='bbox 455 1478 638 1545; x_wconf 88' lang='lat' dir='ltr'>prout</span> <span class='ocrx_word' id='word_1_88' title='bbox 671 1481 831 1543; x_wconf 90' lang='lat' dir='ltr'>opus</span> <span class='ocrx_word' id='word_1_89' title='bbox 864 1460 1064 1537; x_wconf 89' lang='lat' dir='ltr'>fuerit,</span> <span class='ocrx_word' id='word_1_90' title='bbox 1100 1461 1457 1540; x_wconf 86' lang='lat' dir='ltr'>reforment,</span> <span class='ocrx_word' id='word_1_91' title='bbox 1493 1478 1551 1523; x_wconf 90' lang='lat' dir='ltr'>et</span> <span class='ocrx_word' id='word_1_92' title='bbox 1583 1464 1936 1541; x_wconf 86' lang='lat' dir='ltr'>emendent,</span> <span class='ocrx_word' id='word_1_93' title='bbox 1969 1461 2170 1524; x_wconf 84' lang='lat' dir='ltr'>officia</span> <span class='ocrx_word' id='word_1_94' title='bbox 2203 1463 2409 1525; x_wconf 88' lang='lat' dir='ltr'>divina</span> <span class='ocrx_word' id='word_1_95' title='bbox 2441 1464 2517 1525; x_wconf 92' lang='lat' dir='ltr'>de</span> <span class='ocrx_word' id='word_1_96' title='bbox 2541 1463 2776 1526; x_wconf 87' lang='lat' dir='ltr'>Sanctis</span> <span class='ocrx_word' id='word_1_97' title='bbox 2797 1464 3078 1546; x_wconf 89' lang='lat' dir='ltr'>patronis</span> 
     </span>
    </p>

    <p class='ocr_par' dir='ltr' id='par_1_11' title="bbox 453 1568 3076 1653">
     <span class='ocr_line' id='line_1_12' title="bbox 453 1568 3076 1653; baseline 0 -23"><span class='ocrx_word' id='word_1_98' title='bbox 453 1570 807 1631; x_wconf 88' lang='lat' dir='ltr'>examinent</span> <span class='ocrx_word' id='word_1_99' title='bbox 853 1584 910 1629; x_wconf 94' lang='lat' dir='ltr'>et</span> <span class='ocrx_word' id='word_1_100' title='bbox 956 1569 1140 1631; x_wconf 90' lang='lat' dir='ltr'>nobis</span> <span class='ocrx_word' id='word_1_101' title='bbox 1172 1568 1342 1651; x_wconf 91' lang='lat' dir='ltr'>prius</span> <span class='ocrx_word' id='word_1_102' title='bbox 1376 1570 1694 1644; x_wconf 75' lang='lat' dir='ltr'>consultiS,</span> <span class='ocrx_word' id='word_1_103' title='bbox 1729 1571 2093 1646; x_wconf 77' lang='lat' dir='ltr'>concedant.</span> <span class='ocrx_word' id='word_1_104' title='bbox 2161 1571 2534 1653; x_wconf 88' lang='lat' dir='ltr'>Diligentem</span> <span class='ocrx_word' id='word_1_105' title='bbox 2566 1590 2822 1652; x_wconf 88' lang='lat' dir='ltr'>quoque</span> <span class='ocrx_word' id='word_1_106' title='bbox 2857 1590 3076 1632; x_wconf 89' lang='lat' dir='ltr'>curam</span> 
     </span>
    </p>

    <p class='ocr_par' dir='ltr' id='par_1_12' title="bbox 451 1675 3078 1758">
     <span class='ocr_line' id='line_1_13' title="bbox 451 1675 3078 1758; baseline 0 -21"><span class='ocrx_word' id='word_1_107' title='bbox 451 1675 783 1737; x_wconf 87' lang='lat' dir='ltr'>adhibeant</span> <span class='ocrx_word' id='word_1_108' title='bbox 829 1675 982 1736; x_wconf 89' lang='lat' dir='ltr'>circa</span> <span class='ocrx_word' id='word_1_109' title='bbox 1016 1675 1387 1738; x_wconf 88' lang='lat' dir='ltr'>Sanctorum</span> <span class='ocrx_word' id='word_1_110' title='bbox 1437 1675 1994 1753; x_wconf 88' lang='lat' dir='ltr'>canonizationem,</span> <span class='ocrx_word' id='word_1_111' title='bbox 2027 1676 2451 1758; x_wconf 88' lang='lat' dir='ltr'>festorumque</span> <span class='ocrx_word' id='word_1_112' title='bbox 2483 1677 2724 1739; x_wconf 90' lang='lat' dir='ltr'>dierum</span> <span class='ocrx_word' id='word_1_113' title='bbox 2758 1677 3078 1740; x_wconf 88' lang='lat' dir='ltr'>celebrita-</span> 
     </span>
    </p>

    <p class='ocr_par' dir='ltr' id='par_1_13' title="bbox 451 1783 3075 1865">
     <span class='ocr_line' id='line_1_14' title="bbox 451 1783 3075 1865; baseline 0 -21"><span class='ocrx_word' id='word_1_114' title='bbox 451 1798 596 1859; x_wconf 90' lang='lat' dir='ltr'>tem,</span> <span class='ocrx_word' id='word_1_115' title='bbox 649 1799 715 1844; x_wconf 91' lang='lat' dir='ltr'>ut</span> <span class='ocrx_word' id='word_1_116' title='bbox 766 1784 975 1844; x_wconf 87' lang='lat' dir='ltr'>omnia</span> <span class='ocrx_word' id='word_1_117' title='bbox 1029 1783 1160 1860; x_wconf 91' lang='lat' dir='ltr'>rite,</span> <span class='ocrx_word' id='word_1_118' title='bbox 1214 1798 1272 1843; x_wconf 91' lang='lat' dir='ltr'>et</span> <span class='ocrx_word' id='word_1_119' title='bbox 1318 1797 1499 1859; x_wconf 89' lang='lat' dir='ltr'>recte,</span> <span class='ocrx_word' id='word_1_120' title='bbox 1544 1799 1602 1844; x_wconf 94' lang='lat' dir='ltr'>et</span> <span class='ocrx_word' id='word_1_121' title='bbox 1648 1803 1721 1844; x_wconf 82' lang='lat' dir='ltr'>ex</span> <span class='ocrx_word' id='word_1_122' title='bbox 1751 1783 2003 1844; x_wconf 86' lang='lat' dir='ltr'>Patrum</span> <span class='ocrx_word' id='word_1_123' title='bbox 2036 1783 2360 1844; x_wconf 86' lang='lat' dir='ltr'>traditione</span> <span class='ocrx_word' id='word_1_124' title='bbox 2395 1783 2560 1862; x_wconf 89' lang='lat' dir='ltr'>fiant,</span> <span class='ocrx_word' id='word_1_125' title='bbox 2592 1800 2650 1846; x_wconf 93' lang='lat' dir='ltr'>et</span> <span class='ocrx_word' id='word_1_126' title='bbox 2682 1801 2749 1844; x_wconf 92' lang='lat' dir='ltr'>ut</span> <span class='ocrx_word' id='word_1_127' title='bbox 2783 1785 2984 1865; x_wconf 84' lang='lat' dir='ltr'>Reges</span> <span class='ocrx_word' id='word_1_128' title='bbox 3017 1800 3075 1845; x_wconf 95' lang='lat' dir='ltr'>et</span> 
     </span>
    </p>

    <p class='ocr_par' dir='ltr' id='par_1_14' title="bbox 450 1889 3070 1971">
     <span class='ocr_line' id='line_1_15' title="bbox 450 1889 3070 1971; baseline 0.001 -20"><span class='ocrx_word' id='word_1_129' title='bbox 450 1889 782 1971; x_wconf 80' lang='lat' dir='ltr'>PrincipeS,</span> <span class='ocrx_word' id='word_1_130' title='bbox 830 1909 1177 1970; x_wconf 88' lang='lat' dir='ltr'>eorumque</span> <span class='ocrx_word' id='word_1_131' title='bbox 1211 1890 1520 1967; x_wconf 75' lang='lat' dir='ltr'>OratoreS,</span> <span class='ocrx_word' id='word_1_132' title='bbox 1565 1890 1845 1970; x_wconf 89' lang='lat' dir='ltr'>aliaeque</span> <span class='ocrx_word' id='word_1_133' title='bbox 1893 1909 2211 1971; x_wconf 87' lang='lat' dir='ltr'>personae,</span> <span class='ocrx_word' id='word_1_134' title='bbox 2260 1891 2441 1951; x_wconf 87' lang='lat' dir='ltr'>etiam</span> <span class='ocrx_word' id='word_1_135' title='bbox 2490 1890 2959 1968; x_wconf 87' lang='lat' dir='ltr'>Ecclesiasticae,</span> <span class='ocrx_word' id='word_1_136' title='bbox 2994 1893 3070 1953; x_wconf 91' lang='lat' dir='ltr'>ad</span> 
     </span>
    </p>

    <p class='ocr_par' dir='ltr' id='par_1_15' title="bbox 342 1996 3070 2079">
     <span class='ocr_line' id='line_1_16' title="bbox 342 1996 3070 2079; baseline 0 -21"><span class='ocrx_word' id='word_1_137' title='bbox 342 2013 393 2058; x_wconf 83' lang='lat'>¹5</span> <span class='ocrx_word' id='word_1_138' title='bbox 451 1997 708 2075; x_wconf 87' lang='lat' dir='ltr'>Urbem,</span> <span class='ocrx_word' id='word_1_139' title='bbox 759 1996 1143 2078; x_wconf 90' lang='lat' dir='ltr'>Curiamque</span> <span class='ocrx_word' id='word_1_140' title='bbox 1181 1997 1534 2059; x_wconf 83' lang='lat' dir='ltr'>Romanam</span> <span class='ocrx_word' id='word_1_141' title='bbox 1582 1997 1919 2075; x_wconf 78' lang='lat' dir='ltr'>venienteS,</span> <span class='ocrx_word' id='word_1_142' title='bbox 1967 2015 2080 2078; x_wconf 89' lang='lat' dir='ltr'>pro</span> <span class='ocrx_word' id='word_1_143' title='bbox 2127 1997 2304 2059; x_wconf 89' lang='lat' dir='ltr'>Sedis</span> <span class='ocrx_word' id='word_1_144' title='bbox 2336 1998 2729 2079; x_wconf 89' lang='lat' dir='ltr'>Apostolicae</span> <span class='ocrx_word' id='word_1_145' title='bbox 2776 1998 3070 2077; x_wconf 88' lang='lat' dir='ltr'>dignitate</span> 
     </span>
    </p>

    <p class='ocr_par' dir='ltr' id='par_1_16' title="bbox 449 2083 3066 2187">
     <span class='ocr_line' id='line_1_17' title="bbox 449 2083 3066 2187; baseline 0 -23"><span class='ocrx_word' id='word_1_146' title='bbox 449 2124 518 2164; x_wconf 85' lang='lat' dir='ltr'>ac</span> <span class='ocrx_word' id='word_1_147' title='bbox 552 2103 923 2183; x_wconf 86' lang='lat' dir='ltr'>benignitate</span> <span class='ocrx_word' id='word_1_148' title='bbox 956 2103 1296 2165; x_wconf 89' lang='lat' dir='ltr'>honorifice</span> <span class='ocrx_word' id='word_1_149' title='bbox 1330 2083 1502 2166; x_wconf 76' lang='lat' dir='ltr'>more</span> <span class='ocrx_word' id='word_1_150' title='bbox 1526 2104 1826 2179; x_wconf 86' lang='lat' dir='ltr'>majorem</span> <span class='ocrx_word' id='word_1_151' title='bbox 1847 2104 2228 2185; x_wconf 82' lang='lat' dir='ltr'>excipiantur</span> <span class='ocrx_word' id='word_1_152' title='bbox 2248 2105 2688 2186; x_wconf 88' lang='lat' dir='ltr'>cogitationem</span> <span class='ocrx_word' id='word_1_153' title='bbox 2708 2105 3066 2187; x_wconf 88' lang='lat' dir='ltr'>suscipiant,</span> 
     </span>
    </p>

    <p class='ocr_par' dir='ltr' id='par_1_17' title="bbox 448 2211 3062 2293">
     <span class='ocr_line' id='line_1_18' title="bbox 448 2211 3062 2293; baseline 0.001 -22"><span class='ocrx_word' id='word_1_154' title='bbox 448 2211 796 2292; x_wconf 91' lang='lat' dir='ltr'>seduloque</span> <span class='ocrx_word' id='word_1_155' title='bbox 846 2211 1244 2293; x_wconf 87' lang='lat' dir='ltr'>provideant:</span> <span class='ocrx_word' id='word_1_156' title='bbox 1309 2211 1777 2273; x_wconf 87' lang='lat' dir='ltr'>Controversias</span> <span class='ocrx_word' id='word_1_157' title='bbox 1828 2212 1904 2272; x_wconf 91' lang='lat' dir='ltr'>de</span> <span class='ocrx_word' id='word_1_158' title='bbox 1957 2211 2379 2293; x_wconf 87' lang='lat' dir='ltr'>praecedentia</span> <span class='ocrx_word' id='word_1_159' title='bbox 2430 2213 2495 2272; x_wconf 93' lang='lat' dir='ltr'>in</span> <span class='ocrx_word' id='word_1_160' title='bbox 2546 2212 3062 2293; x_wconf 87' lang='lat' dir='ltr'>processionibus,</span> 
     </span>
    </p>

    <p class='ocr_par' dir='ltr' id='par_1_18' title="bbox 447 2317 3069 2399">
     <span class='ocr_line' id='line_1_19' title="bbox 447 2317 3069 2399; baseline 0 -20"><span class='ocrx_word' id='word_1_161' title='bbox 447 2334 551 2379; x_wconf 90' lang='lat' dir='ltr'>aut</span> <span class='ocrx_word' id='word_1_162' title='bbox 596 2318 759 2393; x_wconf 88' lang='lat' dir='ltr'>alibi,</span> <span class='ocrx_word' id='word_1_163' title='bbox 807 2334 1197 2399; x_wconf 88' lang='lat' dir='ltr'>caeterasque</span> <span class='ocrx_word' id='word_1_164' title='bbox 1236 2318 1296 2380; x_wconf 91' lang='lat' dir='ltr'>in</span> <span class='ocrx_word' id='word_1_165' title='bbox 1336 2317 1700 2397; x_wconf 90' lang='lat' dir='ltr'>hujusmodi</span> <span class='ocrx_word' id='word_1_166' title='bbox 1731 2318 1913 2380; x_wconf 90' lang='lat' dir='ltr'>sacris</span> <span class='ocrx_word' id='word_1_167' title='bbox 1946 2319 2164 2380; x_wconf 87' lang='lat' dir='ltr'>ritibus</span> <span class='ocrx_word' id='word_1_168' title='bbox 2196 2335 2254 2380; x_wconf 93' lang='lat' dir='ltr'>et</span> <span class='ocrx_word' id='word_1_169' title='bbox 2286 2319 2687 2380; x_wconf 90' lang='lat' dir='ltr'>caeremoniis</span> <span class='ocrx_word' id='word_1_170' title='bbox 2718 2319 3069 2381; x_wconf 88' lang='lat' dir='ltr'>incidentes</span> 
     </span>
    </p>
   </div>
   <div class='ocr_carea' id='block_1_3' title="bbox 447 2425 2511 2506">
    <p class='ocr_par' dir='ltr' id='par_1_19' title="bbox 447 2425 2511 2506">
     <span class='ocr_line' id='line_1_20' title="bbox 447 2425 2511 2506; baseline 0 -20"><span class='ocrx_word' id='word_1_171' title='bbox 447 2425 836 2488; x_wconf 87' lang='lat' dir='ltr'>difficultates</span> <span class='ocrx_word' id='word_1_172' title='bbox 868 2444 1262 2506; x_wconf 87' lang='lat' dir='ltr'>cognoscant,</span> <span class='ocrx_word' id='word_1_173' title='bbox 1297 2426 1631 2487; x_wconf 89' lang='lat' dir='ltr'>summarie</span> <span class='ocrx_word' id='word_1_174' title='bbox 1663 2426 1993 2488; x_wconf 89' lang='lat' dir='ltr'>terminent</span> <span class='ocrx_word' id='word_1_175' title='bbox 2026 2443 2083 2487; x_wconf 92' lang='lat' dir='ltr'>et</span> <span class='ocrx_word' id='word_1_176' title='bbox 2117 2443 2511 2506; x_wconf 88' lang='lat' dir='ltr'>componant.</span> 
     </span>
    </p>
   </div>
   <div class='ocr_carea' id='block_1_4' title="bbox 333 2655 3069 2845">
    <p class='ocr_par' dir='ltr' id='par_1_20' title="bbox 333 2655 3069 2845">
     <span class='ocr_line' id='line_1_21' title="bbox 333 2655 3069 2741; baseline -0 -19"><span class='ocrx_word' id='word_1_177' title='bbox 333 2689 392 2722; x_wconf 64' lang='grc' dir='ltr'>ιο</span> <span class='ocrx_word' id='word_1_178' title='bbox 448 2655 866 2739; x_wconf 81' lang='lat' dir='ltr'>Congregatio</span> <span class='ocrx_word' id='word_1_179' title='bbox 912 2658 1004 2721; x_wconf 92' lang='lat' dir='ltr'>VI.</span> <span class='ocrx_word' id='word_1_180' title='bbox 1017 2705 1040 2734; x_wconf 84' lang='lat'>,</span> <span class='ocrx_word' id='word_1_181' title='bbox 1072 2668 1196 2741; x_wconf 84' lang='lat' dir='ltr'>pro</span> <span class='ocrx_word' id='word_1_182' title='bbox 1232 2658 1456 2721; x_wconf 81' lang='lat' dir='ltr'>Classe</span> <span class='ocrx_word' id='word_1_183' title='bbox 1490 2659 1780 2741; x_wconf 81' lang='lat' dir='ltr'>paranda</span> <span class='ocrx_word' id='word_1_184' title='bbox 1826 2666 1887 2719; x_wconf 85' lang='lat' dir='ltr'>et</span> <span class='ocrx_word' id='word_1_185' title='bbox 1916 2660 2243 2735; x_wconf 85' lang='lat' dir='ltr'>servanda,</span> <span class='ocrx_word' id='word_1_186' title='bbox 2277 2660 2363 2720; x_wconf 85' lang='lat' dir='ltr'>ad</span> <span class='ocrx_word' id='word_1_187' title='bbox 2390 2660 2599 2721; x_wconf 83' lang='lat' dir='ltr'>Status</span> <span class='ocrx_word' id='word_1_188' title='bbox 2631 2658 3069 2722; x_wconf 83' lang='lat' dir='ltr'>Ecclesiastici</span> 
     </span>
     <span class='ocr_line' id='line_1_22' title="bbox 1548 2768 1975 2845; baseline 0.002 -18"><span class='ocrx_word' id='word_1_189' title='bbox 1548 2768 1975 2845; x_wconf 81' lang='lat' dir='ltr'>defensionem.</span> 
     </span>
    </p>
   </div>
   <div class='ocr_carea' id='block_1_5' title="bbox 312 2959 3060 4968">
    <p class='ocr_par' dir='ltr' id='par_1_21' title="bbox 440 2959 3060 3259">
     <span class='ocr_line' id='line_1_23' title="bbox 659 2959 3059 3043; baseline 0.003 -22"><span class='ocrx_word' id='word_1_190' title='bbox 659 2960 970 3021; x_wconf 84' lang='lat' dir='ltr'>Praeterea</span> <span class='ocrx_word' id='word_1_191' title='bbox 1004 2976 1409 3040; x_wconf 89' lang='lat' dir='ltr'>posteaquam</span> <span class='ocrx_word' id='word_1_192' title='bbox 1443 2959 1557 3020; x_wconf 91' lang='lat' dir='ltr'>Dei</span> <span class='ocrx_word' id='word_1_193' title='bbox 1593 2959 1986 3040; x_wconf 84' lang='lat' dir='ltr'>benignitate,</span> <span class='ocrx_word' id='word_1_194' title='bbox 2021 2980 2136 3022; x_wconf 86' lang='lat' dir='ltr'>nec</span> <span class='ocrx_word' id='word_1_195' title='bbox 2169 2961 2299 3022; x_wconf 90' lang='lat' dir='ltr'>sine</span> <span class='ocrx_word' id='word_1_196' title='bbox 2335 2981 2567 3043; x_wconf 90' lang='lat' dir='ltr'>magno</span> <span class='ocrx_word' id='word_1_197' title='bbox 2601 2980 2815 3026; x_wconf 90' lang='lat' dir='ltr'>nostro</span> <span class='ocrx_word' id='word_1_198' title='bbox 2849 2966 3059 3027; x_wconf 92' lang='lat' dir='ltr'>labore</span> 
     </span>
     <span class='ocr_line' id='line_1_24' title="bbox 443 3068 3060 3155; baseline 0.003 -29"><span class='ocrx_word' id='word_1_199' title='bbox 443 3081 499 3126; x_wconf 85' lang='lat' dir='ltr'>et</span> <span class='ocrx_word' id='word_1_200' title='bbox 544 3081 819 3147; x_wconf 87' lang='lat' dir='ltr'>sumptu,</span> <span class='ocrx_word' id='word_1_201' title='bbox 867 3068 1253 3147; x_wconf 89' lang='lat' dir='ltr'>perditorum</span> <span class='ocrx_word' id='word_1_202' title='bbox 1302 3068 1635 3129; x_wconf 86' lang='lat' dir='ltr'>hominum</span> <span class='ocrx_word' id='word_1_203' title='bbox 1681 3068 1918 3129; x_wconf 88' lang='lat' dir='ltr'>licentia</span> <span class='ocrx_word' id='word_1_204' title='bbox 1955 3088 2326 3151; x_wconf 89' lang='lat' dir='ltr'>compressa,</span> <span class='ocrx_word' id='word_1_205' title='bbox 2363 3070 2607 3152; x_wconf 90' lang='lat' dir='ltr'>publica</span> <span class='ocrx_word' id='word_1_206' title='bbox 2649 3074 3060 3155; x_wconf 88' lang='lat' dir='ltr'>tranquillitas</span> 
     </span>
     <span class='ocr_line' id='line_1_25' title="bbox 440 3172 3056 3259; baseline 0.003 -26"><span class='ocrx_word' id='word_1_207' title='bbox 440 3172 504 3233; x_wconf 91' lang='lat' dir='ltr'>in</span> <span class='ocrx_word' id='word_1_208' title='bbox 536 3172 685 3233; x_wconf 87' lang='lat' dir='ltr'>locis</span> <span class='ocrx_word' id='word_1_209' title='bbox 718 3174 1177 3235; x_wconf 88' lang='lat' dir='ltr'>mediterraneis</span> <span class='ocrx_word' id='word_1_210' title='bbox 1209 3176 1481 3235; x_wconf 88' lang='lat' dir='ltr'>restituta</span> <span class='ocrx_word' id='word_1_211' title='bbox 1515 3190 1626 3253; x_wconf 91' lang='lat' dir='ltr'>est,</span> <span class='ocrx_word' id='word_1_212' title='bbox 1663 3190 1728 3235; x_wconf 91' lang='lat' dir='ltr'>ut</span> <span class='ocrx_word' id='word_1_213' title='bbox 1760 3174 1881 3252; x_wconf 86' lang='lat' dir='ltr'>jam</span> <span class='ocrx_word' id='word_1_214' title='bbox 1916 3176 2254 3258; x_wconf 91' lang='lat' dir='ltr'>unicuique</span> <span class='ocrx_word' id='word_1_215' title='bbox 2288 3181 2519 3259; x_wconf 87' lang='lat' dir='ltr'>absque</span> <span class='ocrx_word' id='word_1_216' title='bbox 2542 3180 2764 3242; x_wconf 90' lang='lat' dir='ltr'>timore</span> <span class='ocrx_word' id='word_1_217' title='bbox 2785 3182 2917 3242; x_wconf 94' lang='lat' dir='ltr'>ullo</span> <span class='ocrx_word' id='word_1_218' title='bbox 2940 3183 3056 3242; x_wconf 90' lang='lat' dir='ltr'>sub</span> 
     </span>
    </p>

    <p class='ocr_par' dir='ltr' id='par_1_22' title="bbox 327 3279 3056 3790">
     <span class='ocr_line' id='line_1_26' title="bbox 327 3279 3056 3368; baseline 0.004 -29"><span class='ocrx_word' id='word_1_219' title='bbox 327 3307 382 3352; x_wconf 81' lang='lat'>25</span> <span class='ocrx_word' id='word_1_220' title='bbox 440 3279 557 3339; x_wconf 92' lang='lat' dir='ltr'>vite</span> <span class='ocrx_word' id='word_1_221' title='bbox 590 3300 700 3340; x_wconf 88' lang='lat' dir='ltr'>sua</span> <span class='ocrx_word' id='word_1_222' title='bbox 733 3294 792 3340; x_wconf 94' lang='lat' dir='ltr'>et</span> <span class='ocrx_word' id='word_1_223' title='bbox 822 3282 938 3340; x_wconf 91' lang='lat' dir='ltr'>sub</span> <span class='ocrx_word' id='word_1_224' title='bbox 971 3279 1094 3341; x_wconf 88' lang='lat' dir='ltr'>ficu</span> <span class='ocrx_word' id='word_1_225' title='bbox 1127 3300 1235 3342; x_wconf 89' lang='lat' dir='ltr'>sua</span> <span class='ocrx_word' id='word_1_226' title='bbox 1270 3281 1580 3362; x_wconf 88' lang='lat' dir='ltr'>quiescere</span> <span class='ocrx_word' id='word_1_227' title='bbox 1632 3281 1823 3359; x_wconf 89' lang='lat' dir='ltr'>liceat,</span> <span class='ocrx_word' id='word_1_228' title='bbox 1874 3284 2186 3364; x_wconf 90' lang='lat' dir='ltr'>cupientes</span> <span class='ocrx_word' id='word_1_229' title='bbox 2219 3300 2287 3345; x_wconf 89' lang='lat' dir='ltr'>ut</span> <span class='ocrx_word' id='word_1_230' title='bbox 2318 3284 2516 3346; x_wconf 88' lang='lat' dir='ltr'>littora</span> <span class='ocrx_word' id='word_1_231' title='bbox 2549 3306 2822 3368; x_wconf 90' lang='lat' dir='ltr'>quoque,</span> <span class='ocrx_word' id='word_1_232' title='bbox 2859 3304 2917 3349; x_wconf 88' lang='lat' dir='ltr'>et</span> <span class='ocrx_word' id='word_1_233' title='bbox 2948 3308 3056 3349; x_wconf 92' lang='lat' dir='ltr'>ore</span> 
     </span>
     <span class='ocr_line' id='line_1_27' title="bbox 439 3385 3056 3474; baseline 0.004 -29"><span class='ocrx_word' id='word_1_234' title='bbox 439 3385 775 3447; x_wconf 89' lang='lat' dir='ltr'>maritimae</span> <span class='ocrx_word' id='word_1_235' title='bbox 808 3386 1060 3448; x_wconf 90' lang='lat' dir='ltr'>ditionis</span> <span class='ocrx_word' id='word_1_236' title='bbox 1093 3402 1357 3465; x_wconf 88' lang='lat' dir='ltr'>nostrae,</span> <span class='ocrx_word' id='word_1_237' title='bbox 1389 3388 1597 3469; x_wconf 89' lang='lat' dir='ltr'>superi</span> <span class='ocrx_word' id='word_1_238' title='bbox 1630 3388 1930 3468; x_wconf 90' lang='lat' dir='ltr'>inferique</span> <span class='ocrx_word' id='word_1_239' title='bbox 1965 3389 2166 3465; x_wconf 84' lang='lat' dir='ltr'>maris,</span> <span class='ocrx_word' id='word_1_240' title='bbox 2215 3411 2248 3450; x_wconf 88' lang='lat' dir='ltr'>a</span> <span class='ocrx_word' id='word_1_241' title='bbox 2283 3392 2488 3471; x_wconf 90' lang='lat' dir='ltr'>piratis</span> <span class='ocrx_word' id='word_1_242' title='bbox 2521 3412 2589 3453; x_wconf 87' lang='lat' dir='ltr'>ac</span> <span class='ocrx_word' id='word_1_243' title='bbox 2622 3394 3056 3474; x_wconf 84' lang='lat' dir='ltr'>praedonibus,</span> 
     </span>
     <span class='ocr_line' id='line_1_28' title="bbox 439 3493 3054 3575; baseline 0.002 -22"><span class='ocrx_word' id='word_1_244' title='bbox 439 3508 744 3573; x_wconf 89' lang='lat' dir='ltr'>quantum</span> <span class='ocrx_word' id='word_1_245' title='bbox 790 3493 920 3554; x_wconf 90' lang='lat' dir='ltr'>fieri</span> <span class='ocrx_word' id='word_1_246' title='bbox 968 3510 1186 3575; x_wconf 91' lang='lat' dir='ltr'>potest,</span> <span class='ocrx_word' id='word_1_247' title='bbox 1226 3509 1391 3555; x_wconf 86' lang='lat' dir='ltr'>tutae</span> <span class='ocrx_word' id='word_1_248' title='bbox 1424 3495 1563 3572; x_wconf 89' lang='lat' dir='ltr'>sint,</span> <span class='ocrx_word' id='word_1_249' title='bbox 1598 3495 1832 3555; x_wconf 88' lang='lat' dir='ltr'>nedum</span> <span class='ocrx_word' id='word_1_250' title='bbox 1866 3495 1941 3554; x_wconf 87' lang='lat' dir='ltr'>ad</span> <span class='ocrx_word' id='word_1_251' title='bbox 1979 3511 2336 3557; x_wconf 86' lang='lat' dir='ltr'>nostrorum</span> <span class='ocrx_word' id='word_1_252' title='bbox 2370 3496 2788 3575; x_wconf 88' lang='lat' dir='ltr'>subjectorum</span> <span class='ocrx_word' id='word_1_253' title='bbox 2824 3500 3054 3562; x_wconf 90' lang='lat' dir='ltr'>securi-</span> 
     </span>
     <span class='ocr_line' id='line_1_29' title="bbox 435 3601 3053 3684; baseline 0.002 -24"><span class='ocrx_word' id='word_1_254' title='bbox 435 3615 639 3678; x_wconf 89' lang='lat' dir='ltr'>tatem,</span> <span class='ocrx_word' id='word_1_255' title='bbox 677 3620 891 3662; x_wconf 90' lang='lat' dir='ltr'>verum</span> <span class='ocrx_word' id='word_1_256' title='bbox 924 3618 992 3663; x_wconf 90' lang='lat' dir='ltr'>ut</span> <span class='ocrx_word' id='word_1_257' title='bbox 1025 3618 1261 3665; x_wconf 83' lang='lat' dir='ltr'>exterae</span> <span class='ocrx_word' id='word_1_258' title='bbox 1294 3620 1550 3682; x_wconf 90' lang='lat' dir='ltr'>quoque</span> <span class='ocrx_word' id='word_1_259' title='bbox 1584 3601 1863 3662; x_wconf 89' lang='lat' dir='ltr'>nationes</span> <span class='ocrx_word' id='word_1_260' title='bbox 1894 3603 1970 3664; x_wconf 90' lang='lat' dir='ltr'>ad</span> <span class='ocrx_word' id='word_1_261' title='bbox 2006 3603 2163 3663; x_wconf 87' lang='lat' dir='ltr'>hanc</span> <span class='ocrx_word' id='word_1_262' title='bbox 2185 3602 2325 3663; x_wconf 83' lang='lat' dir='ltr'>fidei</span> <span class='ocrx_word' id='word_1_263' title='bbox 2346 3621 2599 3684; x_wconf 86' lang='lat' dir='ltr'>petram,</span> <span class='ocrx_word' id='word_1_264' title='bbox 2621 3624 3053 3667; x_wconf 91' lang='lat' dir='ltr'>communem-</span> 
     </span>
     <span class='ocr_line' id='line_1_30' title="bbox 436 3707 3054 3790; baseline 0.003 -22"><span class='ocrx_word' id='word_1_265' title='bbox 436 3728 558 3788; x_wconf 91' lang='lat' dir='ltr'>que</span> <span class='ocrx_word' id='word_1_266' title='bbox 610 3707 885 3770; x_wconf 85' lang='lat' dir='ltr'>fidelium</span> <span class='ocrx_word' id='word_1_267' title='bbox 933 3726 1187 3770; x_wconf 89' lang='lat' dir='ltr'>matrem</span> <span class='ocrx_word' id='word_1_268' title='bbox 1240 3728 1473 3783; x_wconf 90' lang='lat' dir='ltr'>secure,</span> <span class='ocrx_word' id='word_1_269' title='bbox 1523 3728 1636 3790; x_wconf 89' lang='lat' dir='ltr'>pro</span> <span class='ocrx_word' id='word_1_270' title='bbox 1683 3729 1758 3770; x_wconf 93' lang='lat' dir='ltr'>eo</span> <span class='ocrx_word' id='word_1_271' title='bbox 1810 3710 1980 3790; x_wconf 90' lang='lat' dir='ltr'>quod</span> <span class='ocrx_word' id='word_1_272' title='bbox 2029 3710 2092 3770; x_wconf 93' lang='lat' dir='ltr'>in</span> <span class='ocrx_word' id='word_1_273' title='bbox 2142 3711 2321 3770; x_wconf 92' lang='lat' dir='ltr'>nobis</span> <span class='ocrx_word' id='word_1_274' title='bbox 2372 3726 2479 3785; x_wconf 87' lang='lat' dir='ltr'>est,</span> <span class='ocrx_word' id='word_1_275' title='bbox 2529 3713 2838 3787; x_wconf 87' lang='lat' dir='ltr'>accedant,</span> <span class='ocrx_word' id='word_1_276' title='bbox 2892 3733 2967 3774; x_wconf 93' lang='lat' dir='ltr'>ne</span> <span class='ocrx_word' id='word_1_277' title='bbox 3019 3734 3054 3775; x_wconf 92' lang='lat' dir='ltr'>a</span> 
     </span>
    </p>

    <p class='ocr_par' dir='ltr' id='par_1_23' title="bbox 324 3815 2868 3898">
     <span class='ocr_line' id='line_1_31' title="bbox 324 3815 2868 3898; baseline 0.002 -24"><span class='ocrx_word' id='word_1_278' title='bbox 324 3841 380 3885; x_wconf 84' lang='lat'>30</span> <span class='ocrx_word' id='word_1_279' title='bbox 433 3815 641 3896; x_wconf 87' lang='lat' dir='ltr'>piratis</span> <span class='ocrx_word' id='word_1_280' title='bbox 673 3815 736 3875; x_wconf 92' lang='lat' dir='ltr'>in</span> <span class='ocrx_word' id='word_1_281' title='bbox 772 3815 1057 3877; x_wconf 88' lang='lat' dir='ltr'>miseram</span> <span class='ocrx_word' id='word_1_282' title='bbox 1090 3817 1465 3893; x_wconf 88' lang='lat' dir='ltr'>servitutem,</span> <span class='ocrx_word' id='word_1_283' title='bbox 1497 3817 1668 3897; x_wconf 89' lang='lat' dir='ltr'>quod</span> <span class='ocrx_word' id='word_1_284' title='bbox 1702 3816 1848 3877; x_wconf 89' lang='lat' dir='ltr'>alias</span> <span class='ocrx_word' id='word_1_285' title='bbox 1882 3836 2169 3898; x_wconf 88' lang='lat' dir='ltr'>persaepe</span> <span class='ocrx_word' id='word_1_286' title='bbox 2201 3817 2434 3895; x_wconf 88' lang='lat' dir='ltr'>accidit,</span> <span class='ocrx_word' id='word_1_287' title='bbox 2471 3820 2868 3881; x_wconf 88' lang='lat' dir='ltr'>abducantur.</span> 
     </span>
    </p>

    <p class='ocr_par' dir='ltr' id='par_1_24' title="bbox 431 3922 3053 4327">
     <span class='ocr_line' id='line_1_32' title="bbox 648 3922 3044 4005; baseline 0.002 -22"><span class='ocrx_word' id='word_1_288' title='bbox 648 3932 676 3991; x_wconf 79' lang='lat' dir='ltr'>S</span> <span class='ocrx_word' id='word_1_289' title='bbox 723 3944 769 3983; x_wconf 85' lang='lat'>1.</span> <span class='ocrx_word' id='word_1_290' title='bbox 834 3923 935 3983; x_wconf 90' lang='lat' dir='ltr'>Ob</span> <span class='ocrx_word' id='word_1_291' title='bbox 982 3943 1081 3983; x_wconf 88' lang='lat' dir='ltr'>eas</span> <span class='ocrx_word' id='word_1_292' title='bbox 1127 3942 1340 3985; x_wconf 89' lang='lat' dir='ltr'>causas</span> <span class='ocrx_word' id='word_1_293' title='bbox 1372 3922 1729 3985; x_wconf 88' lang='lat' dir='ltr'>Cardinales</span> <span class='ocrx_word' id='word_1_294' title='bbox 1775 3924 2056 4004; x_wconf 92' lang='lat' dir='ltr'>quinque</span> <span class='ocrx_word' id='word_1_295' title='bbox 2105 3925 2492 4005; x_wconf 81' lang='lat' dir='ltr'>praeficimus</span> <span class='ocrx_word' id='word_1_296' title='bbox 2538 3926 2888 3987; x_wconf 88' lang='lat' dir='ltr'>triremibus</span> <span class='ocrx_word' id='word_1_297' title='bbox 2923 3947 3044 3988; x_wconf 91' lang='lat' dir='ltr'>nu-</span> 
     </span>
     <span class='ocr_line' id='line_1_33' title="bbox 433 4029 3053 4112; baseline 0.002 -23"><span class='ocrx_word' id='word_1_298' title='bbox 433 4048 607 4089; x_wconf 90' lang='lat' dir='ltr'>mero</span> <span class='ocrx_word' id='word_1_299' title='bbox 656 4029 870 4089; x_wconf 91' lang='lat' dir='ltr'>decem</span> <span class='ocrx_word' id='word_1_300' title='bbox 917 4030 1224 4110; x_wconf 87' lang='lat' dir='ltr'>parandis,</span> <span class='ocrx_word' id='word_1_301' title='bbox 1269 4031 1681 4107; x_wconf 82' lang='lat' dir='ltr'>aedificandis,</span> <span class='ocrx_word' id='word_1_302' title='bbox 1725 4032 2040 4109; x_wconf 89' lang='lat' dir='ltr'>ornandis,</span> <span class='ocrx_word' id='word_1_303' title='bbox 2090 4032 2392 4112; x_wconf 89' lang='lat' dir='ltr'>omnique</span> <span class='ocrx_word' id='word_1_304' title='bbox 2427 4033 2769 4094; x_wconf 88' lang='lat' dir='ltr'>necessario</span> <span class='ocrx_word' id='word_1_305' title='bbox 2803 4034 3053 4095; x_wconf 87' lang='lat' dir='ltr'>nautico</span> 
     </span>
     <span class='ocr_line' id='line_1_34' title="bbox 431 4136 3044 4221; baseline 0.003 -26"><span class='ocrx_word' id='word_1_306' title='bbox 431 4150 488 4195; x_wconf 89' lang='lat' dir='ltr'>et</span> <span class='ocrx_word' id='word_1_307' title='bbox 533 4136 775 4196; x_wconf 87' lang='lat' dir='ltr'>militari</span> <span class='ocrx_word' id='word_1_308' title='bbox 821 4152 1111 4217; x_wconf 88' lang='lat' dir='ltr'>apparatu</span> <span class='ocrx_word' id='word_1_309' title='bbox 1163 4136 1555 4215; x_wconf 90' lang='lat' dir='ltr'>instruendis,</span> <span class='ocrx_word' id='word_1_310' title='bbox 1589 4156 1860 4218; x_wconf 88' lang='lat' dir='ltr'>curaque</span> <span class='ocrx_word' id='word_1_311' title='bbox 1894 4139 2356 4219; x_wconf 88' lang='lat' dir='ltr'>diligentissima</span> <span class='ocrx_word' id='word_1_312' title='bbox 2391 4141 2849 4218; x_wconf 86' lang='lat' dir='ltr'>conservandis,</span> <span class='ocrx_word' id='word_1_313' title='bbox 2886 4161 3044 4221; x_wconf 86' lang='lat' dir='ltr'>qua-</span> 
     </span>
     <span class='ocr_line' id='line_1_35' title="bbox 432 4243 3049 4327; baseline 0.003 -25"><span class='ocrx_word' id='word_1_314' title='bbox 432 4261 571 4303; x_wconf 91' lang='lat' dir='ltr'>rum</span> <span class='ocrx_word' id='word_1_315' title='bbox 618 4261 760 4323; x_wconf 88' lang='lat' dir='ltr'>ope,</span> <span class='ocrx_word' id='word_1_316' title='bbox 806 4258 865 4304; x_wconf 91' lang='lat' dir='ltr'>et</span> <span class='ocrx_word' id='word_1_317' title='bbox 911 4244 1235 4325; x_wconf 88' lang='lat' dir='ltr'>praesidio,</span> <span class='ocrx_word' id='word_1_318' title='bbox 1287 4245 1420 4305; x_wconf 91' lang='lat' dir='ltr'>Deo</span> <span class='ocrx_word' id='word_1_319' title='bbox 1457 4243 1755 4321; x_wconf 86' lang='lat' dir='ltr'>adjutore,</span> <span class='ocrx_word' id='word_1_320' title='bbox 1793 4246 2038 4325; x_wconf 87' lang='lat' dir='ltr'>piratae,</span> <span class='ocrx_word' id='word_1_321' title='bbox 2072 4262 2129 4307; x_wconf 93' lang='lat' dir='ltr'>et</span> <span class='ocrx_word' id='word_1_322' title='bbox 2162 4247 2500 4327; x_wconf 90' lang='lat' dir='ltr'>praedones</span> <span class='ocrx_word' id='word_1_323' title='bbox 2533 4255 2952 4327; x_wconf 71' lang='lat' dir='ltr'>coerceantur,</span> <span class='ocrx_word' id='word_1_324' title='bbox 2991 4264 3049 4309; x_wconf 94' lang='lat' dir='ltr'>et</span> 
     </span>
    </p>

    <p class='ocr_par' dir='ltr' id='par_1_25' title="bbox 319 4349 3050 4862">
     <span class='ocr_line' id='line_1_36' title="bbox 319 4349 3050 4433; baseline 0.003 -25"><span class='ocrx_word' id='word_1_325' title='bbox 319 4376 371 4422; x_wconf 83' lang='lat'>35</span> <span class='ocrx_word' id='word_1_326' title='bbox 430 4370 461 4409; x_wconf 87' lang='lat' dir='ltr'>a</span> <span class='ocrx_word' id='word_1_327' title='bbox 515 4350 740 4409; x_wconf 89' lang='lat' dir='ltr'>nostris</span> <span class='ocrx_word' id='word_1_328' title='bbox 790 4349 1095 4411; x_wconf 90' lang='lat' dir='ltr'>littoribus</span> <span class='ocrx_word' id='word_1_329' title='bbox 1143 4350 1330 4431; x_wconf 88' lang='lat' dir='ltr'>longe</span> <span class='ocrx_word' id='word_1_330' title='bbox 1379 4352 1768 4433; x_wconf 89' lang='lat' dir='ltr'>repellantur,</span> <span class='ocrx_word' id='word_1_331' title='bbox 1822 4372 2012 4433; x_wconf 89' lang='lat' dir='ltr'>quare</span> <span class='ocrx_word' id='word_1_332' title='bbox 2059 4369 2117 4414; x_wconf 93' lang='lat' dir='ltr'>et</span> <span class='ocrx_word' id='word_1_333' title='bbox 2161 4373 2370 4413; x_wconf 88' lang='lat' dir='ltr'>earum</span> <span class='ocrx_word' id='word_1_334' title='bbox 2405 4355 2750 4415; x_wconf 90' lang='lat' dir='ltr'>triremium</span> <span class='ocrx_word' id='word_1_335' title='bbox 2786 4356 3050 4417; x_wconf 88' lang='lat' dir='ltr'>idoneos</span> 
     </span>
     <span class='ocr_line' id='line_1_37' title="bbox 430 4455 3045 4541; baseline 0.002 -25"><span class='ocrx_word' id='word_1_336' title='bbox 430 4455 636 4516; x_wconf 90' lang='lat' dir='ltr'>Duces</span> <span class='ocrx_word' id='word_1_337' title='bbox 684 4477 752 4518; x_wconf 88' lang='lat' dir='ltr'>ac</span> <span class='ocrx_word' id='word_1_338' title='bbox 784 4458 1150 4535; x_wconf 88' lang='lat' dir='ltr'>Praefectos,</span> <span class='ocrx_word' id='word_1_339' title='bbox 1204 4458 1386 4519; x_wconf 90' lang='lat' dir='ltr'>nobis</span> <span class='ocrx_word' id='word_1_340' title='bbox 1433 4474 1639 4520; x_wconf 88' lang='lat' dir='ltr'>tamen</span> <span class='ocrx_word' id='word_1_341' title='bbox 1686 4476 1745 4521; x_wconf 93' lang='lat' dir='ltr'>et</span> <span class='ocrx_word' id='word_1_342' title='bbox 1777 4479 1890 4541; x_wconf 89' lang='lat' dir='ltr'>pro</span> <span class='ocrx_word' id='word_1_343' title='bbox 1921 4475 2199 4541; x_wconf 87' lang='lat' dir='ltr'>ternpore</span> <span class='ocrx_word' id='word_1_344' title='bbox 2237 4461 2526 4522; x_wconf 88' lang='lat' dir='ltr'>Romano</span> <span class='ocrx_word' id='word_1_345' title='bbox 2560 4461 2856 4523; x_wconf 85' lang='lat' dir='ltr'>Pontifice</span> <span class='ocrx_word' id='word_1_346' title='bbox 2891 4481 3045 4522; x_wconf 87' lang='lat' dir='ltr'>con-</span> 
     </span>
     <span class='ocr_line' id='line_1_38' title="bbox 427 4563 3045 4649; baseline 0.003 -26"><span class='ocrx_word' id='word_1_347' title='bbox 427 4563 620 4644; x_wconf 68' lang='lat' dir='ltr'>sultis,</span> <span class='ocrx_word' id='word_1_348' title='bbox 675 4564 964 4643; x_wconf 84' lang='lat' dir='ltr'>deligant,</span> <span class='ocrx_word' id='word_1_349' title='bbox 1018 4583 1076 4626; x_wconf 91' lang='lat' dir='ltr'>et</span> <span class='ocrx_word' id='word_1_350' title='bbox 1128 4582 1361 4626; x_wconf 89' lang='lat' dir='ltr'>caetera</span> <span class='ocrx_word' id='word_1_351' title='bbox 1409 4567 1616 4628; x_wconf 88' lang='lat' dir='ltr'>omnia</span> <span class='ocrx_word' id='word_1_352' title='bbox 1663 4567 1737 4627; x_wconf 86' lang='lat' dir='ltr'>ad</span> <span class='ocrx_word' id='word_1_353' title='bbox 1785 4588 1855 4628; x_wconf 88' lang='lat' dir='ltr'>ea</span> <span class='ocrx_word' id='word_1_354' title='bbox 1899 4587 2057 4648; x_wconf 86' lang='lat' dir='ltr'>quae</span> <span class='ocrx_word' id='word_1_355' title='bbox 2092 4568 2358 4629; x_wconf 83' lang='lat' dir='ltr'>diximus</span> <span class='ocrx_word' id='word_1_356' title='bbox 2391 4568 2661 4629; x_wconf 89' lang='lat' dir='ltr'>celeriter</span> <span class='ocrx_word' id='word_1_357' title='bbox 2694 4568 3045 4649; x_wconf 90' lang='lat' dir='ltr'>utiliterque</span> 
     </span>
     <span class='ocr_line' id='line_1_39' title="bbox 427 4670 3039 4755; baseline 0.002 -24"><span class='ocrx_word' id='word_1_358' title='bbox 427 4670 765 4749; x_wconf 88' lang='lat' dir='ltr'>efficienda,</span> <span class='ocrx_word' id='word_1_359' title='bbox 813 4692 923 4752; x_wconf 94' lang='lat' dir='ltr'>pro</span> <span class='ocrx_word' id='word_1_360' title='bbox 970 4672 1250 4753; x_wconf 89' lang='lat' dir='ltr'>ipsorum</span> <span class='ocrx_word' id='word_1_361' title='bbox 1296 4672 1615 4754; x_wconf 90' lang='lat' dir='ltr'>prudentia</span> <span class='ocrx_word' id='word_1_362' title='bbox 1662 4688 1720 4733; x_wconf 90' lang='lat' dir='ltr'>et</span> <span class='ocrx_word' id='word_1_363' title='bbox 1764 4674 2085 4734; x_wconf 88' lang='lat' dir='ltr'>sedulitate</span> <span class='ocrx_word' id='word_1_364' title='bbox 2120 4674 2447 4754; x_wconf 90' lang='lat' dir='ltr'>disponant</span> <span class='ocrx_word' id='word_1_365' title='bbox 2479 4690 2663 4755; x_wconf 90' lang='lat' dir='ltr'>atque</span> <span class='ocrx_word' id='word_1_366' title='bbox 2699 4675 3039 4755; x_wconf 86' lang='lat' dir='ltr'>expediant.</span> 
     </span>
     <span class='ocr_line' id='line_1_40' title="bbox 427 4778 3042 4862; baseline 0.001 -23"><span class='ocrx_word' id='word_1_367' title='bbox 427 4778 668 4840; x_wconf 90' lang='lat' dir='ltr'>Deinde</span> <span class='ocrx_word' id='word_1_368' title='bbox 715 4799 970 4861; x_wconf 89' lang='lat' dir='ltr'>operam</span> <span class='ocrx_word' id='word_1_369' title='bbox 1017 4781 1367 4857; x_wconf 88' lang='lat' dir='ltr'>adhibeant,</span> <span class='ocrx_word' id='word_1_370' title='bbox 1417 4797 1480 4840; x_wconf 91' lang='lat' dir='ltr'>ut</span> <span class='ocrx_word' id='word_1_371' title='bbox 1529 4780 1877 4840; x_wconf 88' lang='lat' dir='ltr'>subsidium</span> <span class='ocrx_word' id='word_1_372' title='bbox 1924 4781 2325 4861; x_wconf 88' lang='lat' dir='ltr'>pecuniarum</span> <span class='ocrx_word' id='word_1_373' title='bbox 2358 4783 2806 4862; x_wconf 89' lang='lat' dir='ltr'>quodcumque</span> <span class='ocrx_word' id='word_1_374' title='bbox 2839 4784 2914 4842; x_wconf 89' lang='lat' dir='ltr'>ab</span> <span class='ocrx_word' id='word_1_375' title='bbox 2948 4782 3042 4859; x_wconf 86' lang='lat' dir='ltr'>iis,</span> 
     </span>
    </p>

    <p class='ocr_par' dir='ltr' id='par_1_26' title="bbox 312 4886 3043 4968">
     <span class='ocr_line' id='line_1_41' title="bbox 312 4886 3043 4968; baseline -0 -17"><span class='ocrx_word' id='word_1_376' title='bbox 312 4911 373 4951; x_wconf 75' lang='lat'>40</span> <span class='ocrx_word' id='word_1_377' title='bbox 427 4888 536 4967; x_wconf 91' lang='lat' dir='ltr'>qui</span> <span class='ocrx_word' id='word_1_378' title='bbox 585 4903 797 4949; x_wconf 89' lang='lat' dir='ltr'>nostro</span> <span class='ocrx_word' id='word_1_379' title='bbox 846 4888 1135 4949; x_wconf 89' lang='lat' dir='ltr'>mandato</span> <span class='ocrx_word' id='word_1_380' title='bbox 1170 4886 1314 4948; x_wconf 90' lang='lat' dir='ltr'>huic</span> <span class='ocrx_word' id='word_1_381' title='bbox 1346 4902 1472 4947; x_wconf 89' lang='lat' dir='ltr'>tam</span> <span class='ocrx_word' id='word_1_382' title='bbox 1506 4887 1851 4948; x_wconf 88' lang='lat' dir='ltr'>necessario</span> <span class='ocrx_word' id='word_1_383' title='bbox 1882 4888 2052 4968; x_wconf 91' lang='lat' dir='ltr'>operi</span> <span class='ocrx_word' id='word_1_384' title='bbox 2088 4888 2475 4949; x_wconf 89' lang='lat' dir='ltr'>contribuere</span> <span class='ocrx_word' id='word_1_385' title='bbox 2508 4905 2812 4967; x_wconf 87' lang='lat' dir='ltr'>tenentur,</span> <span class='ocrx_word' id='word_1_386' title='bbox 2846 4887 3043 4950; x_wconf 88' lang='lat' dir='ltr'>fideli-</span> 
     </span>
    </p>
   </div>
   <div class='ocr_carea' id='block_1_6' title="bbox 638 5005 2753 5062">
    <p class='ocr_par' dir='ltr' id='par_1_27' title="bbox 638 5005 2753 5062">
     <span class='ocr_line' id='line_1_42' title="bbox 638 5005 2753 5062; baseline -0.001 -11"><span class='ocrx_word' id='word_1_387' title='bbox 638 5006 934 5051; x_wconf 77' lang='lat' dir='ltr'>Galante:</span> <span class='ocrx_word' id='word_1_388' title='bbox 978 5005 1145 5050; x_wconf 86' lang='lat' dir='ltr'>Fontes</span> <span class='ocrx_word' id='word_1_389' title='bbox 1175 5006 1257 5059; x_wconf 78' lang='lat' dir='ltr'>jur.</span> <span class='ocrx_word' id='word_1_390' title='bbox 1285 5019 1382 5049; x_wconf 85' lang='lat' dir='ltr'>can.</span> <span class='ocrx_word' id='word_1_391' title='bbox 2690 5007 2753 5062; x_wconf 84' lang='lat'>33</span> 
     </span>
    </p>
   </div>
  </div>
 </body>
</html>
