3684 5416
1388 386 1637 441 Ecclesia
1665 384 2076 458 antiquissima.
3009 404 3037 456 5

523 596 573 654 5.
624 569 737 649 Μὴ
775 569 967 647 γίνου
1000 568 1173 646 πρὸς
1207 567 1326 649 μὲν
1356 568 1434 631 τὸ
1466 569 1704 653 λαβεῖν

1856 590 1907 648 5.
1955 569 2103 630 Noli
2150 568 2469 649 porrigere
2518 587 2742 630 manus
2780 585 2915 630 tuas
2962 569 3042 629 ad

429 677 742 741 ἐκτείνων
802 677 926 753 τὰς
972 680 1223 755 χεῖρας,
1273 674 1449 752 πρὸς
1497 673 1579 736 δὲ
1625 674 1704 737 τὸ
1760 675 2234 757 accipiendum,
2265 675 2342 736 ad
2395 675 2677 737 dandum
2708 694 2855 736 vero
2887 693 3039 737 con-

430 784 670 845 δουναι
718 782 1014 845 συσπῶν.
1083 787 1139 847 6.
1186 781 1353 844 Ἐὰν
1400 781 1559 863 ἔχῃς
1592 781 1707 844 διὰ

430 893 560 953 τῶν
605 890 845 968 χειρῶν
890 904 1041 961 σου,
1091 887 1338 966 δώσεις
1375 888 1708 968 λύτρωσιν

346 1013 370 1055 5
431 998 771 1078 ἁμαρτιῶν
800 1013 949 1057 σου.
988 1020 1043 1066 7.
1063 996 1167 1058 Οὐ
1188 995 1535 1074 διστάσεις
1555 994 1707 1058 δοῦ-

430 1126 537 1166 ναι
572 1101 740 1166 οὐδὲ
771 1101 1009 1180 διδοὺς
1042 1103 1442 1182 γογγύσεις·
1476 1102 1706 1183 γνώσῃ

429 1213 585 1290 γάρ,
635 1209 730 1287 τίς
776 1211 956 1272 ἐστιν
988 1210 1028 1269 ό
1062 1212 1184 1272 τοῦ
1217 1213 1461 1291 μισθοῦ
1491 1209 1708 1286 καλὸς

431 1316 920 1394 ἀνταποδότης.
958 1322 1017 1380 8.
1038 1316 1189 1379 Οὐκ
1205 1316 1707 1397 ἀποστραφήσῃ

431 1425 549 1486 τὸν
577 1422 1002 1505 ἐνδεόμενον,
1037 1423 1608 1503 συγκοινωνήσεις
1629 1422 1710 1485 δὲ

326 1550 377 1581 ¹0
437 1533 654 1593 πάντα
686 1530 777 1610 τῷ
798 1529 1076 1610 ἀδελφῷ
1097 1546 1227 1592 σου
1247 1531 1359 1593 καὶ
1382 1533 1511 1592 οὐκ
1530 1534 1711 1607 ἐρεῖς

433 1638 572 1700 ἴδια
619 1637 812 1699 εἶναι·
869 1638 926 1698 εἰ
970 1638 1110 1715 γὰρ
1155 1639 1229 1698 ἐν
1260 1638 1351 1716 τῷ
1386 1638 1709 1717 ἀθανάτῳ

431 1744 740 1807 κοινωνοί
771 1746 945 1815 ἐστε,
979 1743 1171 1825 πόσῳ
1194 1745 1449 1824 μᾶλλον
1477 1744 1712 1819 ἐντοῖς

434 1853 736 1928 θνητοῖς;

525 1983 581 2039 9.
630 1958 779 2019 Οὐκ
810 1960 1003 2034 ἀρεῖς
1035 1955 1153 2033 τὴν
1184 1958 1378 2035 χεῖρά
1410 1973 1541 2020 σου
1575 1957 1710 2019 ἀπὸ

330 2085 377 2127 ¹5
440 2067 559 2126 τοῦ
605 2064 756 2125 υἱοῦ
806 2081 937 2125 σου
972 2065 1010 2139 ἢ
1045 2063 1180 2127 ἀπὸ
1214 2066 1331 2143 τῆς
1362 2064 1712 2142 θυγατρός

436 2188 586 2243 σου,
637 2172 814 2234 ἀλλὰ
862 2170 997 2232 ἀπὸ
1043 2169 1366 2248 νεότητος
1413 2169 1712 2247 διδάξεις

435 2279 553 2341 τὸν
585 2278 808 2362 φόβον
841 2280 962 2341 τοῦ
994 2279 1184 2339 θεοῦ.
1262 2301 1353 2342 ιο.
1402 2277 1554 2339 Οὐκ
1587 2279 1710 2339 ἐπι-

436 2386 658 2462 τάξεις
704 2384 928 2467 δούλῳ
962 2400 1093 2447 σου
1126 2385 1165 2461 ἢ
1200 2382 1537 2463 παιδίσκῃ,
1571 2388 1713 2460 τοῖς

438 2492 540 2554 ἐπὶ
590 2492 709 2554 τὸν
752 2491 963 2555 αὐτὸν
1006 2491 1173 2554 θεὸν
1205 2489 1602 2563 ἐλπίζουσιν,
1637 2493 1711 2551 ἐν

326 2620 383 2650 20
437 2600 663 2677 πικρίᾳ
694 2617 845 2673 σου,
880 2598 1130 2679 μήποτε
1162 2600 1245 2660 οὐ
1296 2596 1380 2679 μὴ
1414 2597 1712 2682 φοβηθή-

439 2722 675 2769 σονται
704 2705 823 2768 τὸν
851 2705 947 2768 ἐπ’
975 2706 1388 2788 ἀμφοτέροις
1407 2706 1591 2769 θεόν·
1628 2707 1711 2768 οὐ

437 2813 574 2890 γὰρ
607 2811 870 2891 ἔρχεται
916 2815 1092 2876 κατὰ
1124 2813 1493 2892 πρόσωπον
1521 2813 1713 2874 καλέ-

438 2935 574 2992 σαι,
619 2920 761 2982 ἀλλ’
800 2922 901 3000 ἐφ’
941 2919 1063 2997 οὓς
1109 2921 1187 2982 τὸ
1242 2922 1501 3000 πνεῦμα
1546 2920 1713 2998 ἡτοί-

439 3042 671 3106 μασεν.
749 3051 842 3090 ιι.
879 3025 1095 3109 Ὑμεῖς
1146 3025 1226 3089 δέ
1275 3025 1511 3089 δοῦλοι
1562 3027 1713 3088 ὑπο-

328 3156 379 3198 25
434 3133 830 3212 παγήσεσθε
889 3137 1028 3210 τοῖς
1078 3133 1339 3212 κυρίοις
1388 3134 1571 3215 ὑμῶν
1620 3134 1715 3211 ὡς

441 3239 620 3321 τύπῳ
654 3242 821 3303 θεοῦ
857 3244 931 3301 ἐν
964 3239 1244 3321 αἰσχύνῃ
1276 3240 1388 3302 καὶ
1423 3241 1639 3325 φόβῳ.

542 3372 633 3411 12.
698 3347 1029 3426 Μισήσεις
1087 3349 1318 3409 πᾶσαν
1364 3347 1717 3426 ὑπόκρισιν

439 3453 552 3515 καὶ
602 3457 736 3516 πᾶν
786 3453 826 3515 ὃ
877 3453 959 3537 μὴ
997 3454 1294 3533 ἀρεστὸν
1345 3455 1435 3534 τῷ
1485 3454 1715 3536 κυρίῳ.

454 3584 543 3642 ¹3·
568 3560 671 3623 Of>
694 3561 776 3643 μὴ
814 3561 1265 3642 ἐγκαταλίπῃς
1298 3563 1582 3640 ἐντολὰς
1611 3583 1717 3625 κυ-

326 3689 384 3731 30
441 3666 611 3744 ρίου,
676 3669 998 3749 φυλάξεις
1060 3667 1140 3729 δὲ
1202 3669 1247 3729 ἃ
1308 3670 1716 3754 παρέλαβες,

443 3774 603 3854 μήτε
634 3774 1020 3852 προστιθεὶς
1053 3774 1217 3855 μήτε
1248 3776 1579 3854 ἀφαιρῶν.
1629 3799 1718 3857 ¹4·

446 3882 565 3943 Ἐν
610 3881 934 3960 ἐκκλησίᾳ
980 3881 1450 3963 ἑξομολογήσῃ
1490 3882 1575 3944 τὰ
1604 3902 1719 3943 πα-

441 3987 854 4070 ραπτώματά
873 4004 1021 4062 σου,
1049 3988 1162 4049 καὶ
1185 3990 1268 4051 οὐ
1288 3987 1718 4069 προσελεύσῃ

1763 784 2021 845 trahere.
2082 784 2139 844 6.
2174 782 2239 843 Si
2274 782 2424 863 quid
2459 784 2646 844 habes
2679 802 2787 863 per
2818 801 3042 843 manus

1764 904 1918 967 tuaS‚
1942 888 2116 950 dabis
2136 890 2401 970 pretium
2421 890 2497 950 ad
2520 889 2878 951 redimenda
2900 908 3041 969 pec-

1767 1011 1896 1056 cata
1927 1011 2050 1057 tua.
2086 1017 2148 1062 7.
2169 996 2316 1058 Non
2350 995 2655 1057 dubitabis
2675 996 2817 1057 dare
2838 1015 3044 1076 neque

1764 1103 2211 1179 murmurabis,
2275 1122 2420 1165 cum
2486 1103 2625 1177 das;
2706 1121 3044 1182 cognosces

1762 1226 1990 1286 autem,
2024 1210 2167 1289 quis
2198 1210 2275 1271 sit
2306 1214 2509 1272 bonus
2542 1209 2839 1271 mercedis
2870 1210 3042 1271 retri-

1762 1320 1964 1380 butor.
1999 1318 2055 1377 8.
2087 1316 2233 1378 Non
2264 1315 2616 1397 repudiabis
2648 1316 3045 1396 indigentem,

1765 1423 2255 1486 communicabis
2270 1439 2478 1484 autem
2502 1422 2564 1484 in
2583 1422 2881 1484 omnibus
2896 1442 3042 1484 cum

1769 1532 1951 1592 fratre
1994 1546 2106 1592 tuo
2156 1549 2271 1591 nec
2317 1530 2664 1611 quidquam
2696 1529 2862 1592 dices
2895 1547 3041 1612 pro-

1769 1637 2010 1719 prium:
2046 1657 2189 1698 nam
2229 1637 2278 1699 si
2312 1636 2377 1699 in
2409 1636 2863 1699 immortalibus
2893 1655 3045 1698 con-

1767 1763 1960 1806 sortes
1992 1744 2151 1820 estis,
2186 1759 2428 1825 quanto
2460 1743 2655 1823 magis
2687 1743 2748 1804 in
2770 1743 3044 1805 mortali-

1767 1855 1924 1914 bus?

1859 1980 1917 2037 9.
1950 1960 2097 2020 Non
2130 1958 2369 2020 auferes
2390 1976 2650 2018 manum
2671 1973 2842 2017 tuam
2864 1975 2897 2015 a
2918 1954 3045 2016 filio

1767 2083 1879 2127 tuo
1910 2065 2007 2126 vel
2038 2086 2072 2126 a
2105 2063 2228 2125 filia
2262 2080 2384 2137 tua,
2427 2064 2536 2124 sed
2570 2084 2602 2123 a
2638 2061 2895 2144 pueritia
2927 2061 3042 2122 do·

1768 2170 1931 2233 cebis
1965 2190 2073 2233 eos
2105 2172 2394 2232 timorem
2429 2170 2559 2233 Dei.
2622 2190 2712 2231 10.
2746 2170 2891 2229 Non
2925 2168 3042 2229 im-

1770 2279 2009 2361 perabis
2055 2278 2116 2340 in
2147 2276 2556 2339 amaritudine
2584 2290 2688 2336 tua
2723 2293 2899 2335 servo
2933 2290 3045 2335 tuo

1770 2386 1864 2446 vel
1915 2384 2186 2460 ancillae,
2236 2384 2343 2464 qui
2399 2384 2461 2445 in
2512 2383 2784 2444 eundem
2838 2381 3043 2442 Deum

1768 2507 2035 2573 sperant,
2077 2510 2154 2552 ne
2190 2491 2342 2552 forte
2374 2510 2504 2553 non
2535 2490 2789 2550 timeant
2823 2488 3047 2563 Deum,

1769 2599 1878 2679 qui
1925 2616 2110 2679 super
2155 2614 2493 2677 utrumque
2538 2612 2658 2658 est:
2711 2613 2842 2656 non
2876 2594 3042 2655 enim

1770 2707 1937 2769 venit
1957 2708 2303 2770 secundum
2327 2724 2660 2788 personam
2684 2721 2918 2780 vocare,
2937 2701 3044 2762 sed

1770 2818 1847 2877 ad
1910 2835 2035 2890 e05,
2097 2835 2259 2896 quos
2320 2814 2572 2895 spiritus
2647 2808 3044 2892 praeparavit.

1781 2943 1872 2983 ιι.
1924 2922 2051 2983 Vos
2096 2936 2302 2982 autem
2347 2919 2503 2981 servi
2547 2917 2902 2979 subicimini
2933 2917 3048 2977 do-

1772 3028 1956 3089 minis
1987 3026 2198 3088 vestris
2228 3043 2528 3106 tanquam
2560 3024 2813 3105 imagini
2835 3024 2952 3084 Dei
2984 3023 3049 3084 in

1772 3133 2143 3196 verecundia
2177 3150 2236 3194 et
2268 3134 2505 3194 timore.

1877 3368 1967 3409 12.
2015 3348 2238 3410 Oderis
2286 3365 2539 3407 omnem
2589 3343 2943 3425 hypocrisin
2989 3360 3047 3403 et
3109 3349 3118 3358 ‘

1775 3457 2204 3536 quodcunque
2265 3452 2541 3532 displicet
2583 3450 2876 3512 Domino,
2953 3470 3049 3528 ¹3·

1775 3564 1872 3624 Ne
1904 3561 2293 3640 derelinquas
2312 3559 2601 3620 mandata
2621 3557 2907 3630 Domini,
2939 3577 3050 3616 cu-

1775 3671 2005 3731 stodies
2054 3687 2222 3740 ver0,
2286 3684 2445 3745 quae
2496 3662 2801 3744 accepisti,
2864 3683 3053 3742 neque

1777 3778 2035 3849 addam,
2068 3795 2260 3855 neque
2291 3774 2554 3833 demens,
2632 3789 2724 3848 ¹4·
2757 3770 2822 3829 ln
2855 3766 3049 3828 eccle-

1775 3883 1862 3944 sia
1896 3881 2284 3943 confiteberis
2318 3893 2556 3960 peccata
2577 3892 2699 3944 tua,
2732 3893 2934 3955 neque
2955 3894 3053 3935 ac-

1775 3990 1956 4050 cedes
1988 3989 2064 4049 ad
2086 3988 2432 4049 orationem
2456 4001 2627 4045 tuam
2647 3982 2710 4043 in
2734 3981 3053 4044 conscien-

443 4095 546 4156 ἐπὶ
596 4095 983 4174 προσευχήν
1032 4110 1162 4156 σου
1217 4098 1290 4156 ἐν
1335 4092 1721 4174 συνειδήσει
1778 4097 1857 4156 tia
1892 4094 2067 4156 mala.
2134 4094 2304 4154 Haec
2334 4108 2423 4152 est
2454 4091 2550 4151 via
2581 4089 2753 4150 vitae.

330 4223 383 4266 35
444 4204 730 4280 πονηρᾷ.
809 4202 1000 4280 Αὕτη
1053 4201 1235 4263 ἐστὶν
1283 4202 1320 4277 ἡ
1381 4201 1552 4279 ὁδὸς
1602 4204 1722 4279 τῆς

443 4310 642 4386 ζωῆς-

540 4419 606 4477 V.
640 4413 727 4477 ‘H
762 4414 842 4476 δὲ
872 4418 993 4478 τοῦ
1015 4416 1318 4477 θανάτου
1351 4414 1523 4491 ὁδός
1544 4416 1725 4476 ἐστιν

1871 4416 1944 4476 V.
1998 4414 2216 4475 Mortis
2262 4431 2409 4473 vero
2450 4411 2544 4471 via
2579 4410 2729 4471 haec
2762 4424 2879 4470 est:
2930 4407 3056 4488 pri-

447 4521 646 4598 αὕτη·
686 4523 952 4599 πρῶτον
984 4524 1249 4585 πάντων
1282 4522 1549 4601 πονηρά
1581 4524 1721 4583 ἐστι
1782 4540 1956 4584 mum
2005 4521 2294 4582 omnium
2342 4518 2500 4578 mala
2551 4533 2641 4578 est
2686 4535 2755 4577 ac
2802 4514 3058 4576 maledi-

445 4628 557 4690 καὶ
577 4629 889 4706 κατάρας
909 4629 1146 4711 μεστή·
1180 4629 1399 4709 φόνοι,
1423 4631 1721 4708 μοιχεῖαι,
1781 4627 2004 4690 ctionis
2038 4627 2247 4708 plena:
2285 4626 2522 4698 caedes,
2541 4623 2876 4695 adulteria,
2908 4640 3057 4681 con-

337 4761 390 4798 40
451 4734 804 4816 ἐπιθυμίαι,
827 4739 1151 4815 πορνεῖαι,
1172 4733 1435 4804 κλοπαί,
1460 4733 1724 4796 εἰδωλο-
1782 4734 2211 4816 cupiscentiae‚
2212 4733 2695 4811 fornicationes,
2696 4732 2908 4807 furta,
2923 4727 3059 4788 ido·

447 4841 732 4919 λατρίαι,
767 4847 1053 4924 μαγεῖαι,
1087 4840 1482 4924 φαρμακίαι,
1518 4841 1724 4918 ἁρπα-
1784 4842 2076 4918 lolatriae,
2121 4840 2377 4917 magiae,
2424 4836 2738 4913 veneficia,
2787 4834 3055 4915 rapinae,

450 4949 584 5028 γαί,
648 4947 1252 5032 ψευδομαρτυρίαι,
1315 4946 1726 5026 ὑποκρίσεις,
1770 4949 1951 5027 falsa
2015 4948 2384 5018 testimonia,
2446 4941 2890 5018 simulationeS,
2956 4959 3063 5000 cor
