3684 5416
426 979 446 1022 5

404 1515 450 1547 to

403 2055 448 2099 ¹5

399 2588 454 2622 20

404 3124 454 3169 ²5

407 3657 460 3700 30

402 4191 453 4234 ⁴45

403 4725 457 4766 40

1571 338 1741 392 Curia
1781 356 2041 393 romana.
3012 357 3105 410 54¹

501 519 959 600 spensationem
994 521 1363 582 concedere:
1401 540 1538 583 raro
1570 537 1795 598 tamen,
1831 539 1889 584 et
1920 524 2171 605 quando
2207 522 2528 584 necessitas
2563 523 2981 604 postulaverit,
3018 543 3113 584 ra-

499 627 666 688 tione
711 625 970 703 alicujus
1013 628 1213 706 gravis
1263 627 1644 689 imminentis
1690 630 1961 710 periculi,
2008 631 2183 710 quod
2231 629 2556 710 prudentia
2607 628 2858 707 Maioris
2892 630 3114 690 poeni-

498 733 782 811 tentiarii,
829 752 894 794 re
938 733 1294 815 praesertim
1341 735 1613 795 discussa
1646 736 1710 795 in
1743 736 2275 815 Congregatione,
2310 736 2405 798 vel
2442 737 2783 816 Signatum,
2815 737 3112 797 arbitran-

503 841 654 901 dum
688 841 817 902 erit.

718 957 746 1017 s
778 968 882 1027 45.
926 948 1322 1009 Declaramus
1356 963 1683 1029 praeterea,
1718 950 1895 1029 quod
1930 949 2242 1012 facultates
2272 951 2576 1032 praefatae
2609 971 2641 1011 a
2674 949 2871 1011 Nobis
2893 948 3116 1025 Majori

505 1054 999 1129 poenitentiario,
1047 1070 1106 1116 et
1137 1054 1416 1132 ejusdem
1449 1055 1954 1116 poenitentiariae
1989 1056 2217 1118 Officio
2253 1077 2579 1118 concessae
2612 1058 2766 1119 circa
2800 1057 3116 1138 dispensa-

502 1161 699 1222 tiones
721 1162 1224 1239 MatrimonialeS,
1244 1163 1455 1223 locum
1478 1164 1762 1241 habeant,
1786 1163 2024 1224 etiamsi
2054 1164 2304 1242 graduS,
2340 1180 2398 1225 et
2428 1164 2869 1246 impedimenta
2901 1163 3115 1242 hujus-

502 1271 671 1331 modi
718 1269 1080 1351 multiplicia
1123 1270 1259 1348 sint,
1309 1289 1725 1350 quacumque,
1773 1286 1830 1330 et
1881 1287 2389 1351 quantacumque
2439 1271 2916 1353 multiplicitate3
2987 1270 3117 1329 Vo-

501 1378 690 1438 lentes
723 1376 786 1438 in
820 1377 1062 1437 Litteris
1094 1375 1461 1454 hujusmodi
1493 1376 2028 1458 dispensationum
2049 1377 2620 1455 Matrimonialium,
2641 1398 2822 1459 posse
2850 1376 3115 1453 Prolem,

503 1484 609 1546 ubi
642 1503 802 1565 opus
834 1485 961 1562 erit,
991 1484 1117 1545 sive
1150 1484 1623 1566 suscipiendam,
1659 1504 1790 1546 non
1809 1501 2017 1546 tamen
2038 1485 2101 1545 in
2121 1485 2424 1546 adulterio
2446 1501 2830 1566 conceptam,
2864 1485 2929 1545 in
2954 1485 3119 1544 Foro

504 1592 910 1653 conscientiae
973 1607 1231 1666 tantum,
1295 1591 1634 1670 legitimam
1686 1591 2046 1665 decernere;
2112 1611 2227 1653 nec
2277 1610 2406 1653 non
2456 1593 2686 1673 apponi
2738 1591 3114 1653 clausulam:

504 1678 717 1760 Nullis
762 1706 868 1760 etc.
886 1723 918 1774 ,·
964 1715 1147 1780 prout
1193 1700 1256 1760 in
1289 1698 1651 1777 hujusmodi
1685 1699 1953 1760 materiis
1985 1700 2292 1761 hactenus
2323 1700 2450 1781 ipsa
2486 1698 2957 1761 poenitentiaria
2990 1717 3117 1759 ser-

504 1826 642 1867 vare
676 1807 1013 1869 consuevit.

717 1923 746 1984 S
779 1916 884 1994 46.
932 1914 1202 1977 Ulterius
1235 1934 1419 1997 super
1450 1914 1691 1976 casibus
1723 1914 2044 1995 quibusvis
2077 1913 2298 1975 occulti
2330 1913 2758 1994 impedimenti
2791 1913 2865 1974 ad
2902 1928 3116 1993 peten-

505 2023 659 2083 dum
688 2021 849 2082 licite
884 2022 1158 2083 debitum
1193 2023 1565 2104 dispensare,
1598 2037 1704 2083 aut
1736 2021 2076 2103 dispensari
2110 2021 2404 2082 mandare
2439 2021 2650 2102 possit,
2683 2037 2740 2081 et
2772 2022 2982 2081 valeat.

718 2138 747 2198 S
780 2149 886 2208 47.
937 2130 1277 2191 Facultates
1323 2129 1813 2192 poenitentiariis
1861 2129 2205 2189 minoribus
2253 2127 2578 2189 ordinariis
2608 2127 2796 2188 trium
2830 2126 3117 2188 Basilica-

505 2256 644 2298 rum
678 2237 886 2314 Urbis,
929 2236 1187 2316 aliisque
1232 2236 1743 2311 extraordinariiS,
1789 2257 2065 2318 quorum
2114 2236 2428 2318 deputatio
2475 2235 2735 2317 pertinet
2765 2235 2842 2295 ad
2879 2233 3116 2314 praedi-

507 2361 673 2405 ctum
706 2342 1006 2422 Majorem
1040 2343 1603 2420 poenitentiarium,
1639 2343 1831 2424 possit
1865 2344 2028 2405 idem
2052 2345 2125 2405 ad
2147 2344 2391 2404 libitum
2411 2342 2768 2419 concedere,
2789 2357 2847 2402 et
2869 2339 3117 2400 restrin-

505 2471 667 2532 gere.
734 2451 969 2512 Fratres
1002 2469 1147 2511 vero
1180 2450 1455 2512 Minores
1488 2450 1889 2530 Cappucinos
1921 2450 1984 2511 in
2018 2450 2450 2512 Confessarios
2483 2448 2839 2510 nullatenus
2871 2447 3120 2527 deputet

505 2559 570 2619 in
602 2558 720 2619 illis
754 2557 1152 2638 RegionibuS,
1198 2558 1262 2619 in
1296 2558 1525 2639 quibus
1555 2557 1741 2619 iidem
1778 2557 2292 2620 Confessionibus
2325 2556 2650 2618 audiendis
2684 2573 2942 2636 operam
2976 2553 3120 2614 dare

506 2684 632 2727 non
664 2664 877 2727 solent.

718 2782 749 2842 s
781 2775 885 2852 48.
936 2772 1137 2833 Dubia
1180 2772 1394 2833 omnia
1426 2771 1491 2833 in
1523 2772 1777 2832 materia
1812 2786 2223 2852 peccatorum,
2269 2791 2380 2833 seu
2416 2772 2647 2832 Forum
2684 2770 3120 2851 poenitentiale

507 2880 651 2941 alias
682 2876 1157 2961 quomodolibet
1188 2879 1635 2955 concernentia,
1672 2898 1815 2939 cum
1852 2878 2115 2939 consilio
2150 2879 2516 2957 Doctorum,
2550 2894 2607 2938 et
2638 2876 3118 2957 Theologorum

507 3005 788 3063 suorum,
820 2986 1013 3047 valeat
1045 2986 1366 3047 declarare.

720 3102 749 3162 s
782 3114 888 3173 49.
940 3093 1432 3154 Commissiones
1464 3112 1609 3154 vero
1634 3092 1885 3170 Maioris
1909 3091 2367 3154 poenitentiarii
2404 3110 2530 3152 non
2564 3091 2860 3171 expirent,
2884 3090 3120 3152 etiamsi

507 3201 920 3277 committenS,
954 3200 1072 3261 illis
1104 3201 1390 3261 nondum
1423 3200 1834 3281 praesentatiS,
1869 3214 1928 3259 et
1959 3219 2023 3260 re
2057 3199 2309 3278 integra,
2344 3199 2581 3259 desinat
2613 3198 3120 3278 quomodocum-

507 3328 628 3388 que
663 3307 1175 3370 p0enitentiarius
1207 3307 1473 3368 existere.
1524 3308 1820 3388 Idemque
1854 3307 2112 3387 intelligi
2144 3307 2438 3368 volumus
2472 3307 2546 3366 de
2581 3306 2698 3366 illis
2730 3305 3120 3366 commissio·

509 3415 709 3493 nibus,
754 3435 910 3496 quas
956 3413 1173 3492 majori
1222 3414 1697 3476 Poenitentiario
1745 3415 2014 3487 absente,
2048 3414 2140 3474 vel
2174 3433 2246 3473 ex
2279 3414 2483 3492 aliqua
2519 3412 2672 3489 justa
2709 3431 2889 3472 causa
2925 3412 3120 3492 impe-

509 3522 656 3601 dito,
720 3522 968 3583 alterius
1018 3520 1626 3583 Pro-poenitentiarii
1691 3520 1768 3580 ad
1816 3535 2064 3600 tempus
2115 3520 2432 3596 subrogati
2485 3518 2739 3578 nomine
2791 3519 3123 3599 expeditas,

509 3629 718 3712 elapso
754 3628 1118 3706 hujusmodi
1150 3627 1605 3705 subrogationis
1638 3626 1922 3701 termino,
1956 3625 2325 3707 praesentari
2359 3625 2701 3704 contigerit.

724 3745 753 3805 S
794 3755 889 3815 50.
938 3735 1251 3797 Omnibus
1301 3734 1569 3815 denique
1616 3732 2153 3808 Christifidelibus,
2207 3733 2315 3811 qui
2367 3752 2439 3792 ex
2487 3732 2694 3809 veteri,
2742 3748 2799 3792 et
2832 3731 3122 3793 laudabili

508 3842 785 3904 instituto
820 3842 1360 3903 poenitentiarium
1400 3840 1714 3921 Majorem,
1765 3859 2021 3900 munere
2067 3859 2184 3900 suo
2231 3839 2465 3899 statutis
2512 3839 2729 3899 diebus
2763 3839 3120 3899 Hebdoma-

509 3950 620 4010 dae
654 3948 907 4027 Majoris
954 3950 1019 4009 in
1053 3950 1244 4009 tribus
1276 3948 1462 4010 Urbis
1496 3947 1769 4008 Basilicis
1799 3947 2066 4008 solemni
2101 3947 2220 4006 ritu
2258 3946 2650 4025 fungentem,
2686 3944 2804 4025 pie,
2841 3964 3118 4005 reveren-

508 4072 723 4137 terque
770 4056 1046 4134 adierint,
1094 4075 1350 4136 seseque
1382 4054 1798 4136 poenitentiali
1833 4054 1998 4133 virga
2032 4053 2377 4131 tangendos
2410 4053 2833 4130 submiserint,
2868 4068 3120 4112 centum

509 4164 642 4224 dies
687 4163 763 4224 de
807 4162 1097 4241 injunctis
1143 4164 1246 4241 eis,
1292 4183 1401 4223 seu
1448 4162 1593 4223 alias
1639 4161 2112 4242 quomodolibet
2144 4161 2363 4221 debitis
2398 4159 2794 4241 poenitentiis
2826 4160 2891 4220 in
2927 4159 3122 4220 forma

508 4270 810 4331 Ecclesiae
843 4286 1140 4331 consueta
1175 4269 1482 4331 relaxandi
1516 4285 1876 4349 perpetuam
1913 4268 2265 4328 facultatem
2301 4267 2504 4327 eidem
2539 4264 2760 4342 Maiori
2798 4266 3122 4327 poeniten-

507 4377 685 4438 tiario
718 4377 1181 4455 confirmamuS,
1217 4393 1292 4455 et,
1327 4392 1633 4456 quatenus
1665 4396 1833 4457 opus
1866 4376 1961 4451 sit,
1996 4375 2072 4435 de
2108 4394 2275 4435 novo
2308 4374 2726 4435 concedimus,

725 4494 753 4555 s
795 4504 892 4563 5¹·
942 4484 1100 4545 Sede
1135 4484 1488 4565 Apostolica
1521 4498 1790 4563 vacante,
1826 4483 2131 4563 quoniam
2162 4482 2512 4542 animarum
2545 4481 2742 4558 saluti,
2767 4500 2924 4560 quae
2948 4480 3123 4539 omni

510 4609 786 4674 tempore
834 4591 1222 4674 periclitatur,
1272 4609 1601 4671 nunquam
1651 4609 1780 4650 non
1813 4606 1902 4650 est
1933 4588 2452 4668 subveniendum,
2488 4589 2654 4649 unde
2690 4587 2909 4648 merito
2946 4588 3124 4645 Prae-

510 4702 860 4762 decessores
927 4699 1135 4760 Nostri
1185 4697 1485 4759 Officium
1539 4696 2042 4758 poenitentiariae
2095 4696 2277 4756 etiam
2331 4712 2467 4776 post
2518 4695 2757 4756 obitum
2810 4692 3126 4753 pontificis

510 4808 870 4869 continuare
921 4806 1261 4884 jusserunt;
1312 4805 1638 4881 Volumus,
1686 4819 1743 4864 et
1789 4803 2199 4879 decernimuS,
2248 4817 2314 4862 ut
2363 4800 2563 4878 Major
2613 4799 3124 4863 poenitentiarius

511 4913 707 4993 (cujus
742 4915 991 4975 facultas
1024 4913 1188 4974 dicto
1220 4930 1498 4993 tempore
1532 4931 1660 4972 non
1694 4911 1941 4993 expirat,
1976 4912 2082 4971 sed
2117 4910 2556 4971 tantummodo
2590 4927 2720 4969 non
2755 4908 2935 4967 habet
2955 4926 3122 4967 exer-
