3684 5416
573 363 677 435 396
1104 361 1468 417 ‘'Hierarchia
1509 361 1723 417 ordinis
1762 375 1818 417 et
1857 361 2173 418 hierarchia
2216 362 2633 419 iurisdictionis.

574 565 952 626 quacunque
998 545 1406 607 reservatione
1456 545 1727 625 generali
1777 545 1871 607 vel
1906 546 2155 627 speciali
2188 548 2283 607 vel
2317 547 2638 610 affectione
2670 567 2855 630 super
2885 547 3061 608 dictis
3092 567 3190 607 ec-

575 650 771 715 clesiis
804 672 934 713 non
971 653 1374 715 obstantibus.
1438 653 1662 733 Neque
1712 653 2079 715 huiusmodi
2133 654 2555 717 ordinationes
2587 672 2644 717 et
2677 655 3015 716 erectiones
3047 675 3192 737 pos-

577 761 696 822 sint
742 761 872 821 tolli
919 779 1032 821 nec
1076 760 1362 842 impediri
1409 780 1481 820 ex
1526 761 2007 841 quibuscunque
2058 761 2534 842 provisionibus,
2582 762 2766 823 etiarn
2798 759 3012 842 vigore
3047 763 3192 823 resi-

576 868 905 946 gnationis,
971 882 1077 928 aut
1140 862 1461 947 quibusvis
1522 867 1655 928 aliis
1717 867 2224 947 derogationibus
2287 867 2382 928 vel
2437 870 2967 950 suspensionibus.
3033 867 3091 948 [l.
3141 889 3191 929 c.

498 1001 518 1042 ε
577 997 709 1056 pag.
755 978 894 1053 116,
940 973 1098 1054 117.]

475 1589 524 1619 10

472 2657 525 2687 20

474 3786 527 3820 ‘30

578 1131 641 1185 C.
672 1130 786 1184 Vll.
830 1133 1077 1201 Episcopi
1113 1132 1466 1200 transferant
1500 1133 1758 1201 beneficia
1798 1149 1863 1183 ex
1900 1133 2155 1194 ecclesiis,
2194 1149 2336 1201 quae
2373 1136 2643 1200 nequeunt
2678 1134 3016 1193 restauror&
3053 1134 3195 1184 alias

1096 1228 1218 1264 vero
1258 1215 1512 1282 reparari
1544 1217 1771 1274 aureum
1808 1213 1947 1281 quid
1982 1213 2036 1263 τί]
2076 1211 2176 1263 hoc
2211 1212 2534 1264 servandum
2573 1213 2658 1263 sit.

791 1350 1009 1426 Quum
1061 1351 1212 1412 illud
1263 1363 1520 1431 quoque
1557 1346 1734 1411 valde
1767 1350 2114 1412 curandum
2150 1350 2245 1423 sit,
2281 1369 2358 1410 ne
2392 1369 2479 1427 ea,
2512 1370 2670 1430 quae
2704 1350 2886 1410 sacris
2918 1351 3191 1412 ministe-

580 1460 681 1520 riis
731 1459 925 1519 dicata
972 1476 1142 1534 sunt,
1194 1475 1549 1540 temporum
1603 1457 1824 1519 iniuria
1877 1454 2269 1519 obsolescant
2321 1473 2378 1518 et
2423 1478 2495 1518 ex
2529 1458 2864 1519 hominurn
2897 1461 3193 1522 memoria

579 1567 876 1644 excidant,
910 1567 1202 1648 episcopi,
1239 1567 1421 1627 etiam
1459 1580 1758 1647 tanquam
1792 1565 2159 1648 apostolicae
2195 1565 2355 1626 sedis
2390 1565 2667 1645 delegati,
2702 1566 3028 1628 transferre
3050 1587 3194 1648 pos-

579 1674 697 1733 sint
742 1671 1039 1734 beneficia
1089 1672 1409 1754 simplicia,
1454 1673 1635 1734 etiam
1685 1672 1833 1734 iuris
1869 1686 2248 1753 patronatus,
2285 1691 2356 1732 ex
2390 1671 2676 1746 ecclesiis,
2713 1692 2871 1753 quae
2904 1689 3193 1735 vetustate

580 1780 675 1841 vel
708 1779 850 1840 alias
885 1780 1189 1861 collapsae
1224 1780 1360 1858 sint,
1398 1798 1455 1841 et
1488 1783 1570 1842 ob
1605 1763 2131 1860 eorum‘inopiam
2154 1778 2834 1859 nequeantinstaurari,
2857 1781 3085 1841 vocatis
3107 1782 3197 1858 iis,

581 1906 853 1968 quorum
902 1886 1165 1963 interest,
1213 1887 1277 1947 in
1317 1888 1601 1948 matrices
1634 1904 1737 1948 aut
1770 1888 1917 1949 alias
1952 1886 2230 1947 ecclesias
2263 1888 2549 1950 locorum
2585 1888 2930 1948 eorundem
2964 1908 3072 1949 seu
3105 1890 3194 1948 vi-

581 1995 886 2055 ciniorum
931 1995 1180 2055 arbitrio
1213 2013 1366 2069 suo;
1417 2009 1602 2075 atque
1635 1994 1697 2054 in
1730 1993 1960 2054 eisdem
1998 1993 2267 2054 ecclesiis
2301 1995 2539 2076 erigant
2570 1994 2776 2056 altaria
2811 1996 2904 2056 vel
2937 1995 3196 2076 capellas

503 2121 521 2163 ‚²
580 2104 695 2162 sub
730 2102 963 2162 eisdem
996 2101 1512 2176 invocationibus,
1560 2102 1656 2162 vel
1690 2101 1753 2161 in
1788 2101 1905 2161 iam
1943 2116 2138 2162 erecta
2173 2100 2376 2162 altaria
2410 2103 2504 2162 vel
2539 2101 2800 2184 capellas
2830 2104 3197 2164 transferant

580 2228 725 2270 cum
777 2208 1073 2268 omnibus
1123 2208 1561 2269 emolumentis
1612 2223 1669 2269 et
1716 2207 2013 2268 oneribus
2061 2208 2368 2289 prioribus
2401 2209 2668 2270 ecclesiis
2700 2209 3023 2291 impositis.
3085 2212 3196 2272 Pa-

584 2316 882 2376 rochiales
914 2335 1061 2377 vero
1095 2315 1397 2393 ecclesias,
1445 2316 1628 2376 etiam
1666 2314 1715 2375 si
1748 2315 1901 2375 iuris
1934 2330 2291 2396 patronatus
2324 2315 2463 2386 sint,
2502 2316 2582 2377 ita
2615 2317 2911 2398 collapsas
2944 2319 3108 2380 refici
3143 2335 3199 2380 et

584 2423 906 2484 instaurari
953 2438 1282 2504 procurent
1329 2444 1401 2484 ex
1451 2421 1745 2484 fructibus
1793 2437 1850 2483 et
1898 2422 2296 2502 proventibus
2329 2424 2808 2506 quibuscunqus
2840 2426 2916 2486 ad
2951 2427 3199 2487 easdem

582 2530 864 2590 ecclesias
910 2530 1496 2611 quomodocunque
1555 2529 2022 2613 pertinentibus.
2105 2528 2233 2605 Qui
2278 2531 2326 2590 si
2361 2550 2492 2592 non
2534 2530 2760 2592 fuerint
2806 2531 3195 2604 sufficientes,

583 2656 802 2698 omnes
837 2653 1130 2719 patronos
1164 2653 1221 2699 et
1254 2637 1429 2716 alios,
1465 2637 1576 2718 qui
1612 2635 1846 2697 fructus
1879 2635 2123 2716 aliquos
2155 2656 2226 2696 ex
2261 2636 2437 2698 dictis
2470 2637 2736 2698 ecclesiis
2770 2638 3200 2719 provenientes

584 2748 949 2830 percipiunt,
984 2762 1107 2824 aut,
1143 2747 1206 2807 in
1242 2746 1490 2808 illorum
1526 2745 1857 2817 defectum,
1893 2744 2298 2826 parochianos
2332 2745 2620 2806 omnibus
2653 2746 2937 2807 remediis
2969 2766 3199 2827 oppor-

583 2855 750 2916 tunis
796 2853 872 2915 ad
921 2853 1223 2934 praedicta
1271 2867 1513 2932 cogant,
1560 2870 1940 2932 quacunque
1987 2850 2414 2931 appellatione,
2450 2853 2839 2932 exemptione
2872 2867 2928 2913 et
2960 2869 3198 2913 contra·

585 2961 853 3021 dictione
901 2975 1154 3021 remota.
1221 2957 1417 3034 Quod
1467 2959 1515 3018 si
1566 2958 1756 3018 nimia
1791 2972 2055 3035 egestate
2089 2976 2310 3018 omnes
2343 2957 2638 3037 laborent,
2672 2960 2750 3021 ad
2782 2959 3061 3021 matrices
3093 2978 3203 3019 seu

585 3067 909 3128 viciniores
944 3066 1223 3126 ecclesias
1256 3065 1721 3142 transferantur,
1755 3084 1899 3125 cum
1935 3063 2215 3125 facultate
2248 3082 2372 3125 tam
2407 3066 2594 3126 dictas
2617 3066 2994 3147 parochiales
3013 3086 3201 3147 quam

507 3198 524 3227 ε
584 3174 729 3235 alias
763 3173 1048 3234 ecclesias
1084 3172 1315 3233 dirutas
1349 3172 1415 3232 in
1449 3171 1744 3252 profanos
1780 3191 1929 3233 usus
1961 3191 2091 3233 non
2124 3171 2432 3251 sordidOS,
2453 3189 2650 3234 erecta
2671 3189 2876 3235 tamen
2899 3175 2979 3234 ibi
3001 3193 3200 3251 cruce,

585 3279 998 3341 convertendi.
1052 3277 1108 3358 [1.
1145 3299 1193 3340 c.
1228 3299 1362 3360 pag.
1410 3277 1568 3358 120.]

630 3446 694 3500 C.
736 3445 876 3499 VIII.
938 3448 1277 3499 &lonastericz
1315 3447 1719 3512 commendata,
1758 3448 1812 3498 1⁰11
1855 3448 2050 3515 quibus
2089 3464 2193 3500 non
2234 3449 2375 3516 viget
2412 3448 2684 3516 regularis
2721 3449 3081 3511 observantia,
3119 3452 3174 3498 ct

1016 3527 1274 3596 beneficia
1314 3543 1669 3595 quaecunque
1705 3529 1998 3595 quotannis
2038 3529 2105 3579 ab
2142 3529 2399 3597 episcopis
2438 3529 2733 3578 visitentur.

799 3655 1231 3736 Quaecunque
1283 3656 1344 3715 in
1391 3654 1655 3716 dioecesi
1704 3656 1780 3715 ad
1829 3655 1944 3715 Dei
1991 3656 2226 3717 cultum
2275 3670 2567 3736 spectant,
2600 3657 2675 3715 ab
2708 3655 3022 3717 ordinario
3071 3655 3206 3715 dili-

585 3779 799 3845 genter
829 3762 1047 3836 curari,
1083 3777 1268 3841 atque
1302 3762 1392 3836 iis,
1425 3761 1532 3822 ubi
1565 3775 1828 3841 oportet,
1867 3761 2174 3842 provideri
2207 3781 2481 3842 aequum
2515 3777 2622 3822 est.
2672 3763 2999 3843 Propterea
3033 3781 3203 3822 com-

586 3870 871 3931 mendata
907 3869 1295 3943 monasteria,
1332 3868 1515 3930 etiam
1547 3868 1840 3945 abbatiae,
1876 3868 2178 3948 prioratus
2213 3884 2270 3928 et
2303 3869 2760 3950 praepositurae
2793 3883 3205 3950 nuncupatae,

586 3977 646 4037 in
698 3978 929 4058 quibus
981 3995 1110 4036 non
1162 3976 1326 4055 viget
1378 3974 1672 4052 regularis
1723 3974 2133 4051 observantia,
2186 3993 2299 4034 nec
2344 3994 2473 4036 non
2523 3976 2967 4036 beneficiatam
3002 3990 3206 4035 curata

586 4102 774 4163 quam
810 4101 940 4143 non
976 4097 1203 4158 curata,
1239 4080 1566 4141 saecularia
1590 4098 1647 4142 et
1668 4079 1987 4159 regularia,
2008 4080 2526 4162 qualitercunque
2549 4083 3001 4159 commendata,
3024 4082 3207 4143 etiam

587 4205 886 4269 exempta,
920 4190 994 4248 ab
1028 4186 1352 4267 episcopis,
1388 4186 1568 4247 etiam
1602 4202 1903 4266 tanquam
1937 4186 2312 4267 apostolicae
2345 4188 2509 4248 sedis
2542 4188 2847 4267 delegatis,
2881 4189 3060 4249 annis
3080 4189 3206 4250 sin-

475 4320 497 4333 „
587 4296 748 4374 gulis
796 4294 1148 4363 visitentur;
1215 4309 1561 4373 curentque
1609 4293 1793 4354 iidem
1842 4292 2115 4375 episcopi
2161 4294 2652 4373 congruentibus
2685 4296 2990 4369 remediis,
3025 4296 3207 4355 etiam

589 4421 697 4482 per
742 4400 1295 4480 sequestrationem
1348 4400 1683 4478 fructuum,
1729 4416 1798 4461 ut
1830 4421 1992 4481 quae
2028 4400 2427 4461 renovatione
2460 4401 2739 4480 indigent
2772 4417 2876 4462 aut
2908 4417 3207 4462 restaura·

588 4510 757 4569 tione
804 4507 1175 4580 reficiantur,
1223 4523 1281 4568 et
1326 4527 1469 4569 cura
1517 4505 1888 4585 animarum,
1934 4509 1982 4569 si
2031 4529 2156 4587 qua
2191 4508 2309 4568 illis
2341 4509 2436 4570 vel
2470 4527 2686 4569 eorum
2720 4508 2970 4569 annexis
3003 4508 3207 4568 immi-

593 4630 751 4693 neat,
800 4615 1042 4696 aliaque
1091 4616 1294 4677 debita
1345 4617 1643 4697 obsequia
1691 4633 1849 4677 recte
1905 4631 2337 4687 exerceantur;
2403 4614 2918 4695 appellationibus
2951 4614 3207 4693 quibus-

589 4741 857 4801 cunque,
910 4723 1263 4803 privilegiis‚
1310 4723 1891 4795 consuetudinibus,
1943 4721 2125 4782 etiam
2179 4720 2653 4782 immemorabili
2705 4736 2983 4802 tempore
3036 4739 3209 4801 prae-

589 4831 842 4911 scriptis,
893 4830 1379 4907 conservatoriis,
1432 4830 1709 4892 iudicum
1761 4829 2289 4910 deputationibuS,
2356 4843 2414 4888 et
2465 4847 2686 4889 eorum
2737 4826 3211 4888 inhibitionibus

592 4956 723 4996 non
757 4938 1159 4997 obstantibus.
1236 4937 1326 5012 Et,
1364 4936 1413 4995 si
1449 4937 1510 4996 in
1547 4937 1632 4997 eis
1664 4939 1893 5015 vigeret
1926 4935 2309 4998 observantia
2344 4934 2657 5014 regulariS,
2691 4934 3051 5016 provideant
3081 4932 3213 5013 epi·
