3684 5416
613 337 716 408 578
1778 334 2058 405 Episcopi.

612 521 749 592 dae,
795 518 1111 579 consulere
1157 517 1515 591 debuerunt,
1549 539 1582 578 a
1616 519 2080 580 consecratione
2099 523 2351 600 pariter
2382 536 2439 581 et
2472 520 2943 583 confirmatione
2974 522 3226 603 pontifi-

611 644 776 702 cum,
812 624 1176 706 episcopum
1213 644 1356 686 vero
1390 627 1464 685 ab
1499 625 1891 687 exsecutione
1924 626 2293 707 pontificalis
2326 627 2532 706 officii,
2566 628 2962 690 Bituricensis
2993 630 3224 690 archie-

610 732 903 813 piscopus
937 732 1101 792 iuxta
1135 732 1406 793 mandati
1439 733 1627 793 nostri
1662 748 1946 795 tenorem
1978 734 2316 815 suspendit.
2349 735 2424 795 Et
2455 735 2739 815 quamvis
2770 735 2957 797 iidem
2991 735 3221 796 archie-

610 839 849 920 piscopi
890 837 1258 899 Turonensis
1303 844 1364 898 et
1389 837 1907 919 Rothomagensis
1937 855 2233 920 tanquam
2284 843 2548 902 maiores
2596 841 2734 922 plus
2766 842 3130 903 excesserint
3160 842 3223 903 in

533 967 555 1011 5
611 945 978 1027 praemissis,
1032 945 1338 1026 praefatus
1390 964 1536 1006 vero
1583 947 1914 1026 episcopus
1959 947 2184 1025 minus,
2234 963 2448 1029 utpote
2481 947 2732 1010 illorum
2763 965 3064 1029 tanquam
3097 969 3224 1011 ma-

610 1054 818 1115 iorum
849 1072 1121 1115 errorem
1153 1067 1414 1130 secutus,
1465 1072 1580 1113 nos
1614 1068 1839 1130 tamen,
1874 1054 2177 1116 intellecta
2195 1064 2319 1137 per
2350 1056 2567 1117 literas
2598 1064 2660 1117 et
2675 1066 2797 1137 per
2828 1059 3086 1117 nuncios
3118 1077 3224 1117 eo-

609 1179 749 1221 rum
770 1159 1366 1242 archiepiscoporum
1389 1159 1781 1221 confessione
1803 1177 2143 1241 spontanea
2167 1178 2225 1222 et
2243 1163 2690 1245 supplicatione
2712 1165 2949 1241 devota,
2982 1163 3228 1225 veniam

607 1267 796 1327 errori
844 1268 1148 1341 dedimus,
1194 1266 1337 1347 quia
1386 1286 1515 1328 non
1562 1287 1635 1326 ex
1682 1267 2080 1347 malignitate,
2128 1270 2235 1329 sed
2283 1290 2357 1330 ex
2389 1269 2772 1352 simplicitate
2805 1286 3226 1352 peccaverunt.

608 1373 683 1433 Et
730 1374 1026 1453 quoniam
1062 1374 1369 1455 praefatus
1402 1375 1749 1455 episcopus,
1782 1376 1890 1455 qui
1926 1382 1988 1436 et
2017 1374 2222 1437 minus
2254 1392 2624 1457 peccaverat,
2659 1385 2721 1438 et
2748 1381 2913 1440 sicut
2939 1400 3012 1438 ex
3026 1387 3225 1460 prae-

506 1499 555 1532 ιο
607 1484 818 1542 missis
848 1488 1122 1562 apparet,
1155 1480 1424 1541 severius
1460 1482 1652 1543 fuerat
1683 1482 2027 1562 castigatuS,
2063 1484 2147 1544 ad
2174 1484 2572 1563 apostolicam
2605 1486 2830 1559 sedem,
2862 1487 3009 1545 licet
3037 1494 3225 1566 spon-

609 1594 788 1647 tanea
818 1588 1148 1660 voluntate,
1183 1609 1302 1648 non
1336 1593 1531 1648 tamen
1565 1592 1701 1650 sine
1732 1590 1944 1649 multis
1967 1589 2282 1651 laboribus
2303 1598 2364 1650 et
2379 1594 2660 1672 expensis
2679 1595 2963 1665 accessit,
2985 1607 3219 1652 reatum

607 1714 793 1755 suum
828 1713 1279 1772 recognoscens
1314 1696 1627 1757 humiliter
1659 1712 1716 1758 et
1748 1699 1989 1772 devote,
2038 1718 2108 1758 ac
2139 1699 2626 1761 misericordiam
2658 1701 2997 1781 postulans,
3032 1716 3091 1760 et
3124 1699 3221 1778 ju-

608 1801 835 1862 dicium
873 1822 1001 1863 non
1035 1801 1385 1882 requirens:
1422 1822 1535 1864 nos
1567 1813 1753 1885 super
1764 1807 1944 1883 facto
1965 1809 2098 1866 eius
2117 1807 2580 1883 cumfratribus
2599 1809 2829 1867 nostris
2850 1827 3222 1867 communem

608 1914 936 1970 tractatum
970 1908 1259 1970 habentes
1290 1917 1353 1970 et
1380 1911 1692 1972 subtiliter
1725 1912 2055 1991 intuentes,
2091 1914 2283 1992 quod,
2319 1914 2458 1974 licet
2489 1914 2604 1975 sibi
2637 1933 2869 1975 munus
2901 1933 3221 1975 consecra-

504 2036 550 2081 ¹5
606 2014 793 2076 tionis
827 2015 1201 2097 impensum,
1244 2037 1358 2078 nec
1394 2018 1612 2098 prioris
1645 2019 1933 2079 ecclesiae
1968 2020 2172 2100 ipsum
2207 2021 2562 2100 pontificem
2601 2021 2821 2098 fecerit,
2854 2040 2969 2081 nec
3000 2040 3222 2082 secun-

605 2122 737 2198 dae,
788 2142 985 2203 quum
1034 2126 1108 2185 ad
1156 2125 1415 2207 primam
1467 2145 1598 2187 non
1633 2126 1816 2186 fuerit
1848 2142 2258 2204 consecratuS,
2291 2143 2347 2188 et
2380 2129 2456 2187 ad
2490 2129 2828 2189 secundam
2864 2128 3054 2209 priori
3087 2127 3221 2188 vin—-

604 2228 748 2290 culo
782 2231 1151 2311 perdurante
1184 2252 1315 2293 non
1347 2233 1614 2314 potuerit
1646 2233 1941 2294 canonice
1973 2235 2335 2308 consecrari,
2384 2235 2588 2296 adbuc
2621 2236 3024 2314 coniugaliter
3053 2235 3224 2296 alteri

605 2337 902 2417 alligatus,
939 2340 1102 2400 illud
1129 2348 1328 2402 tamen
1346 2343 1611 2423 provide
1642 2344 2036 2419 attendentes,
2072 2344 2238 2424 quod
2263 2351 2323 2403 et
2352 2365 2580 2425 urgens
2612 2346 2970 2418 necessitas,
3001 2349 3063 2403 et
3089 2345 3221 2403 evi·

604 2445 754 2505 dens
799 2446 1042 2507 utilitas
1088 2448 1380 2508 ecclesiae
1423 2456 1682 2522 vestrae,
1733 2451 2020 2528 quoniam
2068 2470 2187 2509 non
2219 2453 2528 2531 poteratis
2575 2453 2640 2511 in
2674 2450 2864 2510 aliam
2884 2459 3220 2532 personam

496 2573 549 2605 πο
604 2553 883 2613 idoneam
929 2558 1273 2629 convenire,
1319 2557 1802 2636 dispensationis
1837 2559 2115 2636 gratiam
2164 2557 2584 2638 requirebant,
2630 2558 2684 2617 ei
2733 2559 2807 2617 de
2825 2558 3222 2638 plenitudine

589 2664 920 2742 potestatis
964 2677 1091 2724 tam
1138 2663 1202 2724 in
1248 2662 1499 2725 vinculo
1537 2663 1752 2745 prioris
1785 2664 2090 2737 ecclesiae,
2126 2684 2314 2746 quam
2347 2685 2380 2726 a
2416 2684 2618 2747 poena
2651 2666 3073 2747 suspensionis
3108 2686 3216 2747 pe-

604 2768 767 2829 nitus
800 2770 1105 2849 absoluto,
1155 2773 1232 2832 de
1272 2772 1644 2850 benignitate
1676 2772 1837 2832 sedis
1871 2773 2242 2853 apostolicae
2275 2772 2564 2833 duximus
2597 2774 3092 2850 concedendum,
3130 2790 3214 2847 ut,

603 2875 789 2956 priori
822 2897 1132 2940 consensu
1167 2879 1467 2940 hactenus
1500 2880 1896 2961 perdurante,
1928 2884 2093 2942 sicut
2107 2890 2228 2961 per
2261 2882 2479 2942 literas
2485 2890 2898 2962 personarum
2921 2881 3215 2942 ecclesiae

601 2990 838 3043 vestrae
882 2985 1058 3045 nobis
1105 2992 1199 3046 est
1241 2988 1611 3060 intimatum,
1659 2987 2178 3067 Andegavensem
2226 2987 2545 3048 ecclesiam
2593 2994 2878 3067 tanquam
2921 2990 3220 3069 proprius

492 3106 544 3151 25
586 3092 873 3170 pontifex
916 3092 1000 3152 ad
1032 3092 1308 3172 gloriam
1355 3100 1415 3153 et
1459 3094 1699 3154 laudem
1747 3098 2017 3155 nominis
2062 3095 2211 3169 Dei,
2255 3096 2342 3156 ad
2382 3094 2666 3156 honorem
2700 3102 2762 3155 et
2789 3096 3217 3157 exaltationem

602 3199 800 3277 ipsius
830 3204 892 3258 et
919 3199 1005 3258 ad
1030 3199 1287 3259 salutem
1320 3207 1381 3259 et
1410 3200 1735 3260 utilitatem
1769 3221 1966 3275 suam,
2004 3209 2064 3261 et
2093 3210 2214 3262 tam
2248 3202 2407 3263 cleri
2434 3223 2614 3284 quam
2632 3202 2860 3287 populi
2889 3202 3017 3263 sibi
3042 3223 3212 3264 com-

601 3307 802 3379 missi,
852 3307 1090 3367 studeat
1137 3310 1498 3386 gubernare‚
1548 3316 1618 3368 ut
1651 3311 2082 3390 praeveniente
2126 3310 2340 3370 divina
2379 3314 2599 3390 gratia
2645 3318 2705 3371 et
2747 3318 3029 3391 sequente
3060 3312 3215 3392 plus

592 3415 885 3495 prodesse
914 3414 1065 3474 velit
1091 3421 1154 3474 et
1180 3413 1400 3489 valeat,
1435 3435 1614 3494 quam
1634 3424 1895 3496 praesse
1927 3413 2056 3494 [etc.
2092 3415 2243 3476 Dat.
2274 3415 2403 3478 Lat.
2439 3415 2578 3478 XII.
2624 3416 2764 3478 Kal.
2787 3416 2966 3480 Febr.
3001 3440 3020 3480 r
3047 3416 3203 3498 199.]

691 3678 756 3746 b)
796 3675 1294 3731 Innocentius
1334 3678 1447 3734 111.
1486 3676 1556 3731 in
1596 3676 1951 3733 Concilio
1993 3679 2333 3733 Lateran.
2373 3678 2466 3734 IV.
2507 3696 2738 3752 a.1215.
2779 3682 2933 3737 hab.
2975 3699 3022 3736 c.
3059 3700 3110 3753 7.

490 3782 543 3828 30
1158 3781 1228 3803 =
1266 3774 1312 3812 c.
1363 3776 1438 3827 ¹4·
1479 3758 1548 3811 X.
1586 3760 1653 3812 de
1690 3760 1883 3829 officio
1923 3761 2119 3813 iudicis
2156 3762 2442 3818 ordinarii.
2483 3760 2519 3814 1.
2562 3779 2644 3834 3¹·

808 3954 836 3983 ⁶
877 3955 1038 4025 Corp.
1068 3957 1172 4008 iur.
1200 3972 1319 4009 can.
1349 3956 1437 4010 ed.
1477 3954 1913 4025 Friedberg.
1953 3954 2127 4007 Tom.
2156 3954 2219 4008 11.
2248 3954 2356 4009 col.
2392 3912 2683 4024 ιρι-ἆρα.
2725 3950 3021 4015 Hefele,
3064 3952 3209 4005 Con-

590 4036 1083 4107 ciliengeschichte.
1122 4036 1296 4090 Tom.
1324 4036 1392 4087 V.
1433 4053 1487 4106 p.
1516 4034 1637 4105 885.
1690 4034 1825 4088 Hin
1846 4053 1870 4088 s
1890 4051 1918 4088 c
1936 4032 2130 4097 hius,
2171 4034 2584 4088 Kirchenrecht.
2625 4035 2799 4088 Tom.
2827 4032 2889 4086 11.
2929 4034 2961 4102 ξ
2989 4050 3074 4105 79.

592 4228 791 4296 Quum
818 4227 873 4281 in
901 4227 1124 4282 civitate
1150 4226 1241 4281 vel
1268 4225 1522 4281 dioecesi
1547 4238 1680 4280 sunt
1707 4224 1909 4297 populi
1937 4224 2290 4279 diversarum
2316 4223 2673 4293 linguarum3
2703 4221 3010 4294 episcopus
3040 4221 3210 4276 debet

590 4306 894 4378 providere
935 4307 1013 4362 eis
1054 4323 1157 4379 per
1196 4306 1350 4361 viros
1389 4306 1658 4374 idoneOS‚
1699 4304 1796 4378 qui
1836 4305 2155 4360 secundum
2196 4303 2532 4358 varietatem
2558 4302 2882 4374 linguarum
2911 4302 3106 4358 officia
3133 4301 3211 4356 eis

482 4411 534 4458 35
592 4386 900 4451 celebrent,
941 4400 998 4442 et
1037 4401 1394 4443 sacramenta
1437 4386 1574 4442 mini
1592 4400 1775 4442 2trent.
1827 4388 1902 4441 Et
1942 4386 1987 4442 si
2027 4403 2238 4457 urgens
2281 4396 2367 4439 est
2406 4383 2735 4453 necessitas,
2763 4383 3081 4439 constituet
3107 4381 3211 4438 sibi

589 4466 863 4523 vicarium
892 4467 1229 4538 pontificem
1255 4467 1400 4523 illius
1427 4467 1689 4539 linguae3
1728 4484 1850 4522 non
1878 4481 2072 4522 tamen
2099 4478 2330 4537 propter
2356 4466 2468 4519 hoc
2497 4468 2701 4520 eadem
2730 4463 3011 4521 dioecesis
3039 4466 3210 4520 debet

1537 4549 1749 4603 habere
1779 4548 1927 4602 duos
1956 4547 2282 4619 episcopus,

804 4698 1128 4776 Quoniam
1174 4699 1238 4760 in
1282 4699 1591 4780 plerisque
1628 4699 1901 4781 partibus
1935 4697 2087 4760 infra
2122 4697 2381 4758 eandem
2415 4697 2718 4758 civitatem
2751 4714 2934 4778 atque
2970 4699 3208 4759 dioece-

588 4808 709 4869 sim
760 4806 1039 4890 permixti
1092 4821 1238 4867 sunt
1287 4806 1510 4888 populi
1562 4806 1944 4867 diversarum
1997 4806 2373 4884 linguarum,
2427 4804 2721 4865 habentes
2768 4808 2884 4865 sub
2934 4825 3053 4866 una
3088 4804 3207 4866 fide

474 4941 532 4985 40
582 4914 784 4976 varios
816 4915 967 4976 ritus
1000 4931 1058 4975 et
1079 4933 1303 4993 mores,
1326 4913 1589 4975 districte
1610 4913 2043 4995 praecipimus,
2076 4929 2142 4973 ut
2161 4910 2486 4995 pontifices
2507 4910 2870 4974 huiusmodi
2894 4912 3209 4974 civitatum
