3684 5416
413 1560 459 1591 10

410 2093 454 2137 ¹5

405 2626 459 2658 20

402 3162 452 3206 25

403 3704 456 3749 30

403 4238 451 4282 35

1161 380 1424 433 Potestas
1463 378 1842 434 ecclesiastica
1886 390 1941 434 et
1978 379 2283 450 imperium
2325 379 2500 435 civile.
3026 380 3130 450 283

515 560 857 641 praefinitO,
911 564 985 623 ad
1039 581 1107 623 ea
1157 574 1279 623 tam
1337 582 1450 644 pro
1498 563 1610 623 hac
1657 563 1853 643 prima
1900 564 2046 635 vice,
2093 576 2284 644 quarn
2334 584 2445 646 pro
2495 565 2714 626 futuris
2746 565 3130 645 temporibus

513 670 948 747 componenda
996 670 1341 741 statuimus
1391 684 1456 731 ut
1504 670 1911 749 imposterum
1959 671 2219 750 quilibet
2252 674 2327 734 ad
2364 673 2726 753 Dignitates,
2762 687 2820 733 et
2852 671 3127 734 Canoni-

511 791 678 833 catus
723 776 1143 855 assequendos
1176 775 1571 857 infrascriptis
1605 792 1863 837 ornatus
1898 792 2028 838 esse
2065 779 2284 839 debeat
2316 779 2644 860 requisitis,
2680 798 2922 860 nempe,
2955 779 3126 859 quod

511 879 772 957 majores
817 900 1022 943 sacros
1068 883 1317 944 ordines
1362 884 1721 965 susceperit,
1772 884 2115 964 utilemque
2149 886 2455 947 Ecclesiae
2487 902 2740 967 operam
2774 887 2986 947 saitem
3022 904 3131 966 per

512 988 1020 1068 quinquennium
1067 992 1391 1067 navaverit,
1444 993 1535 1052 vel
1578 992 1641 1053 in
1675 993 2025 1053 animarum
2060 995 2223 1055 Cura
2258 995 2611 1071 exercenda,
2647 1000 2751 1054 aut'
2783 994 3127 1069 adiuvanda

512 1106 642 1157 sese
674 1097 1050 1178 praestiterit,
1085 1100 1179 1159 vel
1200 1100 1608 1179 Theologiae,
1644 1116 1750 1162 aut
1782 1100 2113 1162 Sacrorum
2144 1100 2480 1163 Canonum
2504 1102 2821 1163 Professor
2853 1102 3129 1168 extiterit,

513 1203 606 1263 vel
650 1204 959 1286 alicuique
1007 1205 1066 1266 in
1102 1207 1321 1285 Regno
1354 1207 1685 1269 Borussico
1733 1208 2012 1268 existenti
2048 1206 2354 1289 Episcopo
2389 1208 2449 1269 in
2486 1209 2900 1270 Dioecesanae
2932 1209 3129 1269 admi-

512 1312 883 1373 nistrationis
929 1322 1183 1374 munere
1233 1314 1588 1391 inservierit,
1638 1314 1731 1375 vel
1766 1314 2023 1376 demum
2055 1316 2121 1376 in
2155 1335 2317 1376 sacra
2350 1316 2719 1395 Theologia,
2755 1317 2954 1377 autin
2986 1318 3127 1377 Jure

515 1420 838 1481 Canonico
871 1420 1242 1482 Doctoratus
1289 1422 1587 1483 Lauream
1642 1423 1752 1483 rite
1807 1421 1989 1483 fuerit
2022 1440 2474 1504 consequutus;
2531 1434 2875 1505 postremae
2921 1436 3126 1484 tamen

515 1526 772 1603 hujusce
818 1528 1189 1590 conditionis
1238 1530 1458 1590 efle'ctu
1507 1550 1578 1592 ex
1627 1529 1818 1607 justis,
1850 1531 2266 1612 gravibusque
2300 1532 2499 1592 causis
2534 1550 2642 1612 per
2674 1532 3059 1594 Decennium
3094 1554 3125 1591 a

515 1634 666 1694 Data
699 1636 1640 1717 praesentiumcomputaudum
1673 1636 1738 1697 in
1770 1646 2146 1717 suspensum
2195 1652 2567 1700 remanente.
2649 1638 3123 1719 Cuiuscumque

512 1753 657 1801 vero
703 1740 1076 1802 conditionis
1122 1742 1562 1805 ecclesiasticos
1597 1743 1777 1804 Viros
1809 1743 2054 1824 aequali
2087 1743 2217 1820 jure
2251 1745 2327 1806 ad
2363 1734 2722 1825 Dignitates,
2757 1759 2815 1805 et
2848 1745 3127 1807 Canoni-

513 1860 682 1908 catu's
713 1849 1085 1910 obtinendos
1117 1853 1388 1930 gaudere
1419 1851 1643 1911 debere
1675 1851 2083 1912 decernimus.
2166 1853 2439 1932 Itemque
2482 1853 2804 1913 statuimus
2839 1866 3027 1914 unam
3061 1853 3125 1912 in

515 1954 1006 2029 monasteriensi,
1041 1976 1109 2018 ac
1141 1957 1392 2019 alteram
1425 1959 1489 2018 in
1526 1959 2010 2020 Wratislaviensi
2044 1960 2514 2022 Cathedralibus
2550 1960 2830 2021 Ecclesiis
2850 1961 3124 2022 Canoni-

512 2061 704 2121 calem
740 2062 1155 2124 praebendam
1189 2066 1655 2145 designandam,
1691 2076 1748 2126 et
1779 2067 1856 2126 ab
1889 2084 1967 2128 eo
2002 2067 2078 2127 ad
2111 2083 2303 2147 quem
2337 2066 2498 2144 juxta
2534 2068 2845 2127 mensium
2865 2068 3124 2128 alterna-

510 2166 696 2228 tivam
728 2169 1070 2248 pertinebit,
1114 2190 1376 2253 semper,
1410 2187 1468 2231 et
1500 2172 2031 2251 quandocumque
2063 2172 2506 2233 conferendam
2539 2188 2669 2233 esse
2703 2172 2832 2245 uni,
2867 2187 2925 2232 et
2957 2170 3120 2231 alteri

511 2274 826 2335 Canonica
872 2277 1161 2356 requisita
1211 2278 1577 2338 habentibus
1614 2288 1684 2338 ex
1720 2278 2170 2358 professoribus
2208 2279 2692 2342 Universitatnm
2725 2278 2787 2339 in
2821 2276 2997 2338 dictis
3032 2298 3122 2337 re-

509 2383 790 2463 spectivis
821 2384 1182 2446 Civitatibus
1214 2384 1639 2459 existentium3
1694 2399 1880 2465 atque
1912 2385 2170 2446 ulterius
2202 2387 2610 2457 decernimus
2644 2396 2767 2445 tam
2806 2385 3121 2464 Praeposi-

510 2499 642 2550 tum
697 2491 1065 2553 parochialis
1115 2490 1419 2554 Ecclesiae
1472 2482 1729 2554 Sanctae
1782 2493 2100 2575 Hedwigis
2148 2493 2425 2554 Civitatis
2458 2486 2894 2565 BerolinensiS,
2931 2509 3122 2570 quam

512 2596 831 2659 Decanurn
878 2599 1370 2661 commissarium
1408 2600 1901 2661 Ecclesiasticum
1938 2601 2000 2660 in
2044 2600 2341 2661 comitatu
2377 2600 2663 2662 Glacensi
2698 2610 2810 2680 pro
2843 2610 3122 2679 tempore

509 2704 832 2768 existentes
879 2706 1035 2768 inter
1067 2698 1452 2770 Honorarios
1485 2706 1840 2770 Canonicos
1876 2705 2391 2770 wratislaviensis
2424 2706 2806 2769 Cathedralis
2852 2704 3121 2788 Capituli

508 2825 639 2874 esse
672 2814 1087 2894 cooptandos3
1140 2815 1217 2876 ita
1254 2827 1319 2875 ut
1354 2816 1482 2897 pari
1517 2829 1661 2876 cum
1695 2814 1768 2876 iis
1801 2814 2085 2876 fruantur
2119 2814 2269 2892 jure,
2304 2815 2515 2875 locum
2550 2809 2751 2889 illum,
2784 2831 2969 2895 atque
3001 2813 3122 2874 Or-

508 2920 717 2980 dinem
749 2932 1043 2998 tenenteS,
1078 2921 1188 3001 qui
1221 2922 1568 2983 secundum
1601 2922 1971 3003 respectivae
2006 2911 2467 2983 Nominationis
2502 2931 2746 3003 tempus
2779 2921 2925 3002 ipsis
2957 2939 3122 2982 com-

507 3037 709 3107 petere
741 3028 1156 3108 dignoscatur.
1195 3021 1473 3103 Quilibet
1504 3046 1709 3089 autem
1746 3047 1818 3089 ex
1852 3029 2187 3091 Canonicis
2222 3029 2584 3091 Honorariis
2617 3030 2679 3090 in
2713 3030 3123 3109 unumquod-

508 3153 630 3214 que
664 3147 736 3197 ex
767 3136 1083 3197 antedictis
1103 3136 1407 3217 Capitulis
1440 3138 1827 3218 cooptandus
1860 3137 2202 3198 sumendus
2234 3139 2344 3198 erit
2378 3158 2449 3199 ex
2473 3154 2741 3200 numero
2762 3138 3122 3218 Archipres-

510 3244 869 3322 byterorum
892 3245 1258 3305 Animarum
1290 3259 1503 3306 curam
1536 3245 1597 3305 in
1630 3245 1962 3325 respectiva
1986 3245 2263 3306 Dioecesi
2282 3239 2664 3307 laudabiliter
2684 3246 3120 3306 exercentium.

720 3351 893 3428 (XX.)
959 3351 1152 3426 Quod
1199 3369 1345 3412 vero
1380 3352 1589 3412 attinet
1622 3352 1697 3411 ad
1731 3370 1956 3412 novam
1992 3351 2503 3432 Supradictorum
2537 3353 2973 3432 Capitulorum
3010 3373 3123 3433 pro

509 3458 621 3518 hac
664 3460 860 3540 prima
909 3461 1039 3520 vice
1072 3480 1139 3520 ea
1175 3479 1296 3539 qua
1331 3461 1621 3521 convenit
1653 3460 1956 3521 celeritate
1989 3460 2356 3540 explendam
2391 3460 2934 3540 compositionem,
2970 3462 3119 3522 infra

509 3567 891 3628 nominando
939 3568 1162 3627 harum
1195 3567 1539 3628 Literarum
1574 3568 1941 3628 Nostrarum
1994 3567 2373 3647 Exequutori
2426 3581 2789 3645 potestatem
2844 3568 3120 3646 facimuS,

510 3690 577 3735 ut
605 3675 682 3758 ,in
734 3687 1106 3755 unaquaque
1139 3675 1408 3735 Ecclesia
1453 3687 1578 3733 tarn
1613 3674 1974 3753 DignitateS‚
2020 3689 2080 3735 et
2127 3675 2563 3752 Canonicatus‚
2613 3687 2804 3755 quant
2842 3673 3122 3750 Vicarias,

508 3801 617 3843 seu
653 3783 1103 3842 praebendatus
1150 3797 1286 3842 actu
1334 3796 1633 3858 vacanteS,
1684 3801 1841 3861 quae
1892 3782 1968 3842 ad
2016 3783 2416 3862 aequandum
2462 3801 2794 3843 numerum
2841 3798 2906 3844 ut
2938 3802 3121 3862 supra

509 3889 894 3967 designatum
945 3889 1195 3949 fortasse
1243 3887 1546 3962 deficient,
1598 3886 1798 3965 dignis
1835 3903 1894 3948 et
1926 3888 2166 3950 idoneis
2202 3888 2631 3949 Ecclesiasticis
2665 3890 2821 3949 Viris
2854 3909 2923 3948 ex
2956 3890 3121 3949 dele-

508 4007 642 4074 gata
675 3994 786 4055 sibi
817 3995 1063 4075 speciali
1087 3995 1438 4074 Apostolica
1474 3995 1774 4069 facultate,
1802 4015 1870 4056 ac
1891 3994 2078 4072 hujus
2098 4012 2337 4056 sanctae
2360 3996 2518 4056 sedis
2539 3997 2794 4056 nomine
2816 3995 3117 4057 conferat:

507 4103 589 4163 ita
622 4120 828 4163 tamen
864 4117 932 4163 ut
964 4102 1004 4162 ii
1037 4103 1368 4179 dumtaxat,
1404 4103 1510 4183 qui
1545 4104 1620 4163 de
1646 4102 2081 4181 DignitatibuS,
2118 4119 2175 4164 et
2196 4103 2678 4165 Canonicatibus
2710 4106 2786 4164 ab
2819 4103 2955 4182 ipso
2976 4122 3120 4183 pro-

511 4211 618 4271 visi
668 4211 912 4290 fuerint,
949 4210 1338 4290 Apostolicas
1386 4230 1580 4270 novae
1619 4210 2011 4287 Provisionis,
2059 4226 2117 4270 et
2150 4208 2665 4271 Confirmationis
2700 4210 2931 4270 Literas
2967 4210 3119 4269 infra

509 4338 613 4379 sex
646 4337 886 4378 menses
918 4336 988 4377 ex
1020 4332 1170 4378 tunc
1207 4318 1523 4397 proximos
1555 4338 1588 4377 a
1615 4318 1854 4379 Dataria
1879 4319 2102 4378 Nostra
2138 4319 2480 4397 impetrare,
2517 4332 2575 4376 et
2608 4317 2890 4397 expedire
2927 4315 3119 4377 facere

508 4442 853 4487 teneantur.
919 4425 994 4485 Et
1040 4425 1088 4484 si
1137 4426 1471 4504 contingat,
1517 4427 1691 4505 quod
1738 4427 1802 4486 in
1851 4426 2054 4505 aliqua
2105 4446 2177 4486 ex
2211 4411 2720 4504 Metropolitanis,
2768 4424 2863 4484 vel
2895 4425 3119 4485 Cathe-

511 4531 782 4594 dralibus
828 4534 889 4594 in
923 4532 1246 4594 Borussiae
1283 4533 1503 4613 Regno
1550 4534 1950 4594 existentibus
1986 4532 2268 4593 Ecclesiis
2304 4532 2659 4609 Dignitates,
2696 4532 3012 4604 Canonici,
3063 4549 3121 4592 et

509 4639 750 4716 Vicarii,
781 4659 890 4699 seu
925 4638 1323 4699 Praebendati
1354 4639 1643 4717 legitime,
1678 4654 1735 4699 et
1767 4641 2061 4700 canonice
2087 4639 2345 4699 instituti
2369 4639 2571 4699 adhuc
2594 4638 2861 4699 viventes
2881 4656 3119 4716 respec-

509 4750 703 4810 tivum
752 4766 1085 4809 numerum
1132 4769 1165 4808 a
1200 4748 1395 4808 Nobis
1447 4762 1514 4807 ut
1558 4766 1743 4827 supra
1792 4747 2187 4828 praefinitum
2234 4747 2549 4820 excedant,
2587 4747 2931 4825 praedictus
2967 4746 3119 4805 Exe-

511 4869 743 4935 quutor
777 4854 1187 4934 Apostolicus,
1239 4853 1467 4914 vocatis
1513 4854 1864 4934 auditisque
1898 4855 2188 4914 interesse
2223 4855 2590 4914 habentibus
2620 4869 2723 4914 aut
2757 4872 2865 4934 per
2897 4854 3119 4914 volun-

512 4964 686 5024 tarias
733 4961 963 5039 jurium
1008 4963 1421 5023 abdicationes
1469 4965 1543 5022 ab
1583 4962 1720 5040 illis,
1755 4962 1852 5024 vel
1888 4966 1962 5023 ab
1997 4963 2245 5023 illorum
2281 4962 2591 5042 aliquibus
2622 4962 2958 5022 emitendas
2993 4980 3115 5021 rem
