3684 5416
773 358 874 437 338
1922 354 2244 417 Ordinatio.

772 547 1142 610 beneficium
1190 548 1665 609 ecclesiasticum
1711 568 1818 607 seu
1859 547 2176 628 publicum
2208 547 2489 608 officium
2522 547 2938 627 admittantur,
2973 549 3164 628 quod,
3201 548 3249 608 si
3284 568 3381 608 se-

770 675 880 715 cus
929 670 1135 716 actum
1189 655 1388 733 fuerit,
1440 655 1514 715 sit
1562 655 1797 716 irritum
1847 670 1906 715 et
1951 655 2149 732 inane,
2198 655 2469 737 primurn
2504 671 2560 717 et
2593 656 2941 716 secundum
2974 655 3237 734 gradum
3270 673 3380 735 per

771 777 1084 843 paternam
1131 762 1358 823 lineam
1404 762 1934 844 comprehendere
1981 762 2394 837 declaramus;
2446 781 2552 844 per
2596 778 2937 824 maternam
2970 780 3116 823 vero
3147 762 3222 822 ad
3259 761 3382 842 pri—

770 888 944 930 mum
979 871 1272 931 duntaxat
1305 869 1594 931 volumus
1630 870 1749 930 hoc
1783 869 2043 930 extendi.
2088 870 2228 931 Hoc
2259 890 2403 930 sane
2437 870 2512 930 de
2546 869 2683 930 filiis
2715 886 2773 931 et
2807 868 3138 950 nepotibus
3171 870 3383 930 haere-

691 1003 711 1046 5
769 975 1055 1055 ticorum,
1103 976 1487 1037 credentium
1534 993 1590 1038 et
1637 976 1900 1036 aliorum
1950 975 2332 1055 huiusmodi,
2380 977 2490 1056 qui
2535 977 2685 1037 tales
2732 997 2862 1038 esse
2896 976 2989 1036 vel
3022 976 3170 1036 tales
3201 974 3385 1036 etiam

774 1083 1101 1144 decessisse
1135 1087 1493 1166 probantur,
1529 1083 2003 1165 intelligendum
2036 1102 2166 1143 esse
2202 1083 2460 1160 videtur,
2510 1103 2639 1145 non
2674 1100 2880 1145 autem
2914 1082 3187 1153 illorum,
3223 1101 3383 1162 quos

770 1192 1132 1252 emendatos
1183 1211 1314 1251 esse
1360 1190 1692 1252 constiterit
1739 1206 1796 1250 et
1844 1190 2333 1271 reincorporatos
2372 1190 2660 1251 ecclesiae
2693 1190 2927 1269 unitati,
2963 1205 3020 1251 et
3053 1208 3169 1270 pro
3202 1189 3381 1271 culpa

772 1298 1135 1359 huiusmodi
1180 1301 1256 1360 ad
1305 1302 1663 1360 mandatum
1709 1298 1995 1360 ecclesiae
2043 1297 2478 1379 poenitentiam
2530 1298 2849 1381 recepisse,
2902 1317 3092 1378 quam
3139 1297 3252 1378 ipsi
3286 1298 3382 1358 vel

770 1406 890 1466 iam
928 1404 1327 1486 perfecerunt,
1363 1407 1456 1467 vel
1492 1407 1805 1467 humiliter
1837 1405 2262 1487 prosecutioni
2295 1406 2427 1466 eius
2460 1406 2766 1485 insistunt,
2799 1407 2894 1466 vel
2927 1404 3117 1486 parati
3152 1404 3381 1466 fuerint

671 1547 714 1577 ,ο
770 1514 845 1572 ad
882 1513 1292 1593 recipiendam
1325 1515 1606 1576 eandem.

1355 1906 1439 1962 Η)
1491 1901 1957 1972 Irregularitas
1992 1917 2077 1956 ex
2108 1900 2359 1970 defectu
2397 1903 2797 1957 sacramenti.

1507 2078 1631 2132 10⁶2.
1686 2078 2027 2135 CANONES
2071 2076 2645 2133 APOSTOLORUM.

1651 2238 1697 2276 c.
1747 2239 1824 2293 ¹7·
1861 2247 1930 2268 =
1969 2237 2017 2275 c.
2065 2238 2105 2274 1.
2148 2221 2214 2275 D.
2255 2220 2502 2275 XXXIII.

985 2365 1012 2393 '⁸'
1067 2365 1226 2436 Corp.
1266 2369 1368 2419 iur.
1410 2383 1531 2417 can.
1572 2365 1658 2418 ed.
1700 2363 2133 2433 Friedberg.
2187 2364 2360 2418 Tom.
2404 2363 2439 2416 1.
2482 2364 2591 2418 col.
2647 2381 2759 2417 122.
2824 2363 3096 2426 BrunS‚
3137 2364 3383 2416 Canones

673 2458 714 2499 ¹5
774 2449 956 2516 Apost.
994 2452 1051 2499 ct
1095 2447 1255 2499 Cone.
1310 2447 1360 2499 T
1366 2463 1482 2499 om.
1529 2446 1567 2498 l.
1622 2463 1673 2516 p.
1724 2465 1768 2518 3.
1858 2443 2004 2499 Hes
2014 2444 2156 2507 ele,
2212 2444 2808 2514 Conciliengesclncltte.
2863 2444 3035 2498 Tom.
3082 2444 3117 2498 I.
3160 2461 3211 2514 p.
3259 2461 3380 2515 77⁹.

772 2528 822 2579 'I'
843 2545 874 2579 u
896 2543 973 2579 rn
993 2544 1022 2579 e
1042 2544 1097 2595 r,
1137 2528 1401 2579 Ecclesiae
1439 2527 1786 2580 occidentalis
1823 2532 2168 2580 monumenta
2206 2528 2343 2580 iuris
2380 2528 2774 2596 antiquissima.
2814 2542 2868 2596 p.
2905 2542 2980 2596 15.

829 2669 1109 2724 Secundis
1139 2668 1347 2741 nuptiis
1375 2682 1508 2740 post
1537 2668 1820 2742 baptisma
1849 2668 2168 2741 copulatus»,
2195 2680 2292 2724 aut
2318 2666 2704 2724 concubinam
2732 2667 2951 2723 habens
2978 2667 3053 2721 ad
3078 2682 3306 2721 sacrum

1339 2751 1602 2806 ordinem
1629 2751 2020 2806 conscendere
2049 2767 2168 2804 non
2197 2749 2364 2804 ualet.
2406 2753 2590 2815 (Decr.
2622 2752 2811 2814 Grat.)

984 2865 1044 2925 Si
1081 2864 1218 2944 quis
1252 2880 1742 2945 postacceptum
1774 2883 2018 2924 sacrum
2054 2863 2355 2944 baptisma
2386 2862 2675 2923 secundis
2709 2860 2885 2923 fuerit
2919 2860 3149 2942 nuptiis
3182 2879 3380 2940 copu-

664 3010 715 3040 20
770 2974 925 3032 latus
957 2988 1063 3033 aut
1095 2972 1507 3032 concubinam
1542 2971 1844 3048 habuerit,
1874 2989 2004 3031 non
2038 2986 2234 3051 potest
2269 2970 2394 3031 fieri
2428 2970 2773 3052 episcopuS,
2806 2990 2920 3031 nec
2940 2970 3244 3044 sacerdOS,
3266 2987 3378 3029 nec

770 3080 1086 3156 diaconu5‚
1134 3093 1237 3139 aut
1283 3098 1536 3159 prorsus
1583 3099 1655 3138 ex
1703 3097 1968 3139 numero
2003 3097 2242 3157 eorum,
2277 3076 2385 3158 qui
2420 3076 2757 3139 ministerio
2790 3096 2964 3137 sacro
2998 3076 3376 3137 deseruiunt.

983 3186 1253 3247 Gratian.
1290 3186 1731 3247 Deseruientes
1777 3207 1954 3246 sacro
2007 3187 2354 3246 ministerio
2388 3184 2825 3265 intelliguntur
2855 3184 3241 3258 subdiaconi,
3276 3185 3384 3264 qui

768 3294 1019 3354 calicem
1055 3285 1310 3354 diacono
1342 3293 1635 3375 offerunt,
1668 3300 1729 3353 et
1757 3292 1993 3366 acoliti,
2014 3294 2126 3372 qui
2152 3313 2287 3352 cum
2320 3294 2513 3353 cercis
2545 3293 2834 3354 diacones
2846 3292 3204 3374 precedunt,
3225 3291 3381 3351 unde

768 3405 1135 3478 ceroferarii
1179 3402 1494 3475 dicuntur,
1540 3402 1650 3481 qni
1692 3403 1875 3460 eliam
1924 3402 2133 3459 uinum
2167 3406 2229 3459 et
2257 3420 2475 3480 aquam
2493 3399 2895 3481 preparando
2926 3398 3118 3459 calici
3144 3397 3379 3459 submi-

665 3547 708 3588 15
768 3514 1054 3572 m'stranl.
1121 3508 1488 3570 Concubina
1529 3507 1932 3587 intelligenda
1966 3513 2059 3566 est
2075 3513 2331 3588 praeter
2362 3528 2605 3567 uxorem
2610 3554 2631 3581 ,
2664 3513 2733 3567 ut
2762 3509 2878 3566 iste
2908 3509 2996 3567 sit
3025 3526 3241 3567 sensus
3272 3527 3379 3565 ca-

752 3618 991 3698 pituli:
1045 3617 1132 3676 «S
1134 3619 1161 3676 i
1188 3619 1327 3696 quis
1344 3622 1495 3697 post
1525 3622 1833 3695 acceptum
1870 3634 2111 3674 sacrum
2148 3613 2449 3694 baptisma
2481 3613 2764 3673 secundis
2777 3615 2991 3691 fuerit
3018 3614 3251 3694 nuptiis
3274 3633 3378 3671 co-

753 3725 1037 3806 pulatus,
1089 3729 1196 3783 aul
1238 3722 1638 3782 concubinam
1684 3720 2041 3780 habuerim
2088 3720 2589 3799 distinguendum
2622 3726 2734 3793 est,
2768 3727 3090 3800 antequam
3126 3740 3374 3780 uxorem

767 3833 1032 3904 duxerit,
1065 3833 1197 3891 siue
1213 3836 1365 3911 post
1394 3836 1643 3890 mortem
1679 3830 1908 3889 uxoris.

1209 4058 1333 4112 103.
1376 4056 1787 4111 concnam
1829 4052 2442 4110 NnocnsAmaNsn
2480 4055 2566 4124 (a.
2604 4052 2938 4124 314-825).

660 4229 712 4275 30
1638 4217 1684 4254 c.
1725 4198 1773 4252 8.
1815 4220 1885 4245 τε
1923 4215 1969 4254 c.
2019 4217 2094 4270 19.
2139 4199 2203 4252 D.
2244 4198 2499 4252 XXXIV.

981 4334 1008 4363 ¹⁸
1050 4333 1208 4405 Corp.
1235 4337 1340 4390 iur.
1370 4350 1488 4386 can.
1530 4333 1618 4386 cd.
1660 4331 1822 4386 Frie
1842 4331 1877 4384 d
1897 4333 1928 4384 b
1949 4348 2088 4400 erg.
2130 4332 2301 4385 Tom.
2332 4331 2370 4384 Ι.
2410 4330 2518 4386 col.
2556 4329 2665 4385 128.
2724 4332 2767 4385 Β
2788 4348 2862 4384 ru
2883 4348 2994 4400 ns,
3034 4331 3166 4384 Can.
3195 4331 3380 4402 Apost.

765 4420 820 4469 et
855 4415 1018 4468 Conc.
1058 4415 1230 4467 lom.
1259 4413 1296 4466 1.
1338 4430 1466 4484 pag.
1492 4431 1579 4484 72.
1645 4412 1913 4480 Mansi‚
1954 4412 2111 4464 Conc.
2155 4416 2317 4484 ampl.
2346 4416 2465 4465 coll.
2508 4413 2683 4466 Tom.
2711 4412 2797 4465 111.
2836 4429 2888 4480 p.
2920 4429 3038 4482 245.
3094 4409 3311 4465 Hefel
3333 4430 3380 4472 e,

767 4494 1359 4565 C011.·1·l1‘engesch12·hte.
1400 4495 1571 4547 Tom.
1603 4493 1640 4546 1.
1681 4510 1732 4562 p.
1764 4510 1883 4546 210.

922 4621 1055 4675 Non
1085 4618 1182 4674 fiat
1208 4618 1479 4674 sacerdos
1508 4617 1668 4673 cuius
1696 4616 1994 4671 euidenter
2023 4633 2262 4670 uxorem
2291 4628 2517 4670 constat
2545 4614 2886 4670 adulterium
2914 4613 3225 4669 admisisse.

655 4765 705 4809 35
978 4734 1041 4794 Si
1088 4734 1267 4795 cuius
1313 4751 1572 4795 uxorem
1618 4730 1991 4792 adulterium
2027 4729 2428 4805 commisisse,
2462 4749 2603 4790 cum
2639 4746 2793 4790 esset
2825 4728 3033 4806 laicus,
3066 4727 3383 4789 euidenter

764 4843 942 4904 fuerit
988 4844 1484 4923 comprobatum,
1533 4840 1630 4900 hic
1675 4839 1749 4899 ad
1785 4838 2192 4899 ministerium
2225 4837 2700 4898 ecclesiasticum
2733 4835 2967 4897 admitti
3002 4855 3127 4896 non
3164 4851 3380 4917 potest.

763 4951 955 5027 Quod
1010 4950 1057 5009 si
1105 4949 1165 5009 in
1214 4949 1493 5009 clericatu
1544 4968 1618 5007 eo
1666 4946 1784 5006 iam
1821 4946 2153 5006 constituto
2189 4945 2570 5020 adulterattit,
2604 4944 2747 5004 dato
2783 4944 3044 5025 repudio
3076 4943 3380 5004 dimittere
