3684 5416
451 1553 507 1585 10

451 2086 504 2129 ³5

441 2620 505 2651 ⁴³0

442 3152 500 3196 ²5

439 3696 501 3739 ⁴30

441 4229 499 4274 ⁴35

560 396 675 450 590
1747 377 2012 461 Capituli.

2345 457 2560 464 ἡ.-
2619 459 2678 465 —f

562 564 708 625 dere
757 564 965 624 debeS.
1029 563 1122 624 De
1173 563 1385 624 multis
1435 564 1598 624 enim
1651 585 1848 646 pauca
1899 564 2387 645 perstrinximus,
2441 581 2509 626 ut
2559 566 2800 627 animos
2851 582 3081 628 vestros
3111 565 3190 627 ad

560 689 835 730 amorem
884 670 1266 749 humilitatiS,
1320 690 1733 751 provocemus
1781 688 1840 733 et
1873 692 1905 732 a
1939 672 2277 732 detestabili
2326 672 2698 753 inimicaque
2736 673 2869 734 Deo
2904 673 3187 754 superbia

559 777 960 841 retrahamus.
1011 778 1172 838 Nam
1205 778 1356 838 dum
1391 797 1579 840 omne
1612 798 1813 858 genus
1848 779 2198 840 humanum
2232 777 2752 855 Christianorum,
2786 798 2968 861 atque
3001 799 3189 842 omne

558 883 784 961 vulgus
836 885 1248 945 humilitatem
1298 886 1522 947 habere
1556 885 1901 961 conveniat,
1936 885 2119 945 nimis
2153 885 2446 966 iniquum
2479 887 2946 969 pessimumque
2979 908 3048 949 ac
3079 888 3190 948 de-

558 990 830 1051 testabile
864 1007 972 1069 est,
1008 1009 1074 1053 ut
1109 992 1215 1072 qui
1249 993 1497 1053 servitio
1534 991 1647 1052 Dei
1682 992 2051 1073 peculiarius
2082 1012 2146 1053 se
2179 991 2533 1073 junxerunt,
2569 994 2979 1055 bumilitatem
3011 996 3185 1056 dere-

558 1098 863 1177 linquant,
912 1115 971 1159 et
1016 1100 1357 1181 superbiae,
1411 1100 1503 1160 vel
1538 1099 1877 1161 diabolicae
1908 1100 2221 1180 tyrannidi
2255 1119 2320 1161 se
2352 1100 2608 1161 socient.
2676 1101 2908 1163 Idcirco
2940 1120 3186 1162 necesse

560 1220 668 1279 est,
716 1221 783 1267 ut
831 1205 942 1286 qui
987 1206 1283 1266 suadente
1328 1205 1579 1266 diabolo
1616 1224 1817 1285 usque
1853 1224 2025 1265 nunc
2055 1208 2359 1287 superbus
2392 1222 2578 1286 atque
2613 1207 2805 1267 elatus
2837 1208 3009 1267 vultu
3042 1207 3188 1268 vixit

561 1311 626 1372 in
657 1326 852 1387 antea,
879 1313 1014 1373 Deo
1047 1312 1399 1391 auxiliante,
1424 1331 1532 1392 per
1566 1312 1980 1373 humilitatem
2014 1330 2198 1393 atque
2233 1313 2588 1374 charitatem
2621 1314 2715 1373 vel
2750 1314 3186 1391 obedientiam,

560 1438 668 1478 seu
706 1438 814 1499 per
846 1419 1079 1499 reliqua
1114 1422 1274 1480 bona
1309 1418 1423 1479 Dei
1459 1435 1775 1500 praecepta
1810 1434 2104 1497 resurgat,
2136 1420 2279 1500 quia
2315 1420 2515 1480 multo
2548 1420 2772 1481 melius
2804 1437 2894 1482 est
2927 1442 3033 1502 per
3065 1422 3185 1482 hu-

561 1524 877 1585 militatem
927 1545 1070 1585 cum
1104 1526 1354 1588 Christo
1402 1526 1464 1587 in
1511 1526 1879 1587 coelestibus
1926 1545 2201 1605 regnare,
2249 1546 2440 1607 quam
2474 1546 2620 1587 cum
2655 1528 2906 1590 diabolo
2939 1549 3048 1610 per
3078 1549 3182 1589 su-

561 1633 837 1713 perbiam
870 1634 933 1694 in
965 1634 1208 1695 inferno
1242 1654 1382 1695 cum
1417 1634 1672 1715 reliquis
1706 1635 2243 1714 contemptoribus
2277 1635 2570 1714 demergi.

776 1741 926 1821 Cap.
963 1741 1027 1801 11.
1074 1741 1177 1802 De
1209 1741 1459 1802 Ordine
1491 1740 2018 1822 Congregattonis
2052 1740 2532 1804 Canonicorum.
2579 1742 2845 1803 Ordines
2877 1762 3025 1804 suos
3060 1744 3181 1805 Ca-

563 1847 772 1908 nonici
806 1846 883 1908 ita
916 1862 1302 1925 conservent,
1336 1865 1402 1908 ut
1435 1848 1702 1909 ordinati
1733 1865 1875 1909 sunt
1909 1849 1973 1908 in
2006 1850 2300 1927 gradibus
2320 1849 2448 1910 suis
2469 1850 2817 1910 secundum
2838 1848 3183 1928 legitimam

560 1953 1013 2014 institutionem
1050 1955 1370 2015 Romanae
1405 1955 1707 2016 Ecclesiae
1742 1955 1805 2016 in
1841 1955 2138 2016 omnibus
2170 1956 2434 2017 omnino
2467 1956 2637 2033 locis,
2673 1956 2734 2016 id
2769 1972 2858 2016 est
2892 1955 3180 2032 Ecclesia,

563 2062 656 2122 vel
707 2060 1088 2141 ubicumque
1140 2062 1205 2121 in
1255 2061 1443 2122 simul
1492 2082 1556 2122 se
1608 2061 2055 2140 conjunxerint,
2109 2078 2167 2122 et
2213 2063 2368 2124 ratio
2416 2079 2707 2143 praestat;
2759 2062 3023 2143 exceptis
3068 2063 3184 2139 his,

562 2187 721 2247 quos
753 2169 1096 2249 Episcopus
1130 2168 1190 2229 in
1223 2169 1435 2230 altiore
1466 2170 1662 2249 gradu
1696 2168 2096 2247 constituerit,
2144 2170 2237 2229 vel
2273 2169 2692 2248 degradaverit
2723 2171 2901 2230 certis
2932 2189 3006 2231 ex
3036 2190 3181 2231 cau-

555 2274 673 2349 sis;
708 2274 927 2354 reliqui
961 2294 1199 2351 omneS,
1232 2292 1300 2336 ut
1332 2276 1619 2354 diximus,
1655 2277 1754 2353 ita,
1791 2294 1859 2337 ut
1892 2277 2156 2337 ordinati
2189 2293 2350 2351 sunt,
2370 2276 2622 2338 ordines
2642 2297 2792 2338 suos
2813 2278 3179 2339 custodiant.

559 2382 843 2444 Juniores
889 2382 1077 2462 igitur
1110 2383 1348 2445 Priores
1394 2403 1541 2443 suos
1589 2384 1937 2445 honorent:
1992 2384 2229 2444 Priores
2263 2383 2537 2461 juniores
2570 2403 2718 2445 suos
2749 2385 2813 2445 in
2850 2385 3055 2445 Deum
3087 2384 3180 2444 di-

560 2490 767 2568 ligant.

774 2597 843 2657 In
890 2597 1082 2678 ipsius
1122 2616 1325 2658 autem
1361 2598 1771 2679 appellatione
1806 2598 2078 2659 nominis
2110 2598 2265 2659 nulli
2296 2599 2471 2659 liceat
2509 2598 2696 2659 alium
2734 2618 2893 2680 puro
2925 2597 3177 2659 nomine

559 2704 883 2784 appellare,
917 2705 1024 2766 sed
1058 2706 1406 2768 secundum
1442 2706 1951 2768 constitutionem
1986 2722 2225 2767 sanctae
2262 2705 2564 2767 Ecclesiae
2602 2706 2763 2767 sedis
2785 2705 3176 2788 Apostolicae

559 2827 734 2871 vocet
767 2832 910 2873 eum
944 2832 1149 2886 suum,
1185 2814 1353 2894 prius
1386 2813 1594 2874 addito
1628 2828 1687 2873 et
1719 2814 2041 2874 ministerii
2079 2813 2174 2874 sui
2205 2814 2419 2893 gradu,
2469 2814 2941 2894 qualiscumque
2974 2812 3174 2883 fuerit,

561 2918 956 2998 Ubicumque
1003 2935 1209 2980 autem
1256 2941 1320 2980 se
1369 2920 1701 2981 obviaverit
1734 2920 1957 2980 Clerus
1990 2919 2216 2998 junior,
2252 2921 2581 2981 inclinatus
2615 2942 2646 2980 a
2682 2920 2888 2982 Priore
2921 2921 3176 2982 benedi·

559 3023 832 3083 ctionem
866 3041 1056 3105 petat;
1109 3041 1167 3085 et
1201 3026 1248 3085 si
1284 3026 1596 3086 sedentem
1631 3027 1949 3105 invenerit,
1983 3041 2340 3088 transeunte
2375 3025 2603 3103 majore
2636 3041 2861 3106 surgat,
2895 3044 2952 3087 et
2985 3027 3087 3087 det
3121 3026 3173 3087 ei

557 3131 770 3192 Iocum
815 3133 1088 3210 sedendi,
1138 3152 1252 3195 nec
1300 3150 1648 3214 praesumat
1696 3134 1902 3212 junior
1949 3137 2305 3212 consedere,
2355 3135 2470 3197 nisi
2510 3136 2563 3195 ei
2598 3134 2927 3216 praecipiat
2959 3133 3180 3195 Senior

557 3258 726 3315 suuS,
760 3254 827 3298 ut
861 3238 981 3316 fiat,
1017 3241 1191 3320 quod
1224 3241 1520 3322 scriptum
1556 3257 1673 3302 est:
1709 3241 1937 3303 honore
1969 3245 2227 3303 invicem
2247 3245 2730 3324 praevenientes.
2774 3240 2956 3302 Pueri
2986 3240 3176 3320 parvi,

556 3344 654 3405 vel
687 3345 1107 3408 adolescentes
1142 3348 1203 3409 in
1237 3348 1506 3410 oratorio
1540 3348 1635 3409 vel
1666 3350 1745 3410 ad
1779 3368 2025 3410 mensas
2059 3368 2205 3410 cum
2252 3348 2574 3429 disciplina
2609 3347 2858 3409 ordines
2890 3367 3037 3408 suos
3069 3366 3177 3407 cu·

556 3452 845 3532 stodiant,
881 3452 1043 3515 foras
1075 3470 1302 3532 autem,
1334 3455 1440 3516 ubi
1471 3470 1531 3516 et
1562 3456 1668 3516 ubi
1703 3456 2048 3517 custodiam
2085 3457 2367 3534 habeant,
2403 3455 2808 3536 disciplinam.

770 3561 922 3641 Cap.
954 3561 1048 3622 111.
1117 3561 1200 3623 Ul
1236 3565 1299 3623 in
1336 3563 1451 3623 illa
1482 3563 1758 3623 claustra
1791 3583 1997 3623 omnes
2030 3566 2095 3623 in
2131 3584 2248 3624 uno
2283 3564 2610 3624 dormiant.
2662 3562 2744 3623 lta
2777 3562 3173 3640 instituimuS,

557 3681 624 3726 ut
658 3666 720 3728 in
756 3666 854 3727 illa
888 3667 1149 3729 claustra
1184 3669 1279 3729 ille
1303 3670 1521 3730 Clerus
1555 3670 1913 3746 canonicuS,
1947 3669 2055 3750 qui
2088 3673 2204 3731 sub
2237 3671 2374 3751 ipso
2407 3669 2642 3747 ordine,
2677 3669 2813 3729 Deo
2836 3668 3177 3748 adjuvante,

560 3773 758 3834 vivere
793 3776 1037 3854 debent,
1086 3793 1151 3837 ut
1200 3796 1420 3838 omnes
1454 3778 1517 3838 in
1552 3796 1683 3838 uno
1717 3777 2029 3839 dormiant
2063 3777 2449 3854 dormitori0,
2486 3791 2723 3856 praeter
2754 3775 2914 3855 illos,
2951 3775 3176 3857 quibus

560 3880 906 3962 Episcopus
951 3882 1258 3944 licentiam
1305 3884 1558 3962 dederit,
1607 3885 1954 3945 secundum
1987 3886 2159 3964 quod
2194 3885 2247 3945 ei
2281 3883 2712 3945 rationabiliter
2741 3882 2942 3943 visum
2977 3882 3175 3961 fuerit,

558 4003 626 4047 ut
657 3989 722 4050 in
755 3989 886 4070 ipsa
920 3991 1176 4052 claustra
1212 4011 1318 4072 per
1350 3991 1673 4073 dispositas
1706 3992 2061 4053 mansiones
2096 3992 2407 4052 dormiant
2440 3991 2787 4072 separatim,
2824 4008 2881 4051 et
2915 4009 3021 4072 per
3054 3991 3176 4050 sin-

556 4097 703 4174 gula
748 4098 901 4159 lecta
948 4097 1171 4176 singuli
1219 4098 1549 4174 dormiant,
1599 4115 1655 4159 et
1701 4098 1762 4158 in
1798 4099 2165 4160 dormitorio
2198 4098 2473 4159 similiter
2504 4099 2830 4180 separatim
2865 4098 3176 4158 dormiant

558 4204 729 4264 mixti
776 4223 918 4265 cum
954 4205 1333 4284 Senioribus,
1384 4224 1631 4287 propter
1665 4207 2112 4286 providentiam
2148 4210 2397 4282 bonam,
2431 4222 2499 4266 ut
2530 4205 2818 4268 Seniores
2851 4205 3159 4286 praevide-

560 4340 1033 4410 quadragesimae
1062 4342 1578 4398 observationibus
1610 4343 1673 4397 C.
1695 4344 1839 4398 XXI.
1872 4345 1956 4398 De
1984 4343 2196 4399 mensis
2225 4342 2571 4398 ordinandis.
2604 4344 2666 4399 C.
2696 4342 2866 4396 XXII.
2895 4342 2984 4396 De
3011 4358 3173 4396 rnen-

558 4445 689 4482 sura
732 4426 855 4482 cibi.
932 4429 996 4483 C.
1026 4431 1219 4485 XXIII.
1276 4434 1363 4487 De
1407 4449 1671 4487 mensura
1701 4446 1892 4503 potus.
1971 4434 2034 4488 C.
2064 4434 2264 4488 XXIV.
2321 4434 2406 4487 De
2434 4430 2846 4503 septimanariis
2873 4430 3173 4503 coquinae.

560 4517 623 4571 C.
652 4517 852 4572 XXVI.
895 4518 981 4572 De
1010 4519 1321 4575 cellerari0.
1377 4522 1440 4576 C.
1470 4522 1694 4577 XXVII.
1739 4524 1823 4577 De
1854 4522 2127 4593 portario.
2176 4522 2239 4576 C.
2270 4521 2518 4576 XXVIII.
2562 4523 2646 4576 De
2674 4520 2913 4575 infirmis
2941 4519 3173 4575 Clericis

558 4605 881 4662 Canonicis.
975 4609 1038 4662 C.
1093 4609 1293 4664 XXIX.
1346 4611 1433 4665 De
1473 4610 1824 4666 vestimentis
1886 4611 2246 4680 clericorum,
2289 4611 2378 4665 vel
2421 4611 2822 4666 calceamentis
2867 4610 2956 4666 vel
2999 4610 3173 4681 ligno.

557 4697 621 4751 C.
665 4697 840 4752 XXX.
883 4698 969 4753 De
1008 4697 1409 4755 festivitatibus
1438 4701 1804 4757 Sanctorum.
1876 4702 1939 4754 C.
1982 4701 2232 4756 XXXIII.
2277 4700 2491 4755 Diebus
2519 4699 2822 4755 dominicis
2847 4699 2939 4755 vel
2963 4698 3177 4755 festivi-

439 4817 504 4856 ⁴0
554 4787 767 4842 tatibus
813 4787 1166 4844 Sanctorum
1210 4788 1453 4860 qualiter
1478 4791 1551 4844 ad
1579 4789 1910 4861 capitulum,
1938 4807 2038 4846 seu
2067 4791 2140 4845 ad
2169 4789 2402 4845 missam
2429 4804 2749 4847 occurrant.
2825 4790 2890 4844 C.
2920 4791 3175 4846 XXXIV.

558 4875 645 4929 De
685 4875 1077 4931 matriculariis
1119 4889 1179 4933 ut
1218 4879 1291 4932 ad
1317 4877 1620 4934 lectionem
1650 4878 1900 4934 divinam
1927 4880 2277 4934 audiendam
2303 4878 2533 4935 veniant
2559 4879 2616 4934 in
2642 4892 2857 4937 statuta
2885 4879 3176 4934 Ecclesiae

560 4964 758 5019 domo.
