3684 5416
302 2115 350 2158 ¹5

296 2647 353 2681 20

296 3183 347 3226 25

294 3724 348 3768 30

296 4256 347 4300 35

1402 411 1670 470 Pontifex
1708 431 2005 470 romanus.
2915 434 3027 492 437

407 592 603 655 verint
648 609 707 655 et
752 593 907 655 illud
954 594 1369 674 revelaverint,
1418 598 1703 661 eamdem
1748 598 1900 661 latae
1946 600 2284 662 sententiae
2317 601 3022 662 excommunicationem

406 699 736 762 incurrant.
803 699 1005 763 Finito
1037 701 1338 764 scrutinio
1369 717 1429 765 et
1460 724 1725 783 accessu,
1771 705 1899 769 sive
1930 707 2148 768 electio
2179 723 2441 788 sequuta
2471 708 2567 784 sit,
2602 708 2731 770 sive
2763 727 2896 769 non
2928 708 3029 785 sit,

405 822 525 868 tres
556 807 654 868 alii
688 808 1042 886 cardinales,
1088 826 1258 872 sorte
1288 811 1527 892 pariter,
1580 828 1647 874 ut
1676 833 1880 895 supra,
1911 815 2287 892 extrahendi,
2317 814 2642 876 schedulas
2672 833 2896 878 omnes
2928 834 3025 876 re-

406 929 784 993 cognoscere
817 916 1101 996 debeant,
1150 918 1356 999 sigillo
1389 935 1594 982 tamen
1627 936 1686 983 et
1716 921 1972 983 duobus
2004 922 2137 983 aliis
2166 922 2378 1001 signis,
2409 922 2458 983 si
2491 937 2694 1003 aperta
2725 940 2857 982 non
2890 920 3026 983 fue-

406 1021 545 1099 rint,
592 1022 830 1085 intactis
877 1027 1356 1090 remanentibus.
1422 1026 1604 1102 Quae
1650 1047 1872 1091 omnes
1918 1045 1977 1091 et
2023 1029 2300 1109 singulae
2346 1028 2698 1108 schedulae,
2748 1029 2877 1089 sive
2925 1047 3023 1089 se-

409 1144 600 1208 quuta
632 1130 759 1191 sive
791 1151 922 1194 non
955 1149 1217 1214 sequuta
1249 1133 1569 1214 electione,
1603 1138 2011 1217 postmodum
2044 1136 2246 1198 statim
2281 1137 2485 1217 palam
2517 1138 2980 1196 comburantur.

620 1245 649 1305 S
694 1258 788 1305 17.
854 1238 1162 1319 Similiter,
1215 1260 1294 1303 ne
1341 1240 1557 1303 electio
1604 1244 2013 1326 protrahatur,
2062 1244 2389 1305 statuimus
2434 1257 2492 1304 et
2536 1242 2915 1321 ordinamus,
2956 1255 3026 1303 ut

409 1343 526 1403 sub
558 1342 740 1405 simili
771 1346 1431 1410 excommunicationis
1464 1367 1666 1430 poena
1699 1369 1775 1411 eo
1808 1350 1946 1430 ipso
1970 1350 2357 1426 incurrenda,
2375 1349 2743 1410 scrutinium
2774 1348 2868 1410 bis
2897 1349 3024 1410 sin-

406 1448 570 1526 gulis
615 1451 833 1514 diebus
883 1470 1226 1534 peragatur,
1270 1454 1353 1517 ita
1403 1471 1471 1517 ut
1516 1455 1703 1518 etiam
1737 1456 2103 1538 perficiatur,
2136 1476 2320 1519 mane
2350 1457 2579 1519 scilicet
2609 1472 2753 1539 post
2782 1456 3025 1520 solitam

408 1556 677 1634 missam,
727 1573 786 1619 et
832 1560 1027 1640 prima
1072 1561 1330 1642 quidem
1376 1562 1474 1623 die
1518 1580 1764 1625 tantum
1810 1580 1948 1645 post
1992 1563 2400 1625 cardinalium
2445 1583 2681 1625 sacram
2715 1578 3024 1645 peractam

406 1665 947 1745 communionem,
1001 1683 1058 1728 et
1108 1668 1542 1750 pomeridiano
1590 1685 1872 1750 tempore
1925 1670 2079 1731 hora
2124 1685 2474 1752 opportuna
2522 1685 2665 1752 post
2712 1670 3025 1751 hymnum

424 1770 575 1832 Veni
604 1771 873 1834 Creator
903 1775 1181 1856 Spiritus
1227 1792 1283 1836 et
1330 1775 1679 1837 orationem
1724 1777 1802 1837 de
1833 1775 2066 1857 Spiritu
2102 1776 2362 1838 Sancto:
2427 1776 2720 1858 idemque
2766 1777 2819 1839 si
2852 1797 3023 1839 corn-

409 1879 698 1958 promissi
747 1880 843 1941 via
890 1881 1169 1960 eligatur,
1205 1883 1514 1943 observari
1552 1882 1800 1946 debeat:
1848 1898 2032 1963 atque
2063 1884 2140 1944 ad
2173 1883 2562 1961 scrutinium,
2597 1901 2743 1944 cum
2773 1883 3024 1946 tertium

407 1985 645 2066 pulsata
693 2005 802 2067 per
847 1987 984 2067 loca
1029 1987 1209 2050 solita
1257 1989 1568 2050 conclavis
1601 1989 1970 2071 campanula
2002 1990 2080 2050 de
2113 2008 2287 2051 more
2321 1989 2521 2066 fuerit,
2553 2007 2776 2050 omnes
2808 2004 2867 2050 et
2897 1990 3026 2051 sin-

407 2091 538 2170 guli
571 2093 910 2157 cardinales
941 2095 1277 2156 convenire
1309 2095 1593 2174 debeant,
1639 2096 1994 2158 valetudine
2026 2115 2158 2158 non
2190 2095 2485 2178 impediti,
2519 2099 2636 2157 sub
2668 2096 2885 2157 eadem
2919 2116 3024 2157 ex·-

407 2200 992 2262 communicatiouis
1025 2202 1178 2263 latae
1211 2203 1544 2264 sententiae
1576 2222 1796 2285 poena.

621 2315 650 2375 s
697 2309 789 2369 18.
855 2309 1214 2372 Cardinales
1266 2326 1574 2392 praeterea
1620 2311 1888 2373 omnino
1920 2310 2258 2373 abstineant
2288 2313 2364 2371 ab
2397 2309 2691 2372 omnibus
2725 2308 3022 2390 pactioni-

408 2415 546 2491 bus,
591 2414 1127 2491 conventionibus,
1179 2414 1720 2495 promissionibus,
1764 2415 2252 2493 intendimentis,
2300 2414 2617 2491 condictis,
2651 2412 3023 2491 foederibus,

406 2518 666 2600 aliisque
699 2519 1203 2601 quibuscumque
1236 2520 1739 2600 obligationibus,
1781 2520 1983 2597 miniS,
2021 2521 2230 2600 signis,
2262 2520 2669 2601 contrasignis
2699 2520 3026 2601 suffragio-

407 2644 546 2686 rum
592 2646 702 2688 seu
750 2627 1210 2704 schedularum,
1259 2643 1365 2689 aut
1409 2627 1558 2704 aliis,
1604 2643 1729 2689 tam
1781 2629 1990 2705 verbo,
2025 2647 2214 2708 quam
2246 2629 2493 2711 script0,
2524 2643 2630 2690 aut
2660 2629 3022 2710 quomodo·

408 2755 679 2816 cumque
727 2735 947 2798 dandis
1003 2752 1106 2797 aut
1154 2736 1456 2818 petendis,
1504 2751 1629 2797 tam
1680 2752 1960 2818 respectu
1992 2736 2373 2814 inclusionis,
2410 2755 2600 2816 quam
2631 2736 3021 2814 exclusionis,

404 2856 531 2904 tam
577 2842 766 2904 unius
814 2862 1134 2924 personae,
1182 2863 1375 2932 quam
1424 2843 1725 2925 plurium,
1754 2859 1860 2905 aut
1891 2844 2036 2904 certi
2067 2843 2332 2922 generis,
2366 2842 2555 2904 veluti
2587 2859 3024 2927 creaturarum,

404 2966 513 3012 aut
544 2950 927 3029 huiusmodi,
957 2971 1069 3013 seu
1089 2951 1167 3012 de
1199 2951 1495 3032 suffragio
1528 2951 1759 3029 dando,
1795 2950 1889 3012 vel
1921 2970 2051 3013 non
2084 2951 2325 3014 dando:
2357 2970 2519 3032 quae
2552 2951 2766 3012 omnia
2797 2967 2856 3012 et
2885 2953 3016 3014 sin-

403 3060 568 3141 gula,
618 3060 667 3121 si
714 3061 791 3120 de
825 3059 982 3120 facto
1016 3060 1477 3138 intervenerint,
1512 3060 1703 3121 etiam
1736 3060 2084 3121 iuramento
2116 3059 2374 3138 adiecto,
2407 3060 2575 3120 nulla
2609 3077 2668 3120 et
2699 3059 2881 3137 irrita,
2913 3079 3024 3122 ne·

405 3187 529 3248 que
561 3168 639 3229 ad
672 3187 893 3229 eorum
924 3167 1375 3229 observantiam
1410 3187 1794 3248 quemquam
1825 3167 2020 3228 teneri
2050 3182 2155 3228 aut
2186 3187 2258 3228 ex
2289 3168 2775 3246 transgressione
2808 3183 3021 3228 notam

405 3275 718 3336 incurrere
752 3272 896 3335 fidei
928 3294 1059 3336 non
1091 3290 1363 3336 servatae
1396 3275 1792 3336 decernimus
1822 3290 1881 3335 et
1915 3274 2319 3348 declaramus,
2338 3289 2397 3335 et
2427 3274 2931 3336 contrafacientes
2952 3295 3024 3337 ex

405 3400 577 3442 nunc
625 3380 1282 3442 excommunicationis
1316 3399 1518 3460 poena
1552 3379 1968 3440 innodamus:
2018 3394 2306 3441 tractatus
2338 3395 2545 3441 tamen
2578 3400 2691 3461 pro
2724 3381 3025 3442 electione

408 3486 726 3549 habendos
760 3502 958 3548 vetare
996 3506 1125 3547 non
1159 3486 1578 3566 intelligimus.

619 3603 648 3663 s
693 3614 785 3672 19.
848 3592 1042 3669 Quod
1092 3592 1143 3653 si
1175 3592 1390 3653 electio
1423 3591 1790 3654 huiusmodi
1822 3591 1966 3653 alibi
1997 3591 2293 3652 celebrata
2328 3591 2525 3667 fuerit,
2556 3611 2744 3672 quam
2781 3593 2844 3653 in
2876 3612 3025 3654 con-

402 3700 555 3762 clavi
602 3701 829 3777 clauso,
876 3700 973 3761 vel
1018 3700 1190 3761 aliter
1237 3718 1427 3779 quam
1461 3719 1568 3780 per
1600 3714 1826 3760 secreta
1859 3699 2302 3760 schedularum
2333 3698 2620 3779 suffragia
2653 3699 2918 3762 duarum
2953 3720 3026 3761 ex

403 3808 598 3870 tribus
643 3809 920 3890 partibus
966 3806 1371 3868 cardinalium
1404 3806 1467 3867 in
1502 3806 1778 3868 conclavi
1815 3806 2236 3888 praesentium
2270 3805 2335 3867 in
2367 3806 2684 3884 scrutini0,
2718 3827 2829 3868 seu
2861 3828 3029 3869 scru-

402 3916 559 3977 tinio
591 3930 650 3976 et
680 3935 947 3993 accessu,
982 3914 1152 3975 electi
1186 3914 1484 3993 suffragio
1519 3933 1650 3976 nou
1689 3928 2071 3994 computatO,
2113 3914 2208 3974 vel
2242 3934 2350 3994 per
2381 3915 2543 3975 viam
2577 3916 3029 3995 compromissi,

403 4024 479 4084 ab
513 4022 810 4084 omnibus
844 4021 1258 4082 cardinalibus
1288 4021 1569 4082 similiter
1602 4021 1665 4082 in
1699 4020 1978 4082 conclavi
2011 4021 2455 4101 praesentibuS,
2504 4021 2755 4082 nemine
2788 4021 3028 4083 dissen-

402 4130 604 4204 tiente,
657 4129 811 4207 initi,
862 4145 921 4191 et
972 4129 1051 4190 ita
1097 4144 1167 4189 ut
1218 4148 1406 4190 nemo
1451 4129 1726 4209 seipsum
1776 4128 2046 4207 elegerit,
2080 4127 2178 4188 vel
2211 4128 2386 4208 quasi
2420 4147 2528 4208 per
2556 4128 3027 4207 inspirationem

407 4236 582 4297 nullo
615 4236 1011 4317 praecedente
1045 4237 1120 4297 de
1156 4254 1420 4316 persona
1454 4234 1702 4315 speciali
1736 4249 2010 4311 tractatu,
2047 4233 2335 4295 omnium
2371 4234 2593 4313 pariter
2624 4233 3028 4295 cardinalium

406 4343 819 4425 praesentium
853 4342 917 4402 in
951 4342 1225 4404 conclavi
1260 4343 1693 4422 communiter,
1744 4341 1996 4403 nemine
2043 4341 2253 4402 itidem
2303 4340 2718 4416 dissentiente,
2753 4361 2862 4423 per
2893 4362 3028 4403 ver-

405 4451 556 4510 bum
589 4449 798 4531 Eligo,
847 4447 1216 4527 intelligibili
1267 4467 1421 4509 voce
1469 4449 1803 4528 prolatum,
1853 4462 1959 4508 aut
2003 4446 2249 4527 script0,
2299 4448 2347 4508 si
2398 4467 2546 4509 voce
2582 4466 2709 4509 non
2744 4448 3028 4529 potuerit,

404 4576 786 4638 expressum,
841 4555 1012 4617 nulla
1066 4557 1142 4616 sit
1193 4571 1252 4616 et
1302 4555 1560 4617 invalida
1614 4575 1689 4616 eo
1736 4555 1892 4636 ipso,
1940 4558 2174 4635 absque
2220 4555 2345 4616 ulla
2393 4555 2816 4630 declaratione,
2861 4571 2921 4616 et
2952 4555 3031 4616 ita

404 4664 600 4724 electo
644 4663 894 4725 nullum
940 4662 1035 4723 ius
1082 4662 1349 4724 tribuat:
1401 4662 1557 4742 quin
1604 4662 1802 4723 immo
1851 4662 1900 4722 is
1948 4682 2078 4723 non
2113 4661 2487 4742 apostolicus
2519 4662 2625 4722 sed
2659 4661 3031 4742 apostaticus

404 4769 478 4831 sit
510 4785 568 4830 et
599 4770 928 4845 habeatur;
980 4784 1041 4830 et
1091 4785 1215 4831 tam
1251 4769 1401 4850 ipse,
1440 4788 1631 4849 quam
1667 4768 1981 4848 eligentes,
2017 4768 2275 4848 eiusque
2311 4769 2579 4830 fautores
2611 4784 2671 4830 et
2702 4768 3030 4848 complices

403 4877 770 4938 sententiam
817 4876 1477 4939 excommunicationis
1525 4891 1583 4936 et
1631 4860 1979 4953 anathema,
2029 4875 2300 4955 aliasque
2348 4895 2637 4937 censuras
2683 4890 2741 4936 et
2779 4894 3029 4955 poenas,

404 4984 792 5046 invasoribus
823 4984 1000 5046 Sedis
1028 4985 1418 5065 Apostolicae
1452 5006 1484 5045 a
1517 4983 1701 5045 sacris
1732 4982 2079 5044 canonibus
2112 4998 2170 5043 et
2202 4982 2748 5044 constitutionibus
2780 4998 3029 5063 aposto-
