3684 5416
322 1544 372 1576 to

324 2080 369 2123 ¹5

324 2623 379 2655 20

325 3158 378 3201 25

329 3689 384 3735 30

331 4224 383 4269 35

330 4760 390 4799 40

1596 357 1860 429 Capituli.
2937 382 3038 436 595

2521 438 2567 445 .—

420 543 754 605 fectionem
803 561 935 604 non
980 543 1457 604 consentiamus,
1519 543 1594 604 Et
1639 543 1687 603 si
1733 543 1945 605 omnia
1990 543 2341 624 relinquere
2390 564 2521 606 non
2569 566 2926 626 possumus,
2957 549 3044 610 sic

420 649 499 710 ad
544 668 731 710 usum
777 664 1019 710 tanturn
1067 666 1275 711 nostra
1307 665 1648 724 teneamuS‚
1684 666 1752 712 ut
1784 649 2055 730 dimissa,
2092 651 2391 712 volumus
2424 653 2743 732 nolumus,
2779 655 3042 730 fuerint:

419 778 551 820 non
582 758 659 819 ad
692 758 1029 819 haeredum
1065 774 1421 819 nostrorum
1455 757 1798 820 carnalium
1829 774 2016 839 atque
2048 774 2306 839 parentu
2320 779 2403 838 m,
2442 762 2549 821 sed
2584 763 2660 822 ad
2683 762 3041 842 Ecclesiam,

422 865 520 926 cui
556 864 691 925 Deo
737 878 986 924 auctore
1031 863 1093 924 in
1143 881 1480 932 commune
1529 863 1929 944 deservimus,
1979 865 2056 925 de
2090 865 2268 944 cujus
2301 868 2487 927 rebus
2521 866 2821 948 stipendia
2855 869 3043 929 habe-

421 989 583 1048 mus,
628 970 771 1030 loco
818 970 1222 1031 haereditario
1255 969 1696 1050 relinquamus,
1762 970 1867 1048 Ut,
1900 972 1949 1032 si
1983 991 2128 1033 cum
2164 972 2283 1033 illis
2315 973 2599 1053 perfectis
2631 993 2745 1055 pro
2780 974 3044 1055 perfecta

421 1079 960 1140 abrenuntiatione
992 1079 1344 1160 saeculique
1378 1078 1570 1156 hujus
1600 1095 1964 1162 contemptu
2000 1083 2232 1142 corona
2256 1101 2387 1143 non
2408 1082 2729 1160 tribuitur:
2764 1083 2862 1145 vel
2893 1104 3042 1165 pec-

422 1200 702 1247 catorum
730 1185 928 1265 venia,
962 1185 1121 1247 sicut
1152 1185 1444 1262 minimis,
1474 1186 1893 1249 misericordia
1926 1187 2133 1248 divina
2166 1188 2555 1250 concedatur.
2593 1188 2759 1265 Quia
2792 1205 3042 1251 sanctus

426 1295 688 1375 Prosper
733 1295 831 1354 vel
876 1293 975 1354 alii
1019 1294 1212 1354 sancti
1246 1295 1468 1371 Patres,
1517 1295 1866 1355 secundum
1914 1293 2189 1354 divinam
2236 1294 2660 1357 auctoritatem
2692 1311 3044 1374 sanxerunt,

426 1416 491 1461 ut
524 1400 609 1462 illi
641 1400 881 1470 Clerici,
929 1400 1038 1481 qui
1070 1402 1147 1461 de
1179 1403 1362 1462 rebus
1395 1400 1702 1462 Ecclesiae
1734 1402 1937 1462 vivere
1970 1401 2246 1482 cupiunt,
2295 1421 2389 1462 res
2424 1403 2719 1482 proprias,
2750 1423 2904 1483 quas
2937 1404 3043 1465 ha-

426 1509 590 1585 bent,
626 1527 732 1589 per
764 1508 1172 1569 instrumenta
1219 1508 1589 1585 chartarum,
1656 1507 1795 1567 Deo
1842 1523 1901 1567 et
1948 1507 2273 1584 Ecclesiae,
2322 1508 2422 1568 cui
2473 1508 2843 1585 deserviunt,
2892 1526 3044 1568 con-

426 1616 689 1676 donent:
755 1632 813 1676 et
858 1615 945 1676 sic
991 1618 1177 1677 rebus
1210 1615 1515 1676 Ecclesiae
1549 1616 1833 1676 licentius
1865 1617 2099 1695 absque
2134 1615 2399 1676 maxima
2433 1616 2612 1696 culpa
2645 1631 2930 1690 utantur:
2974 1629 3047 1675 ut

432 1722 517 1783 sic
566 1722 641 1784 de
688 1725 872 1783 rebus
903 1723 1207 1785 Ecclesiae
1253 1723 1367 1804 ipsi
1399 1724 1623 1786 Clerici
1670 1724 1976 1805 gaudent:
2027 1723 2106 1783 ita
2154 1738 2213 1783 et
2250 1723 2516 1783 Ecclesia
2549 1724 2626 1782 de
2659 1724 2842 1783 rebus
2873 1722 3041 1804 ipso-

428 1851 568 1892 rum
601 1831 987 1893 Clericorum
1034 1851 1180 1893 cum
1228 1833 1605 1913 pauperibus
1636 1832 1767 1893 suis
1799 1832 1886 1892 sic
1917 1846 2091 1892 aucta
2123 1845 2308 1910 atque
2342 1829 2660 1890 meliorata
2692 1829 3048 1908 gratuletur.

429 1938 510 1999 Ita
546 1953 751 2000 tamen
784 1954 852 1999 ut
883 1938 1000 2018 ipsi
1032 1938 1273 2016 Clerici,
1307 1940 1461 2001 dum
1494 1940 1802 2015 advivent,
1840 1938 1890 1998 si
1924 1938 2002 1998 ita
2036 1936 2349 2017 placuerit,
2384 1955 2479 1996 res
2511 1956 2652 1996 suas
2685 1936 3046 1998 usufructu-

428 2047 557 2107 ario
591 2047 813 2107 ordine
848 2064 955 2125 per
987 2045 1360 2106 beneficium
1396 2047 1698 2108 Ecclesiae
1733 2047 2016 2123 habeant,
2067 2060 2133 2105 ut
2180 2043 2390 2105 omnia
2425 2042 2548 2104 sint
2581 2044 2957 2121 communia,
2989 2059 3048 2105 et

430 2169 678 2235 propter
725 2153 968 2213 obitum
1015 2168 1232 2213 eorum
1280 2153 1355 2212 ad
1392 2153 1725 2214 Ecclesiam
1761 2153 1857 2213 vel
1890 2153 1966 2213 ad
2001 2151 2372 2212 canonicum
2407 2150 2721 2224 ordinem;
2773 2149 2873 2211 cui
2906 2166 3045 2211 ante

430 2260 603 2320 datae
638 2259 897 2336 fuerant,
932 2274 1327 2320 revertantur.
1392 2259 1683 2320 Similiter
1728 2259 2070 2320 iudicantes
2103 2273 2171 2318 ut
2203 2257 2289 2318 illi
2323 2256 2566 2336 Clerici,
2601 2256 2710 2336 qui
2741 2258 2818 2316 de
2852 2255 3042 2318 facul-

429 2368 652 2429 tatibus
700 2367 826 2428 suis
872 2366 1310 2428 sufficientiam
1342 2367 1591 2444 habent,
1641 2365 1716 2426 de
1752 2366 1898 2447 ipsis
1929 2367 2113 2426 rebus
2148 2364 2414 2445 propriis
2447 2364 2646 2424 vivere
2679 2365 2962 2442 debeant,
2996 2364 3048 2424 si

427 2492 638 2535 tamen
672 2474 899 2534 infirmi
935 2474 1179 2551 fuerint,
1222 2489 1292 2534 ut
1321 2474 1387 2534 in
1420 2473 1716 2535 omnibus
1736 2473 1824 2533 -ad
1860 2472 2169 2550 integrum
2203 2471 2510 2532 Ecclesiae
2544 2471 2677 2545 Dei,
2709 2470 2808 2531 cui
2840 2470 3048 2531 deser-

434 2582 629 2656 viunt,
678 2580 822 2640 dare
858 2575 1187 2657 noluerint,
1237 2596 1294 2640 et
1325 2580 1410 2640 sic
1442 2579 1634 2661 ipsius
1666 2579 1973 2639 Ecclesiae
2004 2577 2068 2637 in
2103 2596 2333 2655 amore,
2370 2576 2599 2638 Christi
2633 2575 2889 2655 gratuita
2923 2594 3049 2635 ser-

433 2687 642 2767 vitute,
697 2688 1036 2768 sedulaque
1086 2687 1514 2749 modulatione
1566 2687 1958 2768 impendant;
2010 2700 2069 2746 et
2118 2685 2312 2745 sciant
2359 2703 2423 2744 se
2468 2702 2582 2765 pro
2628 2684 2742 2744 hac
2789 2702 2872 2761 re,
2905 2682 3048 2764 quia

433 2799 615 2857 rebus
648 2797 970 2874 Ecclesiae,
1003 2796 1179 2856 sicuti
1214 2794 1432 2856 caeteri
1465 2794 1784 2872 Canonici,
1817 2807 2092 2869 utuntur,
2134 2791 2461 2873 specialem
2494 2790 2979 2851 misericordiam
3015 2811 3049 2851 a

435 2904 571 2965 Deo
601 2919 974 2985 recepturos,
997 2902 1095 2962 cui
1129 2902 1205 2962 de
1239 2901 1502 2983 propriis
1535 2902 1718 2961 rebus
1750 2899 2122 2960 inserviunt:
2171 2898 2315 2978 quia
2349 2898 2398 2958 si
2431 2918 2519 2974 ea,
2551 2916 2710 2976 quae
2743 2897 3050 2978 accepturi

435 3030 627 3091 erant,
662 3033 774 3093 pro
807 3030 1026 3073 eorum
1060 3008 1386 3069 ordinibus
1417 3008 1494 3067 de
1526 3008 1921 3087 eleemosyna
1954 3006 2356 3087 dispensatori
2391 3004 2722 3085 reliquerit,
2755 3004 2909 3066 nihil
2941 3004 3051 3065 ha-

435 3122 723 3181 bentibus
759 3118 1131 3181 conferenda
1162 3116 1294 3177 sine
1327 3133 1577 3197 peccato
1610 3116 1929 3197 possident
1960 3136 2104 3176 sua:
2157 3115 2302 3195 quia
2336 3129 2395 3175 et
2425 3114 2541 3195 ipsi
2575 3111 3051 3194 quodammodo

437 3227 796 3307 relinquunt
827 3246 958 3302 sua,
999 3226 1254 3304 quando
1288 3224 1550 3306 propriis
1583 3224 1854 3285 contenti
1888 3226 2089 3302 rebus,
2125 3222 2404 3302 nihilque
2437 3242 2502 3282 se
2536 3220 2667 3299 jure
2702 3222 2924 3281 debere
2956 3238 3052 3279 ar-

437 3336 736 3396 bitrantur
769 3333 971 3413 recipi.
1050 3330 1241 3407 Quod
1276 3331 1324 3392 si
1358 3344 1579 3411 putant
1607 3330 1752 3390 ideo
1784 3330 1974 3409 accipi
2007 3331 2228 3389 debere
2261 3348 2500 3405 eorum,
2535 3348 2696 3407 quae
2728 3325 3053 3388 conferen-

436 3458 536 3503 tur
568 3440 892 3515 Ecclesiae,
938 3438 1307 3520 portionem,
1342 3456 1458 3496 nec
1490 3455 1627 3496 eam
1659 3436 1982 3495 videantur
2013 3433 2294 3511 abjicere,
2329 3434 2478 3513 quia
2511 3453 2639 3494 non
2671 3433 2910 3513 possint
2940 3451 3054 3491 sua

439 3551 809 3630 relinquere,
846 3547 1017 3628 quod
1053 3545 1138 3606 eis
1170 3544 1448 3605 deforme
1481 3543 1573 3618 sit,
1604 3542 1761 3602 inter
1791 3561 1960 3611 suos,
1993 3560 2293 3621 pauperes
2328 3540 2534 3601 reddi:
2586 3538 2871 3600 noverint
2917 3556 3049 3597 esse

437 3657 797 3729 deformiuS,
844 3672 1238 3736 possessuros
1284 3651 1360 3711 de
1408 3648 1815 3729 eleemosynis
1848 3666 2193 3728 pauperum
2230 3647 2413 3728 pasci.
2475 3648 2615 3708 Hoc
2648 3645 2815 3705 enim
2848 3642 3054 3725 provi-

440 3767 715 3827 dendum
752 3780 856 3842 est,
890 3777 959 3824 ut
991 3781 1120 3823 non
1153 3774 1439 3839 gravetur
1472 3771 1665 3817 mater
1695 3755 1986 3830 Ecclesia,
2021 3774 2211 3835 quam
2235 3770 2473 3816 constat
2492 3752 2768 3833 quotidie
2789 3753 3055 3812 subven-

438 3874 593 3935 tioni
627 3889 991 3953 pauperum,
1025 3869 1498 3946 viduarumque,
1530 3881 1711 3945 atque
1746 3866 2197 3946 orphanorum,
2218 3861 2532 3941 simulque
2567 3859 2899 3937 egentium,
2933 3857 3055 3918 Ca-

441 4000 682 4042 nonum
718 3977 993 4057 jussione
1027 3975 1437 4050 constrictam,
1470 3974 1691 4034 debere
1725 3993 1857 4033 esse
1889 3990 2134 4052 semper
2169 3970 2485 4031 intentam.

649 4086 839 4163 Igitur
884 4084 1268 4164 quicumque
1313 4101 1379 4141 se
1425 4081 1500 4141 ad
1537 4082 1704 4140 hunc
1736 4080 2025 4140 ordinem
2060 4078 2476 4151 Canonicum,
2510 4092 2699 4155 quem
2731 4071 2924 4132 modo
2958 4085 3056 4131 ut·-

439 4212 710 4272 cumque
757 4208 1116 4271 recuperare
1149 4187 1456 4268 cupimus,
1504 4186 1661 4245 sicut
1706 4186 1768 4245 in
1801 4185 2059 4265 parvulo
2094 4183 2430 4259 decretu10,
2465 4180 2637 4261 quod
2670 4177 3057 4257 digessimus,

438 4300 881 4375 intimavimus,
917 4318 980 4358 se
1013 4296 1247 4357 sociare
1278 4293 1562 4365 voluerit,
1612 4309 1670 4353 et
1703 4292 1779 4351 de
1813 4294 2016 4366 rebus,
2049 4310 2204 4370 quas
2237 4290 2441 4364 habet,
2471 4285 2828 4346 solemniter
2860 4285 3057 4345 dona-

440 4411 606 4471 tione
660 4421 1045 4489 praesentem
1095 4405 1288 4464 donet
1335 4402 1409 4461 ad
1459 4400 1797 4460 Ecclesiam
1846 4399 1910 4460 Β.
1947 4397 2120 4459 Pauli
2166 4398 2243 4457 ad
2290 4415 2449 4476 opus
2495 4393 2774 4467 Dei‚,vel
2806 4390 3063 4453 Clericis

441 4516 670 4577 ibidem
725 4511 1226 4585 deservientibus,
1276 4508 1451 4568 faciat
1501 4522 1560 4567 et
1610 4506 1966 4587 precariam,
2018 4504 2068 4565 si
2118 4504 2198 4563 ita
2249 4502 2304 4563 ei
2357 4501 2672 4582 placuerit,
2721 4498 2938 4560 exinde
2985 4501 3060 4558 ab

445 4623 754 4704 Episcopo
788 4620 1040 4699 accipiat
1072 4619 1135 4678 in
1168 4637 1237 4676 ea
1270 4615 1630 4703 ratione,·ut
1663 4613 1816 4673 dum
1851 4612 2107 4687 advivet,
2141 4610 2301 4690 ipsas
2333 4629 2430 4669 res
2467 4605 2924 4668 usufructuario
2957 4623 3059 4665 or-

444 4733 586 4793 dine
638 4733 875 4807 habeat,
924 4745 983 4790 et
1033 4742 1172 4809 post
1208 4726 1449 4786 obitum
1482 4722 1613 4800 ejus
1646 4742 1789 4783 cum
1824 4720 1996 4782 omni
2028 4717 2388 4799 integritate,
2430 4716 2728 4796 omnique
2759 4731 3053 4794 superpo·

444 4841 561 4901 sito
614 4841 690 4900 ad
737 4836 1095 4912 Ecclesiam,
1144 4834 1246 4894 cui
1297 4833 1467 4892 datae
1520 4829 1767 4904 fuerint,
1815 4827 1912 4888 vel
1957 4825 2150 4906 ipsius
2195 4821 2717 4903 Congregationis
2763 4820 2921 4901 ipsas
2968 4838 3063 4879 res

451 4952 683 5028 absque
734 4945 924 5007 ullius
957 4940 1427 5023 consignatione
1458 4939 1554 4999 vel
1587 4950 1926 5018 exspectata
1957 4932 2286 4993 traditione
2319 4942 2719 4991 revertantur.
2787 4928 2861 4989 Et
2892 4927 3066 4988 liceat

1750 5031 1757 5042 .
2645 5028 2743 5101 38,
