<?xml version="1.0" encoding="UTF-8"?>
<!DOCTYPE html PUBLIC "-//W3C//DTD XHTML 1.0 Transitional//EN"
    "http://www.w3.org/TR/xhtml1/DTD/xhtml1-transitional.dtd">
<html xmlns="http://www.w3.org/1999/xhtml" xml:lang="en" lang="en">
 <head>
  <title>
</title>
<meta http-equiv="Content-Type" content="text/html;charset=utf-8" />
  <meta name='ocr-system' content='tesseract 3.04.00' />
  <meta name='ocr-capabilities' content='ocr_page ocr_carea ocr_par ocr_line ocrx_word'/>
</head>
<body>
  <div class='ocr_page' id='page_1' title='image "./fontesiuriscano00unkngoog_0472.png"; bbox 0 0 3684 5416; ppageno 0'>
   <div class='ocr_carea' id='block_1_1' title="bbox 632 969 655 1014">
    <p class='ocr_par' dir='ltr' id='par_1_1' title="bbox 632 969 655 1014">
     <span class='ocr_line' id='line_1_1' title="bbox 632 969 655 1014; baseline 0 0"><span class='ocrx_word' id='word_1_1' title='bbox 632 969 655 1014; x_wconf 88' lang='grc'>5</span> 
     </span>
    </p>
   </div>
   <div class='ocr_carea' id='block_1_2' title="bbox 609 1506 659 1538">
    <p class='ocr_par' dir='ltr' id='par_1_2' title="bbox 609 1506 659 1538">
     <span class='ocr_line' id='line_1_2' title="bbox 609 1506 659 1538; baseline 0.02 -1"><span class='ocrx_word' id='word_1_2' title='bbox 609 1506 659 1538; x_wconf 80' lang='lat'>10</span> 
     </span>
    </p>
   </div>
   <div class='ocr_carea' id='block_1_3' title="bbox 612 2044 657 2087">
    <p class='ocr_par' dir='ltr' id='par_1_3' title="bbox 612 2044 657 2087">
     <span class='ocr_line' id='line_1_3' title="bbox 612 2044 657 2087; baseline 0 0"><span class='ocrx_word' id='word_1_3' title='bbox 612 2044 657 2087; x_wconf 75' lang='grc' dir='ltr'>ι5</span> 
     </span>
    </p>
   </div>
   <div class='ocr_carea' id='block_1_4' title="bbox 609 3111 661 3155">
    <p class='ocr_par' dir='ltr' id='par_1_4' title="bbox 609 3111 661 3155">
     <span class='ocr_line' id='line_1_4' title="bbox 609 3111 661 3155; baseline 0 0"><span class='ocrx_word' id='word_1_4' title='bbox 609 3111 661 3155; x_wconf 81' lang='lat'>²5</span> 
     </span>
    </p>
   </div>
   <div class='ocr_carea' id='block_1_5' title="bbox 611 3647 663 3690">
    <p class='ocr_par' dir='ltr' id='par_1_5' title="bbox 611 3647 663 3690">
     <span class='ocr_line' id='line_1_5' title="bbox 611 3647 663 3690; baseline 0 -11"><span class='ocrx_word' id='word_1_5' title='bbox 611 3647 663 3690; x_wconf 66' lang='lat'>‘30</span> 
     </span>
    </p>
   </div>
   <div class='ocr_carea' id='block_1_6' title="bbox 610 4180 659 4225">
    <p class='ocr_par' dir='ltr' id='par_1_6' title="bbox 610 4180 659 4225">
     <span class='ocr_line' id='line_1_6' title="bbox 610 4180 659 4225; baseline -0.02 0"><span class='ocrx_word' id='word_1_6' title='bbox 610 4180 659 4225; x_wconf 80' lang='lat'>35</span> 
     </span>
    </p>
   </div>
   <div class='ocr_carea' id='block_1_7' title="bbox 706 330 3328 419">
    <p class='ocr_par' dir='ltr' id='par_1_7' title="bbox 706 330 3328 419">
     <span class='ocr_line' id='line_1_7' title="bbox 706 330 3328 419; baseline -0.003 -29"><span class='ocrx_word' id='word_1_7' title='bbox 706 335 817 419; x_wconf 58' lang='lat'>436</span> <span class='ocrx_word' id='word_1_8' title='bbox 1732 330 2002 388; x_wconf 84' lang='lat' dir='ltr'>Pontifex</span> <span class='ocrx_word' id='word_1_9' title='bbox 2042 349 2337 388; x_wconf 87' lang='lat' dir='ltr'>romanus.</span> <span class='ocrx_word' id='word_1_10' title='bbox 3271 413 3328 419; x_wconf 69' lang='lat'>—</span> 
     </span>
    </p>
   </div>
   <div class='ocr_carea' id='block_1_8' title="bbox 707 515 3342 4986">
    <p class='ocr_par' dir='ltr' id='par_1_8' title="bbox 709 515 3331 705">
     <span class='ocr_line' id='line_1_8' title="bbox 709 515 3331 598; baseline -0 -17"><span class='ocrx_word' id='word_1_11' title='bbox 709 518 777 581; x_wconf 85' lang='lat' dir='ltr'>in</span> <span class='ocrx_word' id='word_1_12' title='bbox 825 516 1118 579; x_wconf 88' lang='lat' dir='ltr'>scrutinio</span> <span class='ocrx_word' id='word_1_13' title='bbox 1168 515 1450 594; x_wconf 81' lang='lat' dir='ltr'>voluerit,</span> <span class='ocrx_word' id='word_1_14' title='bbox 1506 515 1642 577; x_wconf 89' lang='lat' dir='ltr'>eius</span> <span class='ocrx_word' id='word_1_15' title='bbox 1691 534 1925 576; x_wconf 91' lang='lat' dir='ltr'>nomen</span> <span class='ocrx_word' id='word_1_16' title='bbox 1970 515 2211 593; x_wconf 86' lang='lat' dir='ltr'>scribet,</span> <span class='ocrx_word' id='word_1_17' title='bbox 2258 515 2366 596; x_wconf 91' lang='lat' dir='ltr'>qui</span> <span class='ocrx_word' id='word_1_18' title='bbox 2412 535 2560 578; x_wconf 82' lang='lat' dir='ltr'>vero</span> <span class='ocrx_word' id='word_1_19' title='bbox 2608 517 2898 594; x_wconf 88' lang='lat' dir='ltr'>noluerit,</span> <span class='ocrx_word' id='word_1_20' title='bbox 2931 537 3009 580; x_wconf 91' lang='lat' dir='ltr'>ne</span> <span class='ocrx_word' id='word_1_21' title='bbox 3042 519 3331 598; x_wconf 83' lang='lat' dir='ltr'>cognosci</span> 
     </span>
     <span class='ocr_line' id='line_1_9' title="bbox 712 621 2730 705; baseline 0 -20"><span class='ocrx_word' id='word_1_22' title='bbox 712 624 904 705; x_wconf 84' lang='lat' dir='ltr'>possit</span> <span class='ocrx_word' id='word_1_23' title='bbox 933 642 1081 685; x_wconf 92' lang='lat' dir='ltr'>eum</span> <span class='ocrx_word' id='word_1_24' title='bbox 1116 622 1273 685; x_wconf 90' lang='lat' dir='ltr'>nulli</span> <span class='ocrx_word' id='word_1_25' title='bbox 1307 622 1614 699; x_wconf 79' lang='lat' dir='ltr'>accedere,</span> <span class='ocrx_word' id='word_1_26' title='bbox 1645 621 1711 683; x_wconf 93' lang='lat' dir='ltr'>in</span> <span class='ocrx_word' id='word_1_27' title='bbox 1742 622 1886 683; x_wconf 92' lang='lat' dir='ltr'>loco</span> <span class='ocrx_word' id='word_1_28' title='bbox 1920 621 2197 683; x_wconf 90' lang='lat' dir='ltr'>nominis</span> <span class='ocrx_word' id='word_1_29' title='bbox 2225 622 2448 683; x_wconf 87' lang='lat' dir='ltr'>scribat</span> <span class='ocrx_word' id='word_1_30' title='bbox 2477 625 2730 687; x_wconf 78' lang='lat' dir='ltr'>nemini.</span> 
     </span>
    </p>

    <p class='ocr_par' dir='ltr' id='par_1_9' title="bbox 707 730 3334 1241">
     <span class='ocr_line' id='line_1_10' title="bbox 924 730 3334 813; baseline -0.001 -19"><span class='ocrx_word' id='word_1_31' title='bbox 924 741 953 801; x_wconf 81' lang='lat' dir='ltr'>s</span> <span class='ocrx_word' id='word_1_32' title='bbox 999 753 1093 811; x_wconf 82' lang='grc' dir='ltr'>ιι,</span> <span class='ocrx_word' id='word_1_33' title='bbox 1155 733 1326 794; x_wconf 87' lang='lat' dir='ltr'>Nulli</span> <span class='ocrx_word' id='word_1_34' title='bbox 1373 748 1599 811; x_wconf 87' lang='lat' dir='ltr'>autem,</span> <span class='ocrx_word' id='word_1_35' title='bbox 1646 748 1771 793; x_wconf 86' lang='lat' dir='ltr'>tam</span> <span class='ocrx_word' id='word_1_36' title='bbox 1818 730 1884 793; x_wconf 90' lang='lat' dir='ltr'>in</span> <span class='ocrx_word' id='word_1_37' title='bbox 1930 731 2230 793; x_wconf 83' lang='lat' dir='ltr'>schedula</span> <span class='ocrx_word' id='word_1_38' title='bbox 2263 732 2540 793; x_wconf 88' lang='lat' dir='ltr'>scrutinii</span> <span class='ocrx_word' id='word_1_39' title='bbox 2577 751 2768 813; x_wconf 84' lang='lat' dir='ltr'>quam</span> <span class='ocrx_word' id='word_1_40' title='bbox 2801 751 3097 808; x_wconf 80' lang='lat' dir='ltr'>accessus,</span> <span class='ocrx_word' id='word_1_41' title='bbox 3129 732 3334 813; x_wconf 88' lang='lat' dir='ltr'>plures</span> 
     </span>
     <span class='ocr_line' id='line_1_11' title="bbox 708 837 3333 920; baseline -0.001 -19"><span class='ocrx_word' id='word_1_42' title='bbox 708 837 1030 904; x_wconf 87' lang='lat' dir='ltr'>nominare</span> <span class='ocrx_word' id='word_1_43' title='bbox 1075 838 1268 916; x_wconf 91' lang='lat' dir='ltr'>liceat,</span> <span class='ocrx_word' id='word_1_44' title='bbox 1316 839 1597 919; x_wconf 86' lang='lat' dir='ltr'>alioquin</span> <span class='ocrx_word' id='word_1_45' title='bbox 1643 838 2030 919; x_wconf 85' lang='lat' dir='ltr'>suffragium,</span> <span class='ocrx_word' id='word_1_46' title='bbox 2066 838 2131 900; x_wconf 93' lang='lat' dir='ltr'>in</span> <span class='ocrx_word' id='word_1_47' title='bbox 2162 858 2295 919; x_wconf 92' lang='lat' dir='ltr'>quo</span> <span class='ocrx_word' id='word_1_48' title='bbox 2327 838 2541 920; x_wconf 86' lang='lat' dir='ltr'>plures</span> <span class='ocrx_word' id='word_1_49' title='bbox 2575 837 2805 900; x_wconf 89' lang='lat' dir='ltr'>fuerint</span> <span class='ocrx_word' id='word_1_50' title='bbox 2835 839 3157 916; x_wconf 88' lang='lat' dir='ltr'>nominati,</span> <span class='ocrx_word' id='word_1_51' title='bbox 3193 839 3333 899; x_wconf 88' lang='lat' dir='ltr'>nul-</span> 
     </span>
     <span class='ocr_line' id='line_1_12' title="bbox 707 943 3331 1023; baseline -0 -16"><span class='ocrx_word' id='word_1_52' title='bbox 707 945 844 1008; x_wconf 94' lang='lat' dir='ltr'>lum</span> <span class='ocrx_word' id='word_1_53' title='bbox 888 946 997 1018; x_wconf 84' lang='lat' dir='ltr'>sit;</span> <span class='ocrx_word' id='word_1_54' title='bbox 1047 947 1335 1007; x_wconf 83' lang='lat' dir='ltr'>accedere</span> <span class='ocrx_word' id='word_1_55' title='bbox 1380 961 1589 1007; x_wconf 88' lang='lat' dir='ltr'>tamen</span> <span class='ocrx_word' id='word_1_56' title='bbox 1633 943 1746 1007; x_wconf 90' lang='lat' dir='ltr'>uni</span> <span class='ocrx_word' id='word_1_57' title='bbox 1791 964 1866 1006; x_wconf 87' lang='lat' dir='ltr'>ex</span> <span class='ocrx_word' id='word_1_58' title='bbox 1912 946 2249 1007; x_wconf 87' lang='lat' dir='ltr'>nominatis</span> <span class='ocrx_word' id='word_1_59' title='bbox 2279 966 2313 1006; x_wconf 91' lang='lat' dir='ltr'>a</span> <span class='ocrx_word' id='word_1_60' title='bbox 2344 963 2409 1008; x_wconf 89' lang='lat' dir='ltr'>se</span> <span class='ocrx_word' id='word_1_61' title='bbox 2442 945 2504 1007; x_wconf 89' lang='lat' dir='ltr'>in</span> <span class='ocrx_word' id='word_1_62' title='bbox 2543 945 2715 1007; x_wconf 90' lang='lat' dir='ltr'>dicta</span> <span class='ocrx_word' id='word_1_63' title='bbox 2748 946 3062 1023; x_wconf 82' lang='lat' dir='ltr'>schedula,</span> <span class='ocrx_word' id='word_1_64' title='bbox 3108 946 3201 1007; x_wconf 91' lang='lat' dir='ltr'>vel</span> <span class='ocrx_word' id='word_1_65' title='bbox 3234 946 3331 1007; x_wconf 90' lang='lat' dir='ltr'>alii</span> 
     </span>
     <span class='ocr_line' id='line_1_13' title="bbox 711 1051 3333 1135; baseline 0 -21"><span class='ocrx_word' id='word_1_66' title='bbox 711 1052 1061 1114; x_wconf 94' lang='lat' dir='ltr'>dummodo</span> <span class='ocrx_word' id='word_1_67' title='bbox 1107 1052 1363 1134; x_wconf 84' lang='lat' dir='ltr'>aliquod</span> <span class='ocrx_word' id='word_1_68' title='bbox 1410 1051 1575 1116; x_wconf 90' lang='lat' dir='ltr'>aliud</span> <span class='ocrx_word' id='word_1_69' title='bbox 1607 1051 1971 1130; x_wconf 85' lang='lat' dir='ltr'>suffragium</span> <span class='ocrx_word' id='word_1_70' title='bbox 2005 1052 2069 1113; x_wconf 90' lang='lat' dir='ltr'>in</span> <span class='ocrx_word' id='word_1_71' title='bbox 2101 1053 2325 1114; x_wconf 92' lang='lat' dir='ltr'>eodem</span> <span class='ocrx_word' id='word_1_72' title='bbox 2363 1052 2662 1115; x_wconf 87' lang='lat' dir='ltr'>scrutinio</span> <span class='ocrx_word' id='word_1_73' title='bbox 2697 1053 2926 1131; x_wconf 84' lang='lat' dir='ltr'>tulerit,</span> <span class='ocrx_word' id='word_1_74' title='bbox 2957 1071 3088 1114; x_wconf 90' lang='lat' dir='ltr'>non</span> <span class='ocrx_word' id='word_1_75' title='bbox 3120 1052 3333 1135; x_wconf 87' lang='lat' dir='ltr'>prohi-</span> 
     </span>
     <span class='ocr_line' id='line_1_14' title="bbox 711 1158 3216 1241; baseline -0.001 -18"><span class='ocrx_word' id='word_1_76' title='bbox 711 1163 946 1237; x_wconf 84' lang='lat' dir='ltr'>beatur,</span> <span class='ocrx_word' id='word_1_77' title='bbox 981 1175 1040 1221; x_wconf 92' lang='lat' dir='ltr'>et</span> <span class='ocrx_word' id='word_1_78' title='bbox 1072 1160 1136 1220; x_wconf 87' lang='lat' dir='ltr'>in</span> <span class='ocrx_word' id='word_1_79' title='bbox 1170 1178 1505 1221; x_wconf 89' lang='lat' dir='ltr'>numerum</span> <span class='ocrx_word' id='word_1_80' title='bbox 1537 1159 1942 1220; x_wconf 85' lang='lat' dir='ltr'>cardinalium</span> <span class='ocrx_word' id='word_1_81' title='bbox 1974 1158 2039 1220; x_wconf 92' lang='lat' dir='ltr'>in</span> <span class='ocrx_word' id='word_1_82' title='bbox 2070 1159 2348 1220; x_wconf 86' lang='lat' dir='ltr'>conclavi</span> <span class='ocrx_word' id='word_1_83' title='bbox 2385 1160 2804 1241; x_wconf 89' lang='lat' dir='ltr'>praesentium</span> <span class='ocrx_word' id='word_1_84' title='bbox 2839 1176 3216 1222; x_wconf 87' lang='lat' dir='ltr'>numeretur.</span> 
     </span>
    </p>

    <p class='ocr_par' dir='ltr' id='par_1_10' title="bbox 713 1265 3334 1542">
     <span class='ocr_line' id='line_1_15' title="bbox 928 1265 3334 1348; baseline -0 -20"><span class='ocrx_word' id='word_1_85' title='bbox 928 1274 956 1336; x_wconf 84' lang='lat' dir='ltr'>S</span> <span class='ocrx_word' id='word_1_86' title='bbox 1003 1285 1099 1328; x_wconf 81' lang='lat'>12.</span> <span class='ocrx_word' id='word_1_87' title='bbox 1156 1266 1378 1346; x_wconf 88' lang='lat' dir='ltr'>Neque</span> <span class='ocrx_word' id='word_1_88' title='bbox 1423 1266 1489 1327; x_wconf 91' lang='lat' dir='ltr'>in</span> <span class='ocrx_word' id='word_1_89' title='bbox 1535 1265 1817 1346; x_wconf 91' lang='lat' dir='ltr'>quolibet</span> <span class='ocrx_word' id='word_1_90' title='bbox 1861 1265 2155 1328; x_wconf 89' lang='lat' dir='ltr'>scrutinio</span> <span class='ocrx_word' id='word_1_91' title='bbox 2203 1266 2320 1328; x_wconf 90' lang='lat' dir='ltr'>nisi</span> <span class='ocrx_word' id='word_1_92' title='bbox 2351 1268 2543 1329; x_wconf 92' lang='lat' dir='ltr'>semel</span> <span class='ocrx_word' id='word_1_93' title='bbox 2578 1267 2871 1328; x_wconf 89' lang='lat' dir='ltr'>accedere</span> <span class='ocrx_word' id='word_1_94' title='bbox 2903 1268 3097 1342; x_wconf 91' lang='lat' dir='ltr'>liceat,</span> <span class='ocrx_word' id='word_1_95' title='bbox 3130 1286 3334 1348; x_wconf 90' lang='lat' dir='ltr'>neque</span> 
     </span>
     <span class='ocr_line' id='line_1_16' title="bbox 714 1372 3329 1455; baseline 0 -21"><span class='ocrx_word' id='word_1_96' title='bbox 714 1393 822 1455; x_wconf 89' lang='lat' dir='ltr'>per</span> <span class='ocrx_word' id='word_1_97' title='bbox 854 1392 1168 1435; x_wconf 87' lang='lat' dir='ltr'>accessum</span> <span class='ocrx_word' id='word_1_98' title='bbox 1199 1375 1275 1433; x_wconf 86' lang='lat' dir='ltr'>ab</span> <span class='ocrx_word' id='word_1_99' title='bbox 1308 1373 1555 1434; x_wconf 88' lang='lat' dir='ltr'>alterius</span> <span class='ocrx_word' id='word_1_100' title='bbox 1590 1373 2020 1434; x_wconf 86' lang='lat' dir='ltr'>nominatione</span> <span class='ocrx_word' id='word_1_101' title='bbox 2051 1373 2117 1434; x_wconf 95' lang='lat' dir='ltr'>in</span> <span class='ocrx_word' id='word_1_102' title='bbox 2148 1374 2424 1436; x_wconf 91' lang='lat' dir='ltr'>scrutinii</span> <span class='ocrx_word' id='word_1_103' title='bbox 2457 1373 2753 1436; x_wconf 85' lang='lat' dir='ltr'>schedula</span> <span class='ocrx_word' id='word_1_104' title='bbox 2787 1372 2938 1435; x_wconf 81' lang='lat' dir='ltr'>facta</span> <span class='ocrx_word' id='word_1_105' title='bbox 2971 1373 3190 1450; x_wconf 88' lang='lat' dir='ltr'>recedi,</span> <span class='ocrx_word' id='word_1_106' title='bbox 3220 1374 3329 1434; x_wconf 91' lang='lat' dir='ltr'>de-</span> 
     </span>
     <span class='ocr_line' id='line_1_17' title="bbox 713 1478 1552 1542; baseline 0 0"><span class='ocrx_word' id='word_1_107' title='bbox 713 1480 1027 1542; x_wconf 88' lang='lat' dir='ltr'>cernimus</span> <span class='ocrx_word' id='word_1_108' title='bbox 1058 1496 1116 1542; x_wconf 92' lang='lat' dir='ltr'>et</span> <span class='ocrx_word' id='word_1_109' title='bbox 1148 1478 1552 1542; x_wconf 88' lang='lat' dir='ltr'>declaramus.</span> 
     </span>
    </p>

    <p class='ocr_par' dir='ltr' id='par_1_11' title="bbox 712 1586 3339 1987">
     <span class='ocr_line' id='line_1_18' title="bbox 927 1586 3336 1669; baseline -0.001 -20"><span class='ocrx_word' id='word_1_110' title='bbox 927 1596 956 1656; x_wconf 85' lang='lat' dir='ltr'>s</span> <span class='ocrx_word' id='word_1_111' title='bbox 1007 1607 1100 1668; x_wconf 83' lang='lat'>¹3·</span> <span class='ocrx_word' id='word_1_112' title='bbox 1164 1586 1421 1668; x_wconf 86' lang='lat' dir='ltr'>Insuper</span> <span class='ocrx_word' id='word_1_113' title='bbox 1472 1604 1807 1669; x_wconf 88' lang='lat' dir='ltr'>antequam</span> <span class='ocrx_word' id='word_1_114' title='bbox 1857 1587 2209 1664; x_wconf 86' lang='lat' dir='ltr'>schedulae,</span> <span class='ocrx_word' id='word_1_115' title='bbox 2263 1588 2390 1649; x_wconf 88' lang='lat' dir='ltr'>sive</span> <span class='ocrx_word' id='word_1_116' title='bbox 2444 1588 2721 1649; x_wconf 89' lang='lat' dir='ltr'>scrutinii</span> <span class='ocrx_word' id='word_1_117' title='bbox 2773 1588 2900 1650; x_wconf 90' lang='lat' dir='ltr'>sive</span> <span class='ocrx_word' id='word_1_118' title='bbox 2948 1607 3244 1664; x_wconf 75' lang='lat' dir='ltr'>accessuS,</span> <span class='ocrx_word' id='word_1_119' title='bbox 3299 1607 3336 1647; x_wconf 89' lang='lat' dir='ltr'>a</span> 
     </span>
     <span class='ocr_line' id='line_1_19' title="bbox 712 1693 3339 1776; baseline -0.001 -20"><span class='ocrx_word' id='word_1_120' title='bbox 712 1694 1153 1757; x_wconf 87' lang='lat' dir='ltr'>scrutatoribus</span> <span class='ocrx_word' id='word_1_121' title='bbox 1184 1695 1554 1776; x_wconf 87' lang='lat' dir='ltr'>aperiantur,</span> <span class='ocrx_word' id='word_1_122' title='bbox 1599 1711 1820 1754; x_wconf 91' lang='lat' dir='ltr'>omnes</span> <span class='ocrx_word' id='word_1_123' title='bbox 1866 1694 1943 1754; x_wconf 90' lang='lat' dir='ltr'>ab</span> <span class='ocrx_word' id='word_1_124' title='bbox 1975 1693 2049 1754; x_wconf 90' lang='lat' dir='ltr'>iis</span> <span class='ocrx_word' id='word_1_125' title='bbox 2082 1693 2549 1772; x_wconf 87' lang='lat' dir='ltr'>diligentissime</span> <span class='ocrx_word' id='word_1_126' title='bbox 2581 1696 2782 1776; x_wconf 90' lang='lat' dir='ltr'>palam</span> <span class='ocrx_word' id='word_1_127' title='bbox 2819 1709 3240 1771; x_wconf 87' lang='lat' dir='ltr'>numerentur,</span> <span class='ocrx_word' id='word_1_128' title='bbox 3276 1708 3339 1754; x_wconf 90' lang='lat' dir='ltr'>et</span> 
     </span>
     <span class='ocr_line' id='line_1_20' title="bbox 713 1798 3337 1884; baseline -0.002 -19"><span class='ocrx_word' id='word_1_129' title='bbox 713 1803 764 1865; x_wconf 91' lang='lat' dir='ltr'>si</span> <span class='ocrx_word' id='word_1_130' title='bbox 795 1802 1003 1884; x_wconf 92' lang='lat' dir='ltr'>plures</span> <span class='ocrx_word' id='word_1_131' title='bbox 1035 1816 1307 1883; x_wconf 86' lang='lat' dir='ltr'>repertae</span> <span class='ocrx_word' id='word_1_132' title='bbox 1341 1799 1586 1877; x_wconf 88' lang='lat' dir='ltr'>fuerint,</span> <span class='ocrx_word' id='word_1_133' title='bbox 1621 1819 1808 1880; x_wconf 90' lang='lat' dir='ltr'>quam</span> <span class='ocrx_word' id='word_1_134' title='bbox 1830 1798 1955 1861; x_wconf 90' lang='lat' dir='ltr'>sint</span> <span class='ocrx_word' id='word_1_135' title='bbox 1974 1799 2311 1862; x_wconf 85' lang='lat' dir='ltr'>cardinales</span> <span class='ocrx_word' id='word_1_136' title='bbox 2331 1800 2393 1860; x_wconf 91' lang='lat' dir='ltr'>in</span> <span class='ocrx_word' id='word_1_137' title='bbox 2415 1800 2699 1861; x_wconf 85' lang='lat' dir='ltr'>conclavi</span> <span class='ocrx_word' id='word_1_138' title='bbox 2721 1815 3093 1881; x_wconf 74' lang='lat' dir='ltr'>praesenteS,</span> <span class='ocrx_word' id='word_1_139' title='bbox 3116 1819 3337 1861; x_wconf 90' lang='lat' dir='ltr'>omnes</span> 
     </span>
     <span class='ocr_line' id='line_1_21' title="bbox 715 1906 2605 1987; baseline -0.002 -15"><span class='ocrx_word' id='word_1_140' title='bbox 715 1911 1177 1985; x_wconf 88' lang='lat' dir='ltr'>comburantur,</span> <span class='ocrx_word' id='word_1_141' title='bbox 1210 1922 1267 1968; x_wconf 91' lang='lat' dir='ltr'>et</span> <span class='ocrx_word' id='word_1_142' title='bbox 1297 1907 1520 1968; x_wconf 90' lang='lat' dir='ltr'>iterum</span> <span class='ocrx_word' id='word_1_143' title='bbox 1554 1908 1629 1968; x_wconf 92' lang='lat' dir='ltr'>ad</span> <span class='ocrx_word' id='word_1_144' title='bbox 1663 1907 1955 1987; x_wconf 83' lang='lat' dir='ltr'>suffragia</span> <span class='ocrx_word' id='word_1_145' title='bbox 1987 1907 2190 1969; x_wconf 91' lang='lat' dir='ltr'>statim</span> <span class='ocrx_word' id='word_1_146' title='bbox 2223 1906 2605 1969; x_wconf 84' lang='lat' dir='ltr'>deveniatur.</span> 
     </span>
    </p>

    <p class='ocr_par' dir='ltr' id='par_1_12' title="bbox 713 2012 3340 2308">
     <span class='ocr_line' id='line_1_22' title="bbox 928 2012 3340 2095; baseline -0 -21"><span class='ocrx_word' id='word_1_147' title='bbox 928 2024 957 2084; x_wconf 84' lang='lat' dir='ltr'>s</span> <span class='ocrx_word' id='word_1_148' title='bbox 1002 2034 1096 2094; x_wconf 91' lang='lat'>14.</span> <span class='ocrx_word' id='word_1_149' title='bbox 1162 2012 1226 2074; x_wconf 88' lang='lat' dir='ltr'>Si</span> <span class='ocrx_word' id='word_1_150' title='bbox 1277 2013 1417 2093; x_wconf 90' lang='lat' dir='ltr'>quis</span> <span class='ocrx_word' id='word_1_151' title='bbox 1464 2029 1669 2074; x_wconf 88' lang='lat' dir='ltr'>autem</span> <span class='ocrx_word' id='word_1_152' title='bbox 1714 2014 1949 2095; x_wconf 90' lang='lat' dir='ltr'>aliquid</span> <span class='ocrx_word' id='word_1_153' title='bbox 1999 2033 2072 2075; x_wconf 83' lang='lat' dir='ltr'>ex</span> <span class='ocrx_word' id='word_1_154' title='bbox 2120 2033 2306 2094; x_wconf 87' lang='lat' dir='ltr'>supra</span> <span class='ocrx_word' id='word_1_155' title='bbox 2352 2014 2655 2095; x_wconf 84' lang='lat' dir='ltr'>expressis</span> <span class='ocrx_word' id='word_1_156' title='bbox 2688 2033 2819 2075; x_wconf 93' lang='lat' dir='ltr'>non</span> <span class='ocrx_word' id='word_1_157' title='bbox 2852 2012 3196 2091; x_wconf 84' lang='lat' dir='ltr'>servaverit,</span> <span class='ocrx_word' id='word_1_158' title='bbox 3229 2027 3340 2073; x_wconf 90' lang='lat' dir='ltr'>aut</span> 
     </span>
     <span class='ocr_line' id='line_1_23' title="bbox 714 2119 3339 2202; baseline -0.002 -19"><span class='ocrx_word' id='word_1_159' title='bbox 714 2122 1320 2201; x_wconf 89' lang='lat' dir='ltr'>quomodocumque</span> <span class='ocrx_word' id='word_1_160' title='bbox 1365 2120 1590 2181; x_wconf 90' lang='lat' dir='ltr'>directe</span> <span class='ocrx_word' id='word_1_161' title='bbox 1636 2121 1729 2181; x_wconf 86' lang='lat' dir='ltr'>vel</span> <span class='ocrx_word' id='word_1_162' title='bbox 1776 2120 2070 2182; x_wconf 89' lang='lat' dir='ltr'>indirecte</span> <span class='ocrx_word' id='word_1_163' title='bbox 2122 2121 2186 2181; x_wconf 93' lang='lat' dir='ltr'>in</span> <span class='ocrx_word' id='word_1_164' title='bbox 2217 2121 2431 2202; x_wconf 91' lang='lat' dir='ltr'>aliquo</span> <span class='ocrx_word' id='word_1_165' title='bbox 2463 2119 2935 2197; x_wconf 87' lang='lat' dir='ltr'>contravenerit,</span> <span class='ocrx_word' id='word_1_166' title='bbox 2969 2119 3339 2180; x_wconf 89' lang='lat' dir='ltr'>sententiam</span> 
     </span>
     <span class='ocr_line' id='line_1_24' title="bbox 713 2226 2062 2308; baseline -0.001 -19"><span class='ocrx_word' id='word_1_167' title='bbox 713 2227 1371 2289; x_wconf 84' lang='lat' dir='ltr'>excommunicationis</span> <span class='ocrx_word' id='word_1_168' title='bbox 1403 2227 1541 2308; x_wconf 91' lang='lat' dir='ltr'>ipso</span> <span class='ocrx_word' id='word_1_169' title='bbox 1575 2226 1738 2289; x_wconf 88' lang='lat' dir='ltr'>facto</span> <span class='ocrx_word' id='word_1_170' title='bbox 1769 2227 2062 2288; x_wconf 87' lang='lat' dir='ltr'>incurrat.</span> 
     </span>
    </p>

    <p class='ocr_par' dir='ltr' id='par_1_13' title="bbox 714 2331 3342 4343">
     <span class='ocr_line' id='line_1_25' title="bbox 931 2331 3342 2414; baseline -0.002 -17"><span class='ocrx_word' id='word_1_171' title='bbox 931 2344 960 2404; x_wconf 84' lang='lat' dir='ltr'>S</span> <span class='ocrx_word' id='word_1_172' title='bbox 1006 2355 1097 2413; x_wconf 86' lang='lat'>¹5·</span> <span class='ocrx_word' id='word_1_173' title='bbox 1161 2335 1476 2395; x_wconf 88' lang='lat' dir='ltr'>Praeterea</span> <span class='ocrx_word' id='word_1_174' title='bbox 1519 2334 1846 2397; x_wconf 91' lang='lat' dir='ltr'>statuimus</span> <span class='ocrx_word' id='word_1_175' title='bbox 1890 2351 1950 2395; x_wconf 93' lang='lat' dir='ltr'>et</span> <span class='ocrx_word' id='word_1_176' title='bbox 1995 2334 2376 2412; x_wconf 87' lang='lat' dir='ltr'>ordinamus,</span> <span class='ocrx_word' id='word_1_177' title='bbox 2411 2334 2588 2414; x_wconf 92' lang='lat' dir='ltr'>quod</span> <span class='ocrx_word' id='word_1_178' title='bbox 2627 2333 2677 2394; x_wconf 93' lang='lat' dir='ltr'>si</span> <span class='ocrx_word' id='word_1_179' title='bbox 2708 2333 2976 2414; x_wconf 90' lang='lat' dir='ltr'>aliquem</span> <span class='ocrx_word' id='word_1_180' title='bbox 3009 2331 3342 2394; x_wconf 87' lang='lat' dir='ltr'>infirmitas</span> 
     </span>
     <span class='ocr_line' id='line_1_26' title="bbox 717 2439 3339 2523; baseline -0.001 -22"><span class='ocrx_word' id='word_1_181' title='bbox 717 2441 1103 2523; x_wconf 87' lang='lat' dir='ltr'>impediverit</span> <span class='ocrx_word' id='word_1_182' title='bbox 1146 2441 1224 2502; x_wconf 92' lang='lat' dir='ltr'>ad</span> <span class='ocrx_word' id='word_1_183' title='bbox 1268 2441 1640 2502; x_wconf 88' lang='lat' dir='ltr'>scrutinium</span> <span class='ocrx_word' id='word_1_184' title='bbox 1691 2441 1916 2519; x_wconf 90' lang='lat' dir='ltr'>venire,</span> <span class='ocrx_word' id='word_1_185' title='bbox 1964 2440 2040 2502; x_wconf 89' lang='lat' dir='ltr'>ad</span> <span class='ocrx_word' id='word_1_186' title='bbox 2087 2460 2232 2503; x_wconf 91' lang='lat' dir='ltr'>eum</span> <span class='ocrx_word' id='word_1_187' title='bbox 2280 2441 2444 2502; x_wconf 88' lang='lat' dir='ltr'>adire</span> <span class='ocrx_word' id='word_1_188' title='bbox 2496 2443 2762 2503; x_wconf 91' lang='lat' dir='ltr'>debeant</span> <span class='ocrx_word' id='word_1_189' title='bbox 2811 2455 2931 2501; x_wconf 91' lang='lat' dir='ltr'>tres</span> <span class='ocrx_word' id='word_1_190' title='bbox 2979 2439 3339 2514; x_wconf 87' lang='lat' dir='ltr'>cardinales,</span> 
     </span>
     <span class='ocr_line' id='line_1_27' title="bbox 715 2546 3339 2626; baseline -0.001 -17"><span class='ocrx_word' id='word_1_191' title='bbox 715 2563 878 2609; x_wconf 88' lang='lat' dir='ltr'>sorte</span> <span class='ocrx_word' id='word_1_192' title='bbox 924 2564 1063 2609; x_wconf 88' lang='lat' dir='ltr'>ante</span> <span class='ocrx_word' id='word_1_193' title='bbox 1110 2547 1495 2624; x_wconf 90' lang='lat' dir='ltr'>scrutinium,</span> <span class='ocrx_word' id='word_1_194' title='bbox 1540 2562 1606 2608; x_wconf 92' lang='lat' dir='ltr'>ut</span> <span class='ocrx_word' id='word_1_195' title='bbox 1649 2546 1826 2618; x_wconf 88' lang='lat' dir='ltr'>infra,</span> <span class='ocrx_word' id='word_1_196' title='bbox 1877 2548 1953 2608; x_wconf 91' lang='lat' dir='ltr'>ad</span> <span class='ocrx_word' id='word_1_197' title='bbox 1995 2549 2157 2609; x_wconf 91' lang='lat' dir='ltr'>hanc</span> <span class='ocrx_word' id='word_1_198' title='bbox 2186 2567 2316 2609; x_wconf 90' lang='lat' dir='ltr'>rem</span> <span class='ocrx_word' id='word_1_199' title='bbox 2351 2568 2420 2609; x_wconf 85' lang='lat' dir='ltr'>ex</span> <span class='ocrx_word' id='word_1_200' title='bbox 2453 2547 2749 2609; x_wconf 91' lang='lat' dir='ltr'>omnibus</span> <span class='ocrx_word' id='word_1_201' title='bbox 2782 2546 3193 2608; x_wconf 89' lang='lat' dir='ltr'>cardinalibus</span> <span class='ocrx_word' id='word_1_202' title='bbox 3224 2564 3339 2626; x_wconf 90' lang='lat' dir='ltr'>per</span> 
     </span>
     <span class='ocr_line' id='line_1_28' title="bbox 714 2652 3338 2736; baseline -0.002 -18"><span class='ocrx_word' id='word_1_203' title='bbox 714 2655 1004 2718; x_wconf 84' lang='lat' dir='ltr'>ultimum</span> <span class='ocrx_word' id='word_1_204' title='bbox 1050 2655 1457 2717; x_wconf 90' lang='lat' dir='ltr'>diaconorum</span> <span class='ocrx_word' id='word_1_205' title='bbox 1502 2653 1764 2731; x_wconf 75' lang='lat' dir='ltr'>extracti,</span> <span class='ocrx_word' id='word_1_206' title='bbox 1810 2672 1955 2715; x_wconf 91' lang='lat' dir='ltr'>cum</span> <span class='ocrx_word' id='word_1_207' title='bbox 2002 2653 2248 2735; x_wconf 88' lang='lat' dir='ltr'>capsula</span> <span class='ocrx_word' id='word_1_208' title='bbox 2281 2653 2646 2736; x_wconf 86' lang='lat' dir='ltr'>praeforata,</span> <span class='ocrx_word' id='word_1_209' title='bbox 2682 2652 2790 2715; x_wconf 88' lang='lat' dir='ltr'>sed</span> <span class='ocrx_word' id='word_1_210' title='bbox 2823 2652 3011 2730; x_wconf 88' lang='lat' dir='ltr'>inani,</span> <span class='ocrx_word' id='word_1_211' title='bbox 3043 2668 3102 2714; x_wconf 89' lang='lat' dir='ltr'>et</span> <span class='ocrx_word' id='word_1_212' title='bbox 3133 2653 3338 2735; x_wconf 89' lang='lat' dir='ltr'>palam</span> 
     </span>
     <span class='ocr_line' id='line_1_29' title="bbox 715 2760 3338 2844; baseline -0.001 -20"><span class='ocrx_word' id='word_1_213' title='bbox 715 2784 748 2824; x_wconf 89' lang='lat' dir='ltr'>a</span> <span class='ocrx_word' id='word_1_214' title='bbox 782 2763 1222 2826; x_wconf 88' lang='lat' dir='ltr'>scrutatoribus</span> <span class='ocrx_word' id='word_1_215' title='bbox 1255 2763 1478 2842; x_wconf 89' lang='lat' dir='ltr'>clausa,</span> <span class='ocrx_word' id='word_1_216' title='bbox 1510 2763 1690 2824; x_wconf 90' lang='lat' dir='ltr'>cuius</span> <span class='ocrx_word' id='word_1_217' title='bbox 1724 2763 1908 2823; x_wconf 90' lang='lat' dir='ltr'>clavis</span> <span class='ocrx_word' id='word_1_218' title='bbox 1940 2781 2126 2844; x_wconf 88' lang='lat' dir='ltr'>super</span> <span class='ocrx_word' id='word_1_219' title='bbox 2157 2762 2340 2824; x_wconf 89' lang='lat' dir='ltr'>altare</span> <span class='ocrx_word' id='word_1_220' title='bbox 2373 2777 2709 2841; x_wconf 87' lang='lat' dir='ltr'>remaneat,</span> <span class='ocrx_word' id='word_1_221' title='bbox 2733 2777 2792 2823; x_wconf 90' lang='lat' dir='ltr'>et</span> <span class='ocrx_word' id='word_1_222' title='bbox 2823 2761 3184 2823; x_wconf 81' lang='lat' dir='ltr'>schedulam</span> <span class='ocrx_word' id='word_1_223' title='bbox 3215 2760 3338 2821; x_wconf 87' lang='lat' dir='ltr'>im-</span> 
     </span>
     <span class='ocr_line' id='line_1_30' title="bbox 717 2869 3328 2951; baseline -0.002 -20"><span class='ocrx_word' id='word_1_224' title='bbox 717 2889 987 2950; x_wconf 87' lang='lat' dir='ltr'>pressam</span> <span class='ocrx_word' id='word_1_225' title='bbox 1034 2870 1118 2931; x_wconf 91' lang='lat' dir='ltr'>illi</span> <span class='ocrx_word' id='word_1_226' title='bbox 1162 2870 1419 2947; x_wconf 89' lang='lat' dir='ltr'>deferre,</span> <span class='ocrx_word' id='word_1_227' title='bbox 1464 2870 1722 2951; x_wconf 87' lang='lat' dir='ltr'>ipseque</span> <span class='ocrx_word' id='word_1_228' title='bbox 1768 2870 1952 2947; x_wconf 89' lang='lat' dir='ltr'>illam,</span> <span class='ocrx_word' id='word_1_229' title='bbox 1983 2870 2138 2933; x_wconf 91' lang='lat' dir='ltr'>sicut</span> <span class='ocrx_word' id='word_1_230' title='bbox 2170 2870 2268 2931; x_wconf 92' lang='lat' dir='ltr'>alii</span> <span class='ocrx_word' id='word_1_231' title='bbox 2302 2869 2658 2948; x_wconf 88' lang='lat' dir='ltr'>cardinales,</span> <span class='ocrx_word' id='word_1_232' title='bbox 2694 2869 2941 2950; x_wconf 87' lang='lat' dir='ltr'>praevio</span> <span class='ocrx_word' id='word_1_233' title='bbox 2973 2869 3328 2929; x_wconf 85' lang='lat' dir='ltr'>iuramento</span> 
     </span>
     <span class='ocr_line' id='line_1_31' title="bbox 717 2976 3337 3057; baseline -0 -21"><span class='ocrx_word' id='word_1_234' title='bbox 717 2977 1149 3057; x_wconf 86' lang='lat' dir='ltr'>suprascripto,</span> <span class='ocrx_word' id='word_1_235' title='bbox 1184 2991 1411 3036; x_wconf 89' lang='lat' dir='ltr'>secrete</span> <span class='ocrx_word' id='word_1_236' title='bbox 1444 2976 1749 3037; x_wconf 87' lang='lat' dir='ltr'>conficere</span> <span class='ocrx_word' id='word_1_237' title='bbox 1780 2991 2077 3054; x_wconf 89' lang='lat' dir='ltr'>teneatur,</span> <span class='ocrx_word' id='word_1_238' title='bbox 2109 2977 2335 3038; x_wconf 90' lang='lat' dir='ltr'>deinde</span> <span class='ocrx_word' id='word_1_239' title='bbox 2358 2977 2422 3037; x_wconf 90' lang='lat' dir='ltr'>in</span> <span class='ocrx_word' id='word_1_240' title='bbox 2446 2976 2761 3057; x_wconf 89' lang='lat' dir='ltr'>capsulam</span> <span class='ocrx_word' id='word_1_241' title='bbox 2799 2976 3103 3053; x_wconf 89' lang='lat' dir='ltr'>coniiciat,</span> <span class='ocrx_word' id='word_1_242' title='bbox 3138 2994 3337 3055; x_wconf 90' lang='lat' dir='ltr'>eaque</span> 
     </span>
     <span class='ocr_line' id='line_1_32' title="bbox 719 3082 3338 3166; baseline -0.001 -21"><span class='ocrx_word' id='word_1_243' title='bbox 719 3103 827 3166; x_wconf 90' lang='lat' dir='ltr'>per</span> <span class='ocrx_word' id='word_1_244' title='bbox 856 3083 1112 3144; x_wconf 92' lang='lat' dir='ltr'>eosdem</span> <span class='ocrx_word' id='word_1_245' title='bbox 1145 3082 1481 3143; x_wconf 86' lang='lat' dir='ltr'>cardinales</span> <span class='ocrx_word' id='word_1_246' title='bbox 1512 3082 1692 3143; x_wconf 89' lang='lat' dir='ltr'>relata</span> <span class='ocrx_word' id='word_1_247' title='bbox 1728 3098 1784 3143; x_wconf 90' lang='lat' dir='ltr'>et</span> <span class='ocrx_word' id='word_1_248' title='bbox 1814 3098 2040 3163; x_wconf 90' lang='lat' dir='ltr'>aperta,</span> <span class='ocrx_word' id='word_1_249' title='bbox 2074 3083 2138 3144; x_wconf 90' lang='lat' dir='ltr'>in</span> <span class='ocrx_word' id='word_1_250' title='bbox 2172 3083 2423 3144; x_wconf 90' lang='lat' dir='ltr'>calicem</span> <span class='ocrx_word' id='word_1_251' title='bbox 2456 3083 2750 3144; x_wconf 92' lang='lat' dir='ltr'>schedula</span> <span class='ocrx_word' id='word_1_252' title='bbox 2784 3082 3073 3144; x_wconf 87' lang='lat' dir='ltr'>mittatur.</span> <span class='ocrx_word' id='word_1_253' title='bbox 3123 3082 3338 3143; x_wconf 83' lang='lat' dir='ltr'>Publi-</span> 
     </span>
     <span class='ocr_line' id='line_1_33' title="bbox 719 3189 3337 3269; baseline -0.001 -17"><span class='ocrx_word' id='word_1_254' title='bbox 719 3206 855 3252; x_wconf 90' lang='lat' dir='ltr'>cato</span> <span class='ocrx_word' id='word_1_255' title='bbox 906 3190 1129 3251; x_wconf 89' lang='lat' dir='ltr'>deinde</span> <span class='ocrx_word' id='word_1_256' title='bbox 1180 3189 1493 3266; x_wconf 89' lang='lat' dir='ltr'>scrutinio,</span> <span class='ocrx_word' id='word_1_257' title='bbox 1543 3189 1594 3250; x_wconf 93' lang='lat' dir='ltr'>si</span> <span class='ocrx_word' id='word_1_258' title='bbox 1644 3207 1923 3250; x_wconf 89' lang='lat' dir='ltr'>accessus</span> <span class='ocrx_word' id='word_1_259' title='bbox 1968 3190 2249 3269; x_wconf 88' lang='lat' dir='ltr'>agendus</span> <span class='ocrx_word' id='word_1_260' title='bbox 2295 3191 2423 3267; x_wconf 91' lang='lat' dir='ltr'>erit,</span> <span class='ocrx_word' id='word_1_261' title='bbox 2471 3204 2538 3250; x_wconf 92' lang='lat' dir='ltr'>ut</span> <span class='ocrx_word' id='word_1_262' title='bbox 2569 3190 2755 3250; x_wconf 88' lang='lat' dir='ltr'>etiam</span> <span class='ocrx_word' id='word_1_263' title='bbox 2785 3189 3017 3251; x_wconf 78' lang='lat' dir='ltr'>infirmi</span> <span class='ocrx_word' id='word_1_264' title='bbox 3049 3189 3337 3250; x_wconf 87' lang='lat' dir='ltr'>accedere</span> 
     </span>
     <span class='ocr_line' id='line_1_34' title="bbox 721 3295 3338 3379; baseline 0 -21"><span class='ocrx_word' id='word_1_265' title='bbox 721 3297 978 3379; x_wconf 91' lang='lat' dir='ltr'>possint,</span> <span class='ocrx_word' id='word_1_266' title='bbox 1012 3316 1216 3358; x_wconf 91' lang='lat' dir='ltr'>unum</span> <span class='ocrx_word' id='word_1_267' title='bbox 1249 3316 1322 3357; x_wconf 84' lang='lat' dir='ltr'>ex</span> <span class='ocrx_word' id='word_1_268' title='bbox 1353 3295 1533 3375; x_wconf 80' lang='lat' dir='ltr'>foliis,</span> <span class='ocrx_word' id='word_1_269' title='bbox 1565 3296 1629 3356; x_wconf 93' lang='lat' dir='ltr'>in</span> <span class='ocrx_word' id='word_1_270' title='bbox 1663 3297 1892 3376; x_wconf 93' lang='lat' dir='ltr'>quibus</span> <span class='ocrx_word' id='word_1_271' title='bbox 1924 3296 2182 3358; x_wconf 88' lang='lat' dir='ltr'>nomina</span> <span class='ocrx_word' id='word_1_272' title='bbox 2215 3296 2638 3374; x_wconf 87' lang='lat' dir='ltr'>cardinalium,</span> <span class='ocrx_word' id='word_1_273' title='bbox 2675 3313 2733 3357; x_wconf 92' lang='lat' dir='ltr'>et</span> <span class='ocrx_word' id='word_1_274' title='bbox 2755 3296 3188 3374; x_wconf 86' lang='lat' dir='ltr'>suffragiorum</span> <span class='ocrx_word' id='word_1_275' title='bbox 3213 3316 3338 3358; x_wconf 89' lang='lat' dir='ltr'>nu-</span> 
     </span>
     <span class='ocr_line' id='line_1_35' title="bbox 720 3402 3338 3486; baseline -0.001 -20"><span class='ocrx_word' id='word_1_276' title='bbox 720 3424 926 3467; x_wconf 91' lang='lat' dir='ltr'>merus</span> <span class='ocrx_word' id='word_1_277' title='bbox 959 3418 1273 3481; x_wconf 88' lang='lat' dir='ltr'>notantur,</span> <span class='ocrx_word' id='word_1_278' title='bbox 1305 3424 1338 3464; x_wconf 91' lang='lat' dir='ltr'>a</span> <span class='ocrx_word' id='word_1_279' title='bbox 1369 3404 1563 3466; x_wconf 91' lang='lat' dir='ltr'>tribus</span> <span class='ocrx_word' id='word_1_280' title='bbox 1596 3404 2008 3466; x_wconf 89' lang='lat' dir='ltr'>cardinalibus</span> <span class='ocrx_word' id='word_1_281' title='bbox 2041 3403 2361 3486; x_wconf 88' lang='lat' dir='ltr'>praedictis</span> <span class='ocrx_word' id='word_1_282' title='bbox 2393 3419 2688 3481; x_wconf 89' lang='lat' dir='ltr'>sumatur,</span> <span class='ocrx_word' id='word_1_283' title='bbox 2709 3419 2768 3464; x_wconf 92' lang='lat' dir='ltr'>et</span> <span class='ocrx_word' id='word_1_284' title='bbox 2790 3402 2994 3486; x_wconf 85' lang='lat' dir='ltr'>palam</span> <span class='ocrx_word' id='word_1_285' title='bbox 3015 3403 3338 3483; x_wconf 84' lang='lat' dir='ltr'>recognito</span> 
     </span>
     <span class='ocr_line' id='line_1_36' title="bbox 716 3510 3338 3592; baseline -0.002 -18"><span class='ocrx_word' id='word_1_286' title='bbox 716 3532 981 3574; x_wconf 90' lang='lat' dir='ltr'>numero</span> <span class='ocrx_word' id='word_1_287' title='bbox 1025 3511 1482 3592; x_wconf 84' lang='lat' dir='ltr'>suffragiorum,</span> <span class='ocrx_word' id='word_1_288' title='bbox 1527 3532 1688 3592; x_wconf 89' lang='lat' dir='ltr'>quae</span> <span class='ocrx_word' id='word_1_289' title='bbox 1735 3512 2001 3592; x_wconf 89' lang='lat' dir='ltr'>quisque</span> <span class='ocrx_word' id='word_1_290' title='bbox 2049 3513 2113 3572; x_wconf 93' lang='lat' dir='ltr'>in</span> <span class='ocrx_word' id='word_1_291' title='bbox 2147 3511 2449 3573; x_wconf 89' lang='lat' dir='ltr'>scrutinio</span> <span class='ocrx_word' id='word_1_292' title='bbox 2482 3511 2713 3587; x_wconf 84' lang='lat' dir='ltr'>tulerit,</span> <span class='ocrx_word' id='word_1_293' title='bbox 2744 3510 2821 3572; x_wconf 90' lang='lat' dir='ltr'>ad</span> <span class='ocrx_word' id='word_1_294' title='bbox 2852 3510 3172 3571; x_wconf 89' lang='lat' dir='ltr'>infirmum</span> <span class='ocrx_word' id='word_1_295' title='bbox 3207 3527 3338 3571; x_wconf 89' lang='lat' dir='ltr'>una</span> 
     </span>
     <span class='ocr_line' id='line_1_37' title="bbox 718 3617 3337 3700; baseline -0.002 -19"><span class='ocrx_word' id='word_1_296' title='bbox 718 3639 865 3681; x_wconf 90' lang='lat' dir='ltr'>cum</span> <span class='ocrx_word' id='word_1_297' title='bbox 910 3618 1026 3679; x_wconf 87' lang='lat' dir='ltr'>alia</span> <span class='ocrx_word' id='word_1_298' title='bbox 1072 3619 1372 3700; x_wconf 89' lang='lat' dir='ltr'>impressa</span> <span class='ocrx_word' id='word_1_299' title='bbox 1415 3618 1727 3697; x_wconf 91' lang='lat' dir='ltr'>schedula,</span> <span class='ocrx_word' id='word_1_300' title='bbox 1773 3638 1888 3699; x_wconf 94' lang='lat' dir='ltr'>pro</span> <span class='ocrx_word' id='word_1_301' title='bbox 1920 3638 2166 3680; x_wconf 91' lang='lat' dir='ltr'>accessu</span> <span class='ocrx_word' id='word_1_302' title='bbox 2201 3633 2424 3699; x_wconf 88' lang='lat' dir='ltr'>parata,</span> <span class='ocrx_word' id='word_1_303' title='bbox 2456 3632 2515 3677; x_wconf 90' lang='lat' dir='ltr'>et</span> <span class='ocrx_word' id='word_1_304' title='bbox 2549 3636 2691 3678; x_wconf 91' lang='lat' dir='ltr'>cum</span> <span class='ocrx_word' id='word_1_305' title='bbox 2728 3618 2944 3679; x_wconf 90' lang='lat' dir='ltr'>eadem</span> <span class='ocrx_word' id='word_1_306' title='bbox 2979 3617 3224 3699; x_wconf 88' lang='lat' dir='ltr'>capsula</span> <span class='ocrx_word' id='word_1_307' title='bbox 3255 3618 3337 3676; x_wconf 92' lang='lat' dir='ltr'>ab</span> 
     </span>
     <span class='ocr_line' id='line_1_38' title="bbox 717 3724 3338 3802; baseline -0.002 -14"><span class='ocrx_word' id='word_1_308' title='bbox 717 3728 791 3788; x_wconf 90' lang='lat' dir='ltr'>iis</span> <span class='ocrx_word' id='word_1_309' title='bbox 838 3726 1162 3787; x_wconf 87' lang='lat' dir='ltr'>deferatur.</span> <span class='ocrx_word' id='word_1_310' title='bbox 1227 3725 1517 3786; x_wconf 90' lang='lat' dir='ltr'>Infirmus</span> <span class='ocrx_word' id='word_1_311' title='bbox 1566 3745 1712 3787; x_wconf 89' lang='lat' dir='ltr'>vero</span> <span class='ocrx_word' id='word_1_312' title='bbox 1760 3724 1943 3786; x_wconf 92' lang='lat' dir='ltr'>alicui</span> <span class='ocrx_word' id='word_1_313' title='bbox 1992 3725 2299 3802; x_wconf 88' lang='lat' dir='ltr'>accedere,</span> <span class='ocrx_word' id='word_1_314' title='bbox 2349 3725 2443 3785; x_wconf 89' lang='lat' dir='ltr'>vel</span> <span class='ocrx_word' id='word_1_315' title='bbox 2492 3724 2722 3785; x_wconf 91' lang='lat' dir='ltr'>nemini</span> <span class='ocrx_word' id='word_1_316' title='bbox 2769 3726 3057 3786; x_wconf 90' lang='lat' dir='ltr'>accedere</span> <span class='ocrx_word' id='word_1_317' title='bbox 3101 3725 3338 3801; x_wconf 87' lang='lat' dir='ltr'>debeat,</span> 
     </span>
     <span class='ocr_line' id='line_1_39' title="bbox 718 3830 3336 3915; baseline -0.002 -19"><span class='ocrx_word' id='word_1_318' title='bbox 718 3835 1055 3915; x_wconf 89' lang='lat' dir='ltr'>omniaque</span> <span class='ocrx_word' id='word_1_319' title='bbox 1106 3849 1165 3895; x_wconf 89' lang='lat' dir='ltr'>et</span> <span class='ocrx_word' id='word_1_320' title='bbox 1208 3834 1452 3912; x_wconf 90' lang='lat' dir='ltr'>singula</span> <span class='ocrx_word' id='word_1_321' title='bbox 1498 3849 1837 3907; x_wconf 84' lang='lat' dir='ltr'>serventur,</span> <span class='ocrx_word' id='word_1_322' title='bbox 1883 3852 2045 3914; x_wconf 88' lang='lat' dir='ltr'>quae</span> <span class='ocrx_word' id='word_1_323' title='bbox 2092 3833 2168 3893; x_wconf 93' lang='lat' dir='ltr'>de</span> <span class='ocrx_word' id='word_1_324' title='bbox 2200 3833 2475 3894; x_wconf 89' lang='lat' dir='ltr'>scrutinii</span> <span class='ocrx_word' id='word_1_325' title='bbox 2508 3832 2805 3893; x_wconf 89' lang='lat' dir='ltr'>schedula</span> <span class='ocrx_word' id='word_1_326' title='bbox 2838 3851 3027 3913; x_wconf 89' lang='lat' dir='ltr'>supra</span> <span class='ocrx_word' id='word_1_327' title='bbox 3059 3830 3336 3893; x_wconf 86' lang='lat' dir='ltr'>ordinata</span> 
     </span>
     <span class='ocr_line' id='line_1_40' title="bbox 715 3936 3338 4021; baseline -0.003 -17"><span class='ocrx_word' id='word_1_328' title='bbox 715 3957 878 4021; x_wconf 92' lang='lat' dir='ltr'>sunt,</span> <span class='ocrx_word' id='word_1_329' title='bbox 912 3943 1028 4003; x_wconf 92' lang='lat' dir='ltr'>sub</span> <span class='ocrx_word' id='word_1_330' title='bbox 1063 3940 1279 4002; x_wconf 91' lang='lat' dir='ltr'>eadem</span> <span class='ocrx_word' id='word_1_331' title='bbox 1312 3940 1971 4003; x_wconf 89' lang='lat' dir='ltr'>excommunicationis</span> <span class='ocrx_word' id='word_1_332' title='bbox 2002 3939 2154 4001; x_wconf 90' lang='lat' dir='ltr'>latae</span> <span class='ocrx_word' id='word_1_333' title='bbox 2187 3940 2523 4001; x_wconf 91' lang='lat' dir='ltr'>sententiae</span> <span class='ocrx_word' id='word_1_334' title='bbox 2558 3958 2779 4019; x_wconf 90' lang='lat' dir='ltr'>poena.</span> <span class='ocrx_word' id='word_1_335' title='bbox 2817 3945 2897 4000; x_wconf 83' lang='lat' dir='ltr'>At</span> <span class='ocrx_word' id='word_1_336' title='bbox 2930 3939 2979 3999; x_wconf 90' lang='lat' dir='ltr'>si</span> <span class='ocrx_word' id='word_1_337' title='bbox 3011 3938 3155 4019; x_wconf 91' lang='lat' dir='ltr'>quis</span> <span class='ocrx_word' id='word_1_338' title='bbox 3188 3936 3338 3998; x_wconf 86' lang='lat' dir='ltr'>scri-</span> 
     </span>
     <span class='ocr_line' id='line_1_41' title="bbox 718 4044 3338 4128; baseline -0.003 -18"><span class='ocrx_word' id='word_1_339' title='bbox 718 4052 859 4111; x_wconf 88' lang='lat' dir='ltr'>bere</span> <span class='ocrx_word' id='word_1_340' title='bbox 910 4046 1262 4110; x_wconf 82' lang='lat' dir='ltr'>valetudine</span> <span class='ocrx_word' id='word_1_341' title='bbox 1310 4047 1656 4128; x_wconf 90' lang='lat' dir='ltr'>impeditus,</span> <span class='ocrx_word' id='word_1_342' title='bbox 1702 4067 1812 4128; x_wconf 90' lang='lat' dir='ltr'>per</span> <span class='ocrx_word' id='word_1_343' title='bbox 1842 4047 2054 4126; x_wconf 90' lang='lat' dir='ltr'>alium,</span> <span class='ocrx_word' id='word_1_344' title='bbox 2087 4048 2337 4128; x_wconf 89' lang='lat' dir='ltr'>praevio</span> <span class='ocrx_word' id='word_1_345' title='bbox 2372 4046 2725 4109; x_wconf 88' lang='lat' dir='ltr'>iuramento</span> <span class='ocrx_word' id='word_1_346' title='bbox 2758 4047 2832 4106; x_wconf 87' lang='lat' dir='ltr'>ab</span> <span class='ocrx_word' id='word_1_347' title='bbox 2866 4065 2942 4106; x_wconf 93' lang='lat' dir='ltr'>eo</span> <span class='ocrx_word' id='word_1_348' title='bbox 2975 4045 3085 4126; x_wconf 92' lang='lat' dir='ltr'>qui</span> <span class='ocrx_word' id='word_1_349' title='bbox 3116 4044 3338 4105; x_wconf 88' lang='lat' dir='ltr'>scribet</span> 
     </span>
     <span class='ocr_line' id='line_1_42' title="bbox 718 4153 3334 4237; baseline -0.002 -21"><span class='ocrx_word' id='word_1_350' title='bbox 718 4155 1085 4237; x_wconf 89' lang='lat' dir='ltr'>praestando</span> <span class='ocrx_word' id='word_1_351' title='bbox 1118 4154 1196 4215; x_wconf 91' lang='lat' dir='ltr'>de</span> <span class='ocrx_word' id='word_1_352' title='bbox 1229 4155 1530 4216; x_wconf 87' lang='lat' dir='ltr'>servando</span> <span class='ocrx_word' id='word_1_353' title='bbox 1562 4170 1813 4233; x_wconf 87' lang='lat' dir='ltr'>secret0,</span> <span class='ocrx_word' id='word_1_354' title='bbox 1846 4155 2018 4235; x_wconf 91' lang='lat' dir='ltr'>quod</span> <span class='ocrx_word' id='word_1_355' title='bbox 2052 4157 2170 4216; x_wconf 91' lang='lat' dir='ltr'>sub</span> <span class='ocrx_word' id='word_1_356' title='bbox 2203 4156 2416 4215; x_wconf 91' lang='lat' dir='ltr'>eadem</span> <span class='ocrx_word' id='word_1_357' title='bbox 2452 4153 3112 4215; x_wconf 88' lang='lat' dir='ltr'>excommunicationis</span> <span class='ocrx_word' id='word_1_358' title='bbox 3132 4168 3334 4233; x_wconf 90' lang='lat' dir='ltr'>poena</span> 
     </span>
     <span class='ocr_line' id='line_1_43' title="bbox 721 4261 2242 4343; baseline -0.001 -21"><span class='ocrx_word' id='word_1_359' title='bbox 721 4261 945 4322; x_wconf 89' lang='lat' dir='ltr'>servari</span> <span class='ocrx_word' id='word_1_360' title='bbox 978 4261 1368 4339; x_wconf 89' lang='lat' dir='ltr'>mandamus,</span> <span class='ocrx_word' id='word_1_361' title='bbox 1403 4262 1782 4323; x_wconf 89' lang='lat' dir='ltr'>subscribere</span> <span class='ocrx_word' id='word_1_362' title='bbox 1814 4262 2002 4323; x_wconf 90' lang='lat' dir='ltr'>libere</span> <span class='ocrx_word' id='word_1_363' title='bbox 2036 4261 2242 4343; x_wconf 90' lang='lat' dir='ltr'>possit.</span> 
     </span>
    </p>

    <p class='ocr_par' dir='ltr' id='par_1_14' title="bbox 716 4363 3337 4986">
     <span class='ocr_line' id='line_1_44' title="bbox 936 4363 3336 4447; baseline -0.002 -18"><span class='ocrx_word' id='word_1_364' title='bbox 936 4377 965 4436; x_wconf 78' lang='lat' dir='ltr'>S</span> <span class='ocrx_word' id='word_1_365' title='bbox 1011 4370 1101 4429; x_wconf 88' lang='lat'>16.</span> <span class='ocrx_word' id='word_1_366' title='bbox 1149 4368 1247 4428; x_wconf 82' lang='lat' dir='ltr'>Ad</span> <span class='ocrx_word' id='word_1_367' title='bbox 1281 4367 1434 4428; x_wconf 91' lang='lat' dir='ltr'>haec</span> <span class='ocrx_word' id='word_1_368' title='bbox 1466 4383 1831 4429; x_wconf 88' lang='lat' dir='ltr'>scrutatores</span> <span class='ocrx_word' id='word_1_369' title='bbox 1864 4385 2004 4447; x_wconf 90' lang='lat' dir='ltr'>tres,</span> <span class='ocrx_word' id='word_1_370' title='bbox 2040 4370 2196 4430; x_wconf 90' lang='lat' dir='ltr'>sicut</span> <span class='ocrx_word' id='word_1_371' title='bbox 2228 4383 2289 4429; x_wconf 92' lang='lat' dir='ltr'>et</span> <span class='ocrx_word' id='word_1_372' title='bbox 2318 4384 2436 4431; x_wconf 91' lang='lat' dir='ltr'>tres</span> <span class='ocrx_word' id='word_1_373' title='bbox 2468 4367 2568 4428; x_wconf 91' lang='lat' dir='ltr'>alii</span> <span class='ocrx_word' id='word_1_374' title='bbox 2601 4365 2959 4443; x_wconf 91' lang='lat' dir='ltr'>cardinales,</span> <span class='ocrx_word' id='word_1_375' title='bbox 2992 4365 3100 4446; x_wconf 92' lang='lat' dir='ltr'>qui</span> <span class='ocrx_word' id='word_1_376' title='bbox 3132 4365 3207 4426; x_wconf 93' lang='lat' dir='ltr'>ad</span> <span class='ocrx_word' id='word_1_377' title='bbox 3239 4363 3336 4425; x_wconf 89' lang='lat' dir='ltr'>in·</span> 
     </span>
     <span class='ocr_line' id='line_1_45' title="bbox 720 4450 3332 4557; baseline -0.001 -22"><span class='ocrx_word' id='word_1_378' title='bbox 720 4474 1047 4535; x_wconf 88' lang='lat' dir='ltr'>firmorum</span> <span class='ocrx_word' id='word_1_379' title='bbox 1079 4473 1365 4552; x_wconf 83' lang='lat' dir='ltr'>suffragia</span> <span class='ocrx_word' id='word_1_380' title='bbox 1398 4475 1723 4536; x_wconf 91' lang='lat' dir='ltr'>deferenda</span> <span class='ocrx_word' id='word_1_381' title='bbox 1758 4476 2240 4557; x_wconf 88' lang='lat' dir='ltr'>proficiscentur,</span> <span class='ocrx_word' id='word_1_382' title='bbox 2277 4497 2350 4537; x_wconf 90' lang='lat' dir='ltr'>ex</span> <span class='ocrx_word' id='word_1_383' title='bbox 2381 4475 2678 4536; x_wconf 92' lang='lat' dir='ltr'>omnibus</span> <span class='ocrx_word' id='word_1_384' title='bbox 2712 4450 3128 4534; x_wconf 83' lang='lat' dir='ltr'>cardinalibus</span> <span class='ocrx_word' id='word_1_385' title='bbox 3163 4491 3332 4555; x_wconf 87' lang='lat' dir='ltr'>prae·</span> 
     </span>
     <span class='ocr_line' id='line_1_46' title="bbox 719 4579 3336 4660; baseline -0.002 -16"><span class='ocrx_word' id='word_1_386' title='bbox 719 4582 997 4645; x_wconf 89' lang='lat' dir='ltr'>sentibus</span> <span class='ocrx_word' id='word_1_387' title='bbox 1029 4582 1094 4642; x_wconf 91' lang='lat' dir='ltr'>in</span> <span class='ocrx_word' id='word_1_388' title='bbox 1128 4582 1423 4660; x_wconf 79' lang='lat' dir='ltr'>conclavi,</span> <span class='ocrx_word' id='word_1_389' title='bbox 1458 4583 1625 4644; x_wconf 90' lang='lat' dir='ltr'>nulla</span> <span class='ocrx_word' id='word_1_390' title='bbox 1656 4584 1893 4646; x_wconf 88' lang='lat' dir='ltr'>ordinis</span> <span class='ocrx_word' id='word_1_391' title='bbox 1913 4599 2144 4645; x_wconf 86' lang='lat' dir='ltr'>servata</span> <span class='ocrx_word' id='word_1_392' title='bbox 2166 4583 2578 4659; x_wconf 88' lang='lat' dir='ltr'>distinctione,</span> <span class='ocrx_word' id='word_1_393' title='bbox 2602 4580 2951 4643; x_wconf 90' lang='lat' dir='ltr'>immediate</span> <span class='ocrx_word' id='word_1_394' title='bbox 2972 4596 3111 4641; x_wconf 90' lang='lat' dir='ltr'>ante</span> <span class='ocrx_word' id='word_1_395' title='bbox 3133 4579 3336 4660; x_wconf 93' lang='lat' dir='ltr'>quod-</span> 
     </span>
     <span class='ocr_line' id='line_1_47' title="bbox 716 4684 3336 4770; baseline -0.002 -19"><span class='ocrx_word' id='word_1_396' title='bbox 716 4691 865 4752; x_wconf 90' lang='lat' dir='ltr'>libet</span> <span class='ocrx_word' id='word_1_397' title='bbox 895 4689 1265 4751; x_wconf 89' lang='lat' dir='ltr'>scrutinium</span> <span class='ocrx_word' id='word_1_398' title='bbox 1298 4709 1403 4770; x_wconf 88' lang='lat' dir='ltr'>per</span> <span class='ocrx_word' id='word_1_399' title='bbox 1438 4691 1722 4753; x_wconf 89' lang='lat' dir='ltr'>ultimum</span> <span class='ocrx_word' id='word_1_400' title='bbox 1757 4692 2172 4753; x_wconf 88' lang='lat' dir='ltr'>diaconorum</span> <span class='ocrx_word' id='word_1_401' title='bbox 2204 4690 2616 4767; x_wconf 84' lang='lat' dir='ltr'>extrahantur,</span> <span class='ocrx_word' id='word_1_402' title='bbox 2650 4704 2710 4749; x_wconf 93' lang='lat' dir='ltr'>et</span> <span class='ocrx_word' id='word_1_403' title='bbox 2742 4688 2850 4769; x_wconf 91' lang='lat' dir='ltr'>qui</span> <span class='ocrx_word' id='word_1_404' title='bbox 2884 4686 3075 4748; x_wconf 93' lang='lat' dir='ltr'>semel</span> <span class='ocrx_word' id='word_1_405' title='bbox 3095 4684 3336 4749; x_wconf 81' lang='lat' dir='ltr'>extracti</span> 
     </span>
     <span class='ocr_line' id='line_1_48' title="bbox 721 4791 3337 4878; baseline -0.002 -20"><span class='ocrx_word' id='word_1_406' title='bbox 721 4797 948 4859; x_wconf 89' lang='lat' dir='ltr'>fuerint</span> <span class='ocrx_word' id='word_1_407' title='bbox 993 4796 1058 4858; x_wconf 92' lang='lat' dir='ltr'>in</span> <span class='ocrx_word' id='word_1_408' title='bbox 1107 4817 1209 4858; x_wconf 85' lang='lat' dir='ltr'>vas</span> <span class='ocrx_word' id='word_1_409' title='bbox 1254 4796 1472 4858; x_wconf 91' lang='lat' dir='ltr'>iterum</span> <span class='ocrx_word' id='word_1_410' title='bbox 1521 4797 1961 4873; x_wconf 82' lang='lat' dir='ltr'>coniiciantur3</span> <span class='ocrx_word' id='word_1_411' title='bbox 2034 4798 2314 4878; x_wconf 89' lang='lat' dir='ltr'>alioquin</span> <span class='ocrx_word' id='word_1_412' title='bbox 2360 4796 2410 4858; x_wconf 90' lang='lat' dir='ltr'>si</span> <span class='ocrx_word' id='word_1_413' title='bbox 2450 4797 2593 4877; x_wconf 91' lang='lat' dir='ltr'>quis</span> <span class='ocrx_word' id='word_1_414' title='bbox 2627 4795 3069 4873; x_wconf 86' lang='lat' dir='ltr'>contrafecerit,</span> <span class='ocrx_word' id='word_1_415' title='bbox 3103 4794 3259 4855; x_wconf 90' lang='lat' dir='ltr'>sicut</span> <span class='ocrx_word' id='word_1_416' title='bbox 3288 4791 3337 4853; x_wconf 88' lang='lat' dir='ltr'>si</span> 
     </span>
     <span class='ocr_line' id='line_1_49' title="bbox 719 4901 3336 4986; baseline -0.002 -20"><span class='ocrx_word' id='word_1_417' title='bbox 719 4920 1086 4966; x_wconf 85' lang='lat' dir='ltr'>scrutatores</span> <span class='ocrx_word' id='word_1_418' title='bbox 1118 4904 1216 4965; x_wconf 85' lang='lat' dir='ltr'>vel</span> <span class='ocrx_word' id='word_1_419' title='bbox 1246 4905 1663 4985; x_wconf 87' lang='lat' dir='ltr'>recognitores</span> <span class='ocrx_word' id='word_1_420' title='bbox 1701 4905 1936 4986; x_wconf 90' lang='lat' dir='ltr'>aliquid</span> <span class='ocrx_word' id='word_1_421' title='bbox 1968 4905 2187 4966; x_wconf 88' lang='lat' dir='ltr'>secreti</span> <span class='ocrx_word' id='word_1_422' title='bbox 2222 4906 2285 4965; x_wconf 92' lang='lat' dir='ltr'>in</span> <span class='ocrx_word' id='word_1_423' title='bbox 2320 4905 2668 4966; x_wconf 90' lang='lat' dir='ltr'>exercendo</span> <span class='ocrx_word' id='word_1_424' title='bbox 2704 4923 2826 4966; x_wconf 92' lang='lat' dir='ltr'>suo</span> <span class='ocrx_word' id='word_1_425' title='bbox 2858 4901 3067 4964; x_wconf 85' lang='lat' dir='ltr'>officio</span> <span class='ocrx_word' id='word_1_426' title='bbox 3101 4919 3336 4980; x_wconf 88' lang='lat' dir='ltr'>cogno-</span> 
     </span>
    </p>
   </div>
  </div>
 </body>
</html>
