3684 5416
586 1522 637 1555 10

587 2064 634 2109 ¹5

586 3130 638 3175 25

588 3673 642 3718 30

589 4206 639 4250 35

686 371 791 426 594
1373 373 1380 378 ·
1863 351 2125 423 Capituli.

687 559 805 599 non
852 540 1234 617 corrigitur,-
1298 536 1374 597 Et
1418 536 1677 597 iterum:
1727 536 1984 597 Percute
2013 535 2242 598 Filium
2276 543 2441 597 tuum
2492 538 2704 618 Virga,
2737 545 2799 598 et
2828 539 3125 601 liberabis
3157 544 3304 601 ani-

686 667 845 706 mam
879 646 1010 723 ejus
1042 666 1080 703 a
1111 650 1320 704 morte.

899 754 974 814 Et
1019 752 1325 832 quidquid
1373 771 1480 833 per
1509 771 1573 812 se
1607 750 1763 828 juste
1797 769 1856 813 et
1887 751 2326 814 rationabiliter
2356 754 2704 814 secundum
2740 756 3099 816 canonicam
3134 755 3307 818 insti-

685 861 1010 936 tutionem,
1061 859 1156 919 vel
1210 857 1397 936 hujus
1448 878 1668 940 parvae
1718 859 2122 922 institutionis
2170 879 2301 921 non
2350 861 2667 941 potuerint
2711 861 2987 939 definire,
3035 863 3299 925 omnino

686 969 997 1050 Episcopo
1031 966 1424 1047 patefaciant;
1478 983 1536 1028 et
1570 967 1698 1047 ipse
1730 968 2080 1028 secundum
2115 968 2229 1029 Dei
2263 969 2664 1049 voluntatem,
2687 969 2862 1049 quod
2883 971 3303 1050 castigandum

687 1092 794 1153 est,
840 1075 1104 1151 castiget.
1170 1072 1297 1148 Qui
1332 1072 1827 1134 Archidiaconus
1874 1074 1970 1134 vel
2003 1075 2392 1136 Primicerius
2439 1076 2506 1136 in
2539 1077 2838 1138 omnibus
2869 1078 3135 1139 omnino
3167 1078 3311 1139 acti·

687 1186 803 1244 bus
834 1182 929 1242 vel
962 1179 1254 1261 operibus
1285 1179 1411 1241 suis
1442 1179 1563 1240 sint
1597 1180 1733 1241 Deo
1766 1196 1825 1241 et
1857 1181 2170 1263 Episcopo
2205 1181 2415 1244 fideles
2450 1198 2509 1243 et
2540 1183 2896 1244 obedientes
2929 1200 2987 1245 et
3022 1203 3150 1245 non
3185 1185 3309 1245 sint

686 1289 955 1371 superbi,
991 1307 1192 1368 neque
1227 1285 1501 1363 rebelles,
1534 1286 1628 1346 vel
1662 1303 2153 1368 contemptores:
2205 1290 2312 1349 sed
2362 1289 2506 1349 casti
2542 1304 2600 1350 et
2634 1290 2823 1350 sobrii
2859 1290 3169 1370 patientes,
3206 1293 3310 1350 be—

688 1396 881 1474 nigni,
921 1409 1104 1475 atque
1138 1391 1582 1467 misericordeS,
1631 1408 1691 1452 et
1721 1412 1968 1473 semper
1993 1396 2403 1476 superexaltet
2435 1395 2853 1456 misericordia
2888 1395 3211 1474 judicium,
3246 1412 3314 1456 ut

687 1503 802 1584 ipsi
836 1502 1002 1562 idem
1034 1513 1513 1577 consequantur.
1577 1498 1849 1578 Diligant
1882 1501 2156 1578 Clerum‚
2189 1502 2433 1562 oderint
2465 1502 2629 1573 vitia,
2669 1502 2733 1562 in
2767 1502 2896 1583 ipsa
2929 1518 3138 1563 autem
3171 1522 3309 1563 cor-

690 1608 964 1689 reptione
1011 1606 1348 1687 prudenter
1392 1622 1591 1684 agant,
1629 1621 1687 1666 et
1721 1626 1798 1667 ne
1832 1607 1986 1687 quid
2021 1607 2223 1686 nimis,
2259 1628 2337 1668 ne
2369 1609 2521 1669 dum
2558 1609 2822 1689 cupiunt
2852 1610 3100 1670 eradere
3134 1629 3311 1670 aeru-

688 1715 917 1795 ginem,
967 1714 1281 1791 frangatur
1328 1732 1463 1788 vas3
1517 1713 1915 1774 Meminerint
1947 1714 2254 1776 calamum
2289 1731 2647 1795 quassatum
2682 1735 2809 1777 non
2841 1716 3313 1777 conterendum.

690 1822 760 1883 In
807 1821 1037 1901 quibus
1082 1840 1214 1882 non
1262 1820 1542 1897 dicimus,
1592 1834 1660 1881 ut
1708 1821 2058 1899 permittant
2105 1823 2340 1883 nutrire
2374 1823 2534 1901 vitia,
2570 1824 2677 1884 sed
2712 1823 3046 1903 prudenter
3078 1839 3137 1883 et
3167 1842 3312 1884 cum

690 1928 979 1990 charitate
1012 1947 1081 1987 ea
1113 1943 1431 2007 amputare
1466 1926 1768 1987 festinent.

905 2034 1197 2111 Caveant,
1245 2052 1342 2108 ne,
1382 2034 1534 2093 dum
1568 2032 1699 2092 aliis
1733 2034 2229 2113 praedicaverint,
2263 2036 2374 2116 ipsi
2409 2036 2652 2116 reprobi
2686 2034 3062 2107 efficiantur;
3111 2036 3312 2097 inten-

691 2143 905 2202 dentes
952 2140 1103 2202 illud
1138 2140 1537 2201 Dominicum
1587 2156 2022 2220 praeceptum;
2073 2157 2131 2201 et
2165 2143 2273 2222 qui
2320 2144 2385 2203 in
2419 2142 2605 2203 oculo
2638 2142 2859 2202 Fratris
2893 2142 2980 2203 tui
3017 2142 3314 2204 festucam

690 2250 957 2325 videbas,
1006 2248 1067 2309 in
1113 2263 1225 2308 tuo
1269 2248 1504 2307 trabem
1538 2265 1667 2306 non
1698 2246 1930 2307 vidisti:
1983 2247 2148 2325 Ejice
2182 2249 2452 2330 primum
2486 2251 2723 2310 trabem
2758 2251 2833 2309 de
2867 2249 3051 2311 oculo
3082 2266 3212 2324 tuo,
3246 2266 3306 2311 et

690 2373 838 2416 tunc
872 2354 1217 2436 perspicieS,
1254 2368 1319 2412 ut
1351 2353 1576 2413 educas
1611 2352 1906 2413 festucam
1943 2353 2017 2413 de
2050 2354 2239 2415 oculo
2275 2355 2498 2415 Fratris
2533 2356 2642 2416 tui.

906 2461 1035 2537 Qui
1070 2460 1580 2535 ArchidiaconuS,
1614 2458 1714 2519 vel
1745 2459 2138 2520 Primicerius
2170 2461 2217 2521 si
2251 2462 2476 2542 reperti
2511 2462 2756 2538 fuerint,
2789 2463 2962 2542 quod
2996 2462 3169 2539 absit,
3201 2483 3309 2522 su·

691 2568 863 2650 perbi
914 2584 1018 2628 aut
1068 2568 1227 2646 elati,
1280 2581 1385 2626 aut
1434 2566 1931 2641 contradictores,
1983 2567 2079 2627 vel
2129 2583 2588 2648 contemptores
2640 2569 2973 2629 canonicae
3018 2584 3077 2629 et
3124 2566 3311 2646 hujus

691 2695 910 2758 parvae
961 2673 1376 2750 institutioniS,
1439 2672 1479 2735 ii
1531 2672 1880 2733 secundum
1933 2672 2331 2734 Dominicum
2398 2689 2792 2755 praeceptum
2858 2675 3313 2736 admoneantur

691 2783 882 2844 semel
934 2799 991 2843 et
1042 2783 1296 2856 iterum3
1365 2780 1416 2841 si
1466 2799 1594 2840 non
1624 2775 2120 2861 [emendaverint,
2175 2782 2249 2840 ab
2300 2779 2607 2861 Episcopo
2655 2782 3004 2842 secundum
3051 2782 3310 2842 modum

694 2891 910 2970 culpae
945 2887 1313 2965 judicentur.
1349 2886 1541 2962 Quod
1576 2885 1625 2945 si
1659 2905 1864 2965 neque
1898 2885 1985 2945 sic
2015 2885 2403 2962 correxerint,
2440 2888 2516 2947 de
2548 2887 2875 2948 ordinibus
2907 2888 3033 2948 suis
3067 2886 3310 2965 ejician-

694 3013 815 3072 tur,
865 3010 924 3055 et
973 2994 1089 3068 alii,
1136 2994 1243 3073 qui
1291 2993 1460 3074 digni
1509 3007 1674 3067 sunt,
1723 3008 1782 3053 et
1826 2992 2203 3053 voluntatem
2237 2992 2349 3054 Dei
2385 2993 2479 3054 vel
2514 2994 2803 3075 Episcopi
2834 2995 2927 3054 sui
2963 2995 3309 3055 secundum

697 3103 977 3164 divinum
1010 3117 1404 3182 praeceptum
1441 3100 1850 3180 impleverint,
1886 3100 1947 3159 in
1980 3100 2132 3160 locis
2165 3100 2415 3161 illorum
2448 3104 2884 3183 subrogentur.

912 3210 1060 3290 Cap.
1095 3207 1313 3268 XXXI.
1364 3206 1466 3266 De
1498 3227 1589 3280 σο,
1622 3208 1805 3286 quod,
1853 3210 1965 3286 qui
1991 3209 2077 3267 ad
2103 3207 2221 3268 huc
2256 3207 2642 3269 Canonicum
2675 3209 3001 3289 specialem
3035 3209 3313 3269 ordinem

695 3318 878 3378 huius
901 3315 1419 3396 Congregationis
1452 3335 1516 3374 se
1546 3316 1783 3374 sociare
1815 3315 1964 3389 vult,
1999 3317 2071 3374 de
2103 3315 2307 3388 rebus,
2341 3334 2495 3396 quas
2512 3315 2820 3395 possidet,
2853 3316 2938 3375 ad
2965 3314 3310 3375 Ecclesiam

696 3426 771 3486 B.
804 3425 1000 3486 Pauli
1027 3423 1314 3504 Apostoli
1354 3422 1677 3482 solemnem
1739 3422 2123 3482 donationem
2155 3432 2279 3503 per
2313 3427 2699 3502 praesentem
2727 3424 2960 3499 saciat,
3007 3427 3310 3482 reservato

697 3543 895 3595 tamen
949 3541 1213 3614 tempore
1262 3533 1421 3591 vitae
1470 3551 1615 3590 suae
1660 3532 2119 3608 unc-fructuario
2165 3532 2397 3590 ordine.
2471 3530 2639 3590 Licet
2685 3530 2963 3607 legamus
2995 3530 3315 3610 antiquam

696 3641 1029 3703 Ecclesiam
1062 3642 1177 3700 sub
1199 3654 1479 3718 tempore
1501 3637 1946 3717 Apostolorum
1982 3637 2062 3698 ita
2093 3639 2456 3699 unanimem
2491 3639 2991 3718 concordemque
3026 3639 3310 3716 extitisse,

699 3765 755 3810 et
802 3750 880 3808 ita
927 3747 1138 3808 omnia
1185 3745 1520 3825 reliquisse,
1566 3758 1633 3803 ut
1666 3744 1893 3821 singuli
1929 3745 2168 3824 praedia
2203 3765 2312 3806 sua
2345 3746 2681 3806 vendentes
2713 3747 2788 3807 ad
2824 3746 3010 3826 pedes
3044 3752 3314 3826 Aposto-

697 3857 902 3916 lorum
951 3852 1139 3934 pretia
1187 3866 1517 3932 ponerent,
1571 3866 1637 3909 ut
1684 3849 1894 3910 nullus
1940 3870 2160 3911 eorum
2193 3850 2306 3911 sibi
2343 3851 2576 3931 aliquid
2610 3850 2933 3931 proprium
2969 3850 3312 3932 dicerevau-

698 3962 886 4038 deret,
921 3961 1027 4020 sed
1062 3973 1233 4019 erant
1267 3958 1382 4017 illis
1416 3956 1624 4016 omnia
1661 3957 2038 4032 communia,
2071 3957 2240 4016 unde
2273 3971 2330 4016 et
2363 3957 2586 4017 habere
2607 3957 2965 4017 dicebantur
2986 3977 3092 4018 cor
3115 3977 3311 4019 unum

698 4084 755 4128 et
803 4066 1071 4126 animam
1118 4083 1344 4124 unam:
1395 4061 1673 4143 quotidie
1722 4061 1891 4121 enim
1926 4062 2084 4122 circa
2117 4063 2344 4122 domus
2380 4082 2602 4143 panem
2640 4062 3007 4142 frangentes,
3042 4065 3215 4144 quod
3251 4063 3312 4124 in

700 4194 1036 4236 commune
1071 4172 1462 4252 accipiebant,
1494 4185 1620 4230 tam
1652 4169 1764 4230 viri
1796 4189 1983 4250 quam
2022 4170 2350 4248 foeminae,
2387 4189 2496 4229 seu
2533 4171 2786 4250 parvuli,
2820 4171 3160 4251 omnisque
3180 4173 3311 4232 vul-

699 4305 816 4363 gus
863 4284 1079 4342 ardore
1127 4280 1267 4340 fidei
1315 4279 1570 4355 accensi,
1620 4295 1801 4357 atque
1849 4278 1913 4337 in
1963 4297 2174 4339 amore
2209 4279 2522 4356 religionis
2557 4279 2869 4360 provocati
2904 4279 3141 4340 cunctis
3174 4299 3310 4340 cum

698 4389 1031 4470 gratiarum
1077 4387 1316 4448 actione
1364 4385 1794 4446 sufficientiam
1844 4387 2250 4466 praebebant:
2315 4387 2421 4446 sed
2472 4385 2616 4466 quia
2663 4386 2887 4446 nostris
2934 4387 3315 4467 temporibus

700 4496 1051 4579 persuaderi
1101 4513 1229 4555 nou
1277 4510 1492 4573 potest,
1547 4494 1757 4554 saltem
1805 4495 1901 4555 vel
1949 4496 2069 4555 hoc
2115 4495 2592 4570 consentiamus,
2625 4510 2693 4554 ut
2726 4495 2801 4554 ad
2836 4494 3314 4574 aliquantulam-

700 4623 974 4684 cumque
1019 4601 1480 4662 similitudinem
1522 4601 2008 4661 conversationis
2043 4620 2263 4662 eorum
2297 4617 2542 4661 nostros
2576 4601 2818 4662 animos
2853 4603 3312 4678 contrahamus,

700 4715 843 4796 quia
892 4710 1075 4772 nimis
1121 4709 1351 4785 inertiS,
1403 4708 1788 4789 tepidaeque,
1836 4729 1906 4768 ac
1951 4708 2240 4769 remissae
2289 4709 2638 4770 devotionis
2678 4725 2782 4783 est,
2818 4725 2901 4786 ut,
2938 4710 3134 4789 quod,
3166 4709 3317 4772 sicut

700 4823 981 4894 diximuS,
1014 4838 1200 4880 omne
1233 4817 1457 4896 vulgus
1491 4836 1602 4897 pro
1640 4816 1751 4875 Dei
1787 4817 2042 4877 nomine
2075 4817 2407 4890 consensit,
2442 4837 2554 4877 nos
2588 4816 2692 4897 qui
2729 4817 3098 4897 peculiarius
3132 4836 3314 4878 cano-

703 4927 852 4987 nicis
899 4925 1222 4985 ordinibus
1255 4922 1546 4982 inservire
1581 4922 1897 4999 debemuS,
1946 4922 2581 5002 quantulamcumque
2615 4923 2675 4982 in
2713 4940 2946 5002 partem
2986 4925 3144 4985 hanc
3182 4943 3315 5005 per-
