3684 5416
319 1547 375 1580 10

316 2083 371 2127 ¹5

310 2616 375 2649 20

308 3152 371 3196 ²5

308 3684 376 3731 30

310 4219 373 4265 35

309 4753 379 4796 4ο

435 449 525 461 —
1070 380 1336 435 Potestas
1374 379 1753 436 ecclesiastica
1792 393 1850 436 et
1884 380 2188 450 imperium
2226 381 2402 437 civile.
2975 402 3047 473 92

429 563 604 625 uiret.
670 564 891 644 Neque
937 564 1089 624 haec
1132 585 1166 624 a
1210 579 1269 624 te
1315 563 1584 645 primum
1635 563 1733 625 lex
1779 563 2116 644 excogitata
2147 581 2270 628 est:
2324 566 2431 627 sed
2465 568 2735 649 aequalis
2769 583 2858 630 est
2890 568 3045 633 vitae

429 670 785 749 hominum,
835 686 893 731 et
938 670 1058 731 iam
1107 669 1249 731 inde
1296 690 1368 731 ex
1412 670 1700 733 omnium
1748 670 2138 733 saeculorum
2173 672 2524 735 aeternitate
2557 694 2591 735 a
2627 675 2762 736 Deo
2794 674 3042 738 sancita.

428 776 791 839 Informauit
828 778 998 840 enirn
1029 778 1200 840 Deus
1232 777 1518 839 omnium
1551 792 1812 856 mentes,
1847 778 2139 859 quamuis
2170 778 2503 859 agrestium
2534 795 2594 840 et
2624 781 3045 860 barbarorum,

428 884 684 946 notione
717 884 844 946 sui:
908 884 1310 965 studiumque
1356 882 1592 965 pietatis
1637 883 1718 945 ita
1763 883 2060 946 omnibus
2092 884 2429 966 insculpsit,
2460 902 2525 947 vt
2556 905 2761 968 neque
2794 907 3044 969 persua-

430 991 660 1070 dendo,
695 1010 901 1072 neque
933 991 1237 1070 cogend0,
1280 1010 1355 1052 ex
1385 989 1608 1052 animis
1640 990 1781 1052 exui
1814 991 2027 1073 possit.
2094 991 2427 1054 Rationem
2458 1012 2605 1055 vero
2639 1009 2697 1055 et
2727 992 2892 1056 viam
2922 1014 3044 1076 qua

430 1098 550 1160 coli
580 1097 742 1175 velit,
777 1117 908 1159 non
939 1096 1345 1180 praescripsit,
1378 1097 1487 1158 sed
1519 1097 1820 1179 cuiusque
1857 1096 2086 1159 iudicio
2119 1113 2179 1159 et
2210 1098 2512 1160 voluntati
2534 1099 2827 1181 permisit.
2862 1099 3043 1177 Quo-

429 1205 585 1267 circa
618 1207 727 1286 qui
757 1206 886 1266 vim
917 1205 1183 1280 adhibet,
1216 1219 1451 1287 pugnat
1483 1223 1628 1265 cum
1662 1204 1779 1267 Dei
1811 1219 1871 1265 et
1903 1221 2156 1266 naturae
2187 1204 2356 1284 lege:
2408 1205 2515 1286 qui
2557 1225 2748 1286 quarn
2779 1223 3043 1290 potesta-

429 1329 556 1375 tem
588 1312 950 1375 hominibus
983 1312 1154 1374 Deus
1185 1310 1413 1389 tribuit,
1446 1330 1584 1372 eam
1613 1325 1805 1373 tentet
1835 1310 2126 1375 adimere.
2171 1311 2554 1392 Quanquam
2590 1312 2807 1375 frustra
2840 1315 3045 1376 omnis

429 1420 603 1482 labor
646 1419 995 1500 suscipitur.
1056 1417 1282 1479 Stabile
1327 1417 1496 1479 enim
1540 1433 1601 1479 et
1639 1433 1840 1480 ratum
1878 1418 2034 1479 nihil
2067 1437 2199 1480 esse
2231 1433 2446 1500 potest,
2480 1421 2651 1500 quod
2685 1420 2762 1482 sit
2793 1437 3044 1484 naturae

428 1527 882 1598 aduersarium;
916 1526 994 1587 ad
1028 1524 1450 1605 exiguumque
1482 1540 1729 1607 tempus
1760 1525 2070 1587 eiusmodi
2102 1525 2286 1607 leges,
2318 1525 2368 1587 si
2399 1526 2594 1587 modo
2626 1525 2776 1606 legis
2807 1547 3043 1590 nomen

428 1633 750 1713 attingunt,
799 1633 1021 1694 durare
1066 1646 1346 1713 possunt,
1396 1651 1633 1712 suaque
1692 1647 1917 1714 sponte
1977 1634 2391 1693 extabescunt.
2455 1631 2648 1707 Quod
2698 1634 3043 1717 Cambysae

427 1755 490 1800 et
537 1740 801 1802 aliorum
855 1739 1275 1820 quorumdam
1327 1738 1570 1818 legibus
1617 1738 1907 1800 accidisse
1955 1737 2239 1821 legimus,
2284 1758 2443 1821 quae
2488 1739 2661 1820 quod
2696 1740 2809 1802 Dei
2842 1742 3041 1822 legem

427 1863 803 1908 conarentur
835 1864 1256 1928 perrumpere,
1290 1845 1390 1906 vix
1421 1845 1497 1907 ad
1532 1845 1834 1927 cuiusque
1867 1860 2145 1924 aetatem,
2180 1866 2212 1906 a
2237 1865 2366 1928 quo
2392 1862 2563 1908 erant
2581 1846 2753 1925 latae,
2772 1848 3043 1928 viguere.

425 1959 513 2015 At
544 1953 657 2016 Dei
711 1953 828 2031 lex,
874 1973 1034 2034 quae
1078 1953 1296 2014 eadem
1341 1968 1445 2015 tua
1490 1969 1600 2033 est,
1634 1952 1917 2036 abrogari
1950 1952 2286 2015 hominum
2319 1953 2499 2015 iussis
2532 1973 2661 2015 non
2694 1969 2932 2035 potest:
2984 1970 3044 2017 et

429 2077 566 2124 orta
612 2060 734 2122 iarn
779 2060 923 2122 inde
969 2080 1041 2121 ex
1074 2059 1448 2138 aeternitate,
1482 2079 1590 2143 per
1620 2079 1966 2141 omnesque
1999 2059 2281 2121 nationes
2313 2059 2712 2141 aequabiliter
2747 2060 2900 2140 fusa,
2934 2062 3041 2123 de-

428 2166 642 2248 inceps
672 2166 750 2227 ad
783 2165 1087 2228 infinitam
1116 2166 1427 2227 venientis
1461 2165 1757 2248 temporis
1787 2180 2047 2226 aetatem
2081 2179 2288 2226 sancta
2321 2179 2379 2225 et
2411 2163 2707 2227 inuiolata
2739 2186 3041 2249 propaga-

430 2274 610 2335 bitur.
658 2273 765 2334 Est
796 2289 1000 2334 autem
1035 2272 1149 2334 Dei
1182 2273 1296 2348 lex,
1328 2288 1389 2333 vt
1421 2271 1593 2333 nulla
1627 2271 1987 2333 necessitate
2021 2271 2369 2333 voluntates
2402 2286 2647 2332 nostrae
2680 2272 3040 2336 deuincian-

428 2396 549 2454 tur,
592 2399 724 2461 quo
756 2380 965 2441 minus
997 2379 1233 2442 solutae
1266 2399 1335 2441 ac
1366 2379 1588 2440 liberae
1623 2397 1814 2459 quam
1847 2378 2035 2439 velint
2068 2377 2230 2438 viam
2261 2376 2703 2456 ingrediantur,
2734 2394 3040 2444 aeternam

425 2486 599 2549 illam
648 2502 707 2547 et
757 2485 1341 2568 praestantissimam
1389 2500 1665 2547 mentem
1713 2500 1974 2565 auguste
2039 2500 2370 2566 sancteque
2434 2485 2783 2547 venerandi.
2861 2487 3041 2550 Hanc

431 2612 637 2674 neque
683 2593 966 2654 multatio
1025 2594 1340 2654 bonorum
1391 2611 1464 2652 ex
1513 2590 1746 2653 intimis
1795 2589 2151 2652 animorum
2199 2589 2483 2651 sensibus
2532 2590 2784 2673 eripere,
2834 2611 3041 2674 neque

431 2700 679 2782 equulei
714 2700 960 2783 palique
995 2698 1388 2783 perfringere,
1420 2718 1629 2780 neque
1660 2717 1839 2760 enses
1859 2696 2158 2779 ignesque
2179 2696 2527 2779 profligare,
2551 2718 2756 2780 neque
2773 2715 3041 2763 vetustas

427 2808 580 2889 ipsa,
614 2828 772 2888 quae
806 2822 1037 2869 caetera
1069 2806 1318 2869 conficit
1349 2805 1581 2884 omnia,
1614 2806 1817 2867 delere
1851 2820 2070 2887 potest.
2102 2805 2351 2885 Corpus
2385 2804 2639 2886 quidem
2673 2804 2878 2888 ipsum
2911 2808 3041 2891 rapi

429 2936 465 2976 a
496 2929 555 2975 te
586 2915 662 2984 ad
694 2914 1071 2996 supplicium
1101 2929 1161 2975 et
1191 2912 1459 2976 interimi
1507 2928 1736 2995 potest:
1798 2928 1859 2974 at
1888 2912 2151 2990 animus,
2185 2911 2293 2992 qui
2324 2912 2419 2972 vel
2453 2912 2622 2973 Deus
2654 2927 2762 2992 est,
2798 2913 2893 2974 vel
2927 2914 3042 2976 Dei

428 3036 563 3081 satu
613 3006 958 3100 generatus,
1009 3039 1216 3100 neque
1266 3019 1528 3081 vinculis
1575 3018 2007 3080 verberibusve
2053 3017 2339 3095 coe‘rceri,
2388 3037 2592 3099 neque
2639 3018 2762 3080 vita
2794 3019 3043 3083 multari

429 3142 664 3209 potest:
719 3127 826 3188 sed
872 3127 1113 3189 solutus
1159 3148 1193 3188 a
1237 3142 1295 3187 te
1343 3145 1643 3208 compage
1691 3124 1989 3207 corporiS,
2032 3139 2093 3186 et
2130 3124 2319 3185 veluti
2353 3142 2584 3203 magno
2616 3125 2918 3188 beneficio
2950 3128 3040 3189 af-

431 3232 645 3312 fectus,
679 3234 875 3296 laetus
906 3249 965 3296 et
996 3233 1211 3310 alacer,
1243 3252 1390 3294 cum
1422 3232 1535 3294 Dei
1567 3232 1704 3314 lege
1733 3232 2075 3293 libertatem
2106 3249 2285 3292 suam
2318 3230 2775 3310 circumferens,
2807 3234 2883 3295 ad
2905 3254 3040 3296 cae-

428 3341 645 3402 lestem
691 3359 866 3402 oram
913 3340 1285 3417 subuolabit,
1328 3340 1431 3401 vbi
1478 3359 1684 3421 neque
1730 3354 2142 3421 tyrannorum
2176 3336 2399 3415 diritas,
2445 3356 2651 3418 neque
2683 3340 3041 3403 carnificum

427 3446 619 3529 gladii
666 3462 891 3508 terrere
939 3461 1247 3527 poterunt,
1300 3445 1643 3527 quominus
1692 3465 1757 3506 se
1810 3444 1876 3506 in
1921 3443 2299 3526 optatissima
2344 3442 2550 3524 quiete
2583 3446 2777 3525 iactet,
2808 3448 3042 3511 etiamsi

430 3555 642 3634 lingua
672 3573 927 3616 sensum
959 3555 1283 3636 explanare
1315 3572 1504 3616 suum
1538 3573 1668 3615 non
1700 3552 1938 3635 poterit.

645 3662 923 3723 Arbitror
952 3675 1180 3736 autem,
1229 3659 1584 3743 Imperator,
1629 3675 1689 3722 te
1721 3679 1834 3741 pro
1867 3674 1970 3721 tua
2002 3658 2298 3740 sapientia
2329 3658 2511 3720 etiam
2543 3677 2823 3720 caussam
2855 3661 3042 3724 huius

431 3768 679 3830 diuinae
712 3767 863 3848 legis
895 3768 1289 3850 perspexisse,
1323 3787 1587 3848 eamque
1622 3768 1705 3829 ob
1738 3785 2019 3827 caussam
2050 3765 2372 3846 diligenter
2403 3763 2535 3826 eius
2567 3765 2839 3846 vestigiis
2869 3767 3041 3829 insti-

428 3874 591 3937 tisse.
655 3874 878 3937 Vidisti
908 3874 1075 3937 enim
1113 3874 1410 3957 profect0,
1452 3874 1647 3936 iacere
1682 3872 1881 3934 solere
1914 3892 1984 3934 ea
2017 3892 2175 3953 quae
2209 3891 2339 3935 non
2373 3887 2518 3933 sunt
2549 3872 2878 3935 hominum
2912 3890 3041 3935 stu-

430 3980 548 4042 diis
578 3996 636 4042 et
668 3981 1169 4043 contentionibus
1215 3981 1484 4044 excitata.
1550 3986 1730 4043 Artes
1762 3980 2021 4062 quidem
2053 3998 2321 4061 quarum
2356 3999 2619 4060 magnus
2649 3979 2716 4040 in
2746 3980 2867 4042 vita
2895 4002 3042 4044 vsus

431 4102 491 4148 et
523 4088 842 4150 delectatio
876 4102 982 4159 est,
1030 4106 1358 4168 nunquam
1389 4087 1466 4149 ad
1498 4101 1733 4148 tantam
1763 4084 2208 4147 sublimitatem
2239 4099 2300 4146 et
2330 4085 2699 4165 elegantiam
2733 4087 3042 4168 pervenis-

432 4209 589 4271 sent,
638 4194 754 4256 nisi
802 4193 1107 4257 artificum
1153 4194 1309 4256 inter
1339 4193 1511 4275 ipsos
1542 4192 1949 4275 discrepantia
1982 4191 2375 4268 iudiciorum,
2407 4206 2467 4252 et
2499 4207 2808 4255 certamen
2838 4194 3044 4274 quod-

430 4300 576 4362 dam
606 4301 911 4362 extitisset.
946 4300 1199 4383 Quippe
1235 4300 1366 4383 ipsa
1397 4299 1795 4384 philosophia
1826 4315 2019 4361 mater
2039 4298 2327 4360 omnium
2347 4297 2801 4362 laudandarum
2820 4301 3042 4362 artium

430 4409 508 4468 ab
554 4407 791 4489 exiguis
837 4423 969 4469 orta
1014 4407 1349 4490 principiis,
1399 4426 1614 4469 nonne
1646 4406 2149 4469 doctissimorum
2184 4405 2515 4466 hominum
2549 4406 2931 4469 dissensione
2963 4408 3044 4470 ita

431 4514 643 4591 creuit,
691 4530 758 4575 ut
802 4514 879 4574 ad
925 4513 1059 4575 eius
1090 4514 1546 4577 absolutionem
1578 4514 1734 4575 nihil
1767 4513 2099 4576 desiderari
2132 4512 2446 4575 videatur?
2511 4513 2795 4595 Denique
2827 4514 2917 4576 sic
2949 4534 3045 4577 res

432 4620 644 4681 habet:
707 4620 1075 4683 industriam
1122 4621 1284 4682 acuit
1328 4636 1387 4682 et
1432 4620 1709 4683 studium
1753 4620 2027 4682 incendit
2057 4619 2394 4682 hominum
2427 4619 2584 4682 inter
2615 4640 2679 4682 se
2712 4622 3044 4684 aemulatio

433 4742 616 4807 atque
647 4728 995 4805 contentio;
1031 4744 1371 4809 contraque
1401 4727 1768 4809 languorem
1800 4743 1859 4789 et
1891 4726 2199 4807 ignauiam
2234 4726 2425 4788 animi
2462 4727 2653 4806 affert,
2677 4727 2884 4790 omnia
2905 4747 3044 4790 om-

432 4833 615 4895 nibus
646 4834 946 4913 assentiri,
980 4834 1281 4915 nullaque
1314 4835 1391 4895 de
1423 4853 1486 4895 re
1520 4832 1837 4895 contrariis
1872 4831 2212 4894 rationibus
2245 4833 2600 4914 confligere.
2658 4839 2864 4916 Atque
2895 4836 3046 4898 haec

429 4958 524 5003 est
554 4941 652 5003 illa
686 4942 1023 5021 contentio,
1069 4961 1256 5023 quam
1298 4939 1678 5002 vtilissimam
1711 4939 2045 5001 hominum
2079 4940 2233 5001 vitae
2267 4939 2740 5021 elegantissimis
2772 4941 3047 5004 versibus

2691 5040 2760 5113 7*
