3684 5416
342 1506 396 1539 to

340 2042 392 2086 ¹5

340 3114 397 3157 ²5

343 3648 405 3695 30

346 4182 406 4229 35

351 4720 416 4761 40

1095 330 1361 384 Potestas
1399 328 1780 385 ecclesiastica
1820 341 1877 385 et
1913 328 2215 401 imperium
2255 329 2435 385 civile.
2966 347 3055 398 ¹4¹

462 423 518 433 0—-

671 535 772 582 70.
820 514 1236 577 Sacerdoti
1255 516 1417 578 bus.
1484 515 1567 578 Ut
1598 514 1874 596 episcopi
1905 514 2222 595 diligenter
2252 514 2577 576 discutiant
2608 532 2717 595 per
2747 533 2889 575 suas
2922 532 3063 594 par-

453 623 696 683 rochias
740 623 1148 704 presbyterOS,
1193 639 1413 683 eorum
1458 620 1665 698 fidem,
1709 621 2013 703 baptisma
2055 639 2115 683 et
2147 622 2475 684 missarum
2508 621 2962 697 celebrationes,
2995 637 3065 681 ut

453 745 512 791 et
542 728 730 790 fidem
765 745 991 791 rectam
1021 743 1269 790 teneant
1298 742 1360 789 et
1390 727 1690 810 baptisma
1722 727 2097 789 catholicum
2118 730 2445 790 observent
2476 744 2535 790 et
2565 728 2887 790 missarum
2921 747 3061 810 pre-

452 856 556 898 ces
585 839 744 898 bene
777 836 1149 915 intellegant,
1198 850 1257 897 et
1289 853 1357 899 ut
1388 835 1607 917 psalmi
1640 835 1823 915 digne
1853 835 2201 898 secundum
2234 835 2564 897 divisiones
2596 854 2891 897 versuum
2921 853 3063 895 mo-

453 943 753 1004 dulentur
799 958 859 1004 et
908 942 1289 1005 dominicam
1338 943 1684 1005 orationem
1732 942 1847 1024 ipsi
1897 942 2254 1022 intellegant
2297 958 2357 1004 et
2388 943 2682 1005 omnibus
2714 942 3067 1024 praedicent

451 1050 949 1130 intellegendam,
984 1067 1050 1111 ut
1081 1049 1349 1130 quisque
1382 1050 1529 1110 sciat
1559 1049 1714 1130 quid
1747 1065 1908 1131 petat
1940 1070 1972 1110 a
2007 1050 2168 1126 Deo;
2205 1065 2265 1111 et
2302 1064 2369 1111 ut
2406 1048 2658 1111 «Gloria
2680 1049 2877 1111 Patri»
2914 1067 3062 1111 cum

451 1157 632 1219 omni
663 1156 905 1219 honore
936 1156 1104 1238 apud
1136 1174 1359 1218 omnes
1389 1171 1693 1230 cantetur;
1747 1172 1806 1216 et
1836 1155 1966 1238 ipse
1997 1156 2280 1218 sacerdos
2311 1175 2458 1219 cum
2488 1157 2710 1218 sanctis
2742 1155 2972 1235 angelis
3003 1169 3067 1216 et

450 1265 692 1348 populo
727 1264 842 1326 Dei
874 1263 1199 1325 communi
1229 1281 1380 1325 voce
1419 1262 1738 1340 «Sanctus,
1770 1261 2050 1340 Sanctus,
2082 1263 2382 1325 Sanctus»
2421 1264 2717 1327 decantet.
2750 1262 2824 1324 Et
2856 1262 3067 1323 omni-

452 1373 662 1434 modis
709 1370 1044 1432 dicendum
1094 1385 1184 1432 est
1233 1369 1597 1452 presbyteris
1641 1384 1702 1431 et
1747 1369 2130 1449 diaconibus,
2179 1386 2247 1432 ut
2290 1390 2459 1432 arma
2496 1388 2626 1432 non
2659 1385 2920 1451 portent,
2952 1368 3069 1430 sed

453 1478 650 1557 magis
683 1498 747 1538 se
778 1476 1090 1540 confidant
1121 1476 1186 1539 in
1219 1475 1577 1539 defensione
1611 1476 1727 1537 Dei
1758 1497 1951 1557 quam
1984 1477 2049 1539 in
2080 1478 2283 1539 armis.

672 1606 773 1653 τι.
820 1584 1156 1666 Aliquid
1201 1585 1613 1661 sacerdos»,
1663 1583 1975 1664 aliquid
2026 1584 2393 1666 populus.
2440 1585 2588 1646 Item
2620 1583 2848 1666 placuit
2880 1584 3068 1646 nobis

451 1711 814 1755 ammonere
859 1691 1259 1753 reverentiam
1311 1707 1590 1766 vestram,
1636 1706 1703 1752 ut
1749 1690 2184 1772 unusquisque
2216 1708 2486 1753 vestrum
2518 1691 2716 1753 videat
2748 1711 2854 1773 per
2884 1709 3063 1752 suam

452 1799 862 1880 parrochiam,
898 1814 969 1862 ut
997 1785 1280 1860 aecclesia
1316 1798 1430 1859 Dei
1459 1817 1648 1859 suum
1679 1797 1900 1859 habeat
1931 1799 2258 1876 honorem,
2292 1798 2479 1861 simul
2510 1814 2569 1860 et
2599 1800 2807 1861 altaria
2839 1817 3063 1860 secun-

451 1906 611 1968 dum
653 1926 832 1967 suam
879 1906 1237 1986 dignitatem
1284 1920 1674 1977 venerentur,
1720 1920 1776 1965 et
1820 1924 1951 1968 non
1992 1905 2066 1966 sit
2096 1906 2325 1968 domus
2358 1906 2475 1968 Dei
2506 1921 2565 1967 et
2595 1907 2803 1967 altaria
2835 1923 3067 1967 sacrata

454 2014 666 2094 pervia
709 2014 982 2092 canibus,
1029 2029 1086 2074 et
1119 2029 1187 2075 ut
1218 2033 1356 2074 vasa
1388 2027 1612 2073 sacrata
1648 2011 1783 2072 Deo
1830 2031 1974 2073 cum
2019 2031 2243 2092 magna
2278 2014 2672 2076 veneratione
2705 2015 3069 2093 habeantur,

453 2137 514 2181 et
545 2137 614 2183 ut
643 2121 934 2183 sacrificia
964 2118 1332 2182 sanctificata
1365 2137 1510 2180 cum
1543 2138 1766 2198 magna
1800 2120 2115 2201 diligentia
2146 2123 2222 2181 ab
2256 2121 2343 2182 eis
2374 2119 2740 2200 colligantur
2759 2120 2870 2200 qui
2891 2122 3069 2203 digni

466 2245 615 2290 sunt
658 2228 756 2289 vel
799 2247 945 2290 cum
980 2228 1220 2289 honore
1251 2240 1599 2298 serventur;
1653 2243 1710 2288 et
1746 2241 1812 2286 ut
1845 2226 2136 2288 secularia
2172 2227 2423 2306 nogotia
2454 2227 2552 2289 vel
2595 2227 2953 2307 vaniloquia
2998 2229 3061 2288 in

453 2334 724 2397 ecclesiis
767 2354 902 2397 non
951 2350 1227 2415 agantur,
1276 2333 1423 2415 quia
1470 2334 1697 2396 domus
1734 2333 1847 2395 Dei
1897 2335 2126 2396 domus
2171 2334 2466 2396 orationis
2512 2335 2691 2396 debet
2737 2354 2888 2410 esse,
2934 2354 3069 2396 non

453 2443 744 2525 spelunca
775 2443 1122 2514 latronum;
1157 2458 1215 2504 et
1247 2458 1314 2503 ut
1345 2441 1616 2505 intentos
1644 2442 1908 2502 habeant
1928 2442 2172 2504 animos
2190 2442 2267 2502 ad
2293 2443 2495 2504 Deum
2528 2442 2784 2522 quando
2804 2443 3065 2503 veniunt

453 2551 534 2611 ad
566 2549 896 2611 missarum
915 2549 1301 2630 sollempnia,
1337 2564 1396 2610 et
1430 2565 1495 2610 ut
1527 2566 1657 2609 non
1689 2564 1906 2610 exeant
1936 2565 2076 2610 ante
2108 2547 2584 2629 completionem
2620 2548 3075 2610 benedictionis

454 2657 865 2719 sacerdotalis,

672 2783 784 2833 72.¹
822 2764 1420 2826 Sacerdotibus.
1486 2763 1609 2825 Sed
1654 2778 1714 2824 et
1759 2765 1880 2826 hoc
1926 2763 2271 2843 flagitamus
2317 2781 2578 2827 vestram
2611 2766 2964 2843 almitatem,
2997 2780 3071 2825 ut

457 2872 722 2934 ministri
752 2871 952 2944 altaris
985 2871 1100 2932 Dei
1131 2890 1321 2933 suum
1352 2871 1765 2932 ministerium
1797 2871 1979 2933 bonis
2012 2871 2290 2933 moribus
2321 2888 2565 2951 ornent,
2599 2893 2709 2934 seu
2744 2872 2843 2934 alii
2876 2891 3071 2934 cano-

458 2980 595 3041 nice
642 2980 1061 3041 observantiae
1108 2979 1358 3041 ordines
1403 2978 1500 3040 vel
1545 2979 1896 3040 monachici
1943 2980 2241 3060 propositi
2291 2981 2832 3061 congregationes;
2886 2981 3067 3040 obse-

457 3106 719 3163 ctamuS,
752 3102 820 3148 ut
853 3088 1084 3148 bonam
1114 3101 1174 3147 et
1207 3084 1589 3166 probabilem
1624 3086 1888 3147 habeant
1919 3088 2469 3164 conversationem,
2500 3088 2658 3149 sicut
2690 3089 2816 3171 ipse
2848 3088 3074 3149 Domi-

459 3217 582 3259 nus
628 3196 692 3257 in
737 3194 1059 3274 euangelio
1091 3193 1409 3275 praecipit:
1470 3193 1594 3253 «sic
1624 3193 1824 3254 luceat
1856 3192 1964 3254 lux
1994 3209 2190 3255 vestra
2223 3214 2433 3257 coram
2466 3195 2841 3268 hominibus,
2878 3210 2947 3256 ut
2978 3195 3067 3255 vi-

460 3306 649 3366 deant
691 3323 877 3384 opera
923 3317 1116 3363 vestra
1164 3303 1331 3363 bona
1368 3317 1426 3361 et
1457 3299 1799 3380 glorificent
1833 3315 2066 3381 patrem
2100 3317 2370 3363 vestrum
2402 3303 2514 3383 qui
2545 3303 2609 3365 in
2643 3302 2786 3363 celis
2818 3317 2968 3378 est»,
3001 3316 3077 3361 ut

459 3430 682 3472 eorum
731 3412 893 3471 bona
940 3408 1403 3471 conversatione
1449 3407 1627 3469 multi
1675 3409 2110 3490 protrahantur
2158 3409 2234 3469 ad
2285 3411 2598 3471 servitium
2648 3410 2782 3485 Dei,
2836 3424 2895 3469 et
2940 3428 3075 3470 non

461 3517 672 3579 solum
715 3515 947 3577 servilis
992 3514 1367 3577 conditionis
1397 3514 1680 3592 infantes,
1707 3514 1835 3577 sed
1869 3515 2054 3575 etiam
2086 3516 2511 3593 ingenuorum
2545 3517 2704 3579 filios
2736 3519 3077 3597 adgregent

461 3623 706 3704 sibique
751 3621 1012 3685 socient.
1065 3622 1141 3685 Et
1186 3638 1253 3684 ut
1297 3621 1498 3684 scolae
1543 3621 1885 3700 legentium
1932 3640 2274 3702 puerorum
2320 3623 2480 3686 fiant.
2543 3625 2839 3701 PsalmOS,
2875 3641 3073 3702 notaS,

463 3746 701 3807 cantus,
750 3746 1136 3810 compotum,
1180 3730 1643 3809 grammaticam
1689 3748 1798 3809 per
1840 3729 2085 3808 singula
2134 3731 2502 3791 monasteria
2548 3731 2640 3791 vel
2673 3731 2981 3812 episcopia
3015 3747 3073 3793 et

461 3839 654 3901 libros
685 3836 1021 3899 catholicos
1053 3839 1210 3897 bene
1241 3837 1594 3907 emendate;
1629 3836 1774 3916 quia
1806 3855 2007 3915 saepe,
2042 3836 2197 3897 dum
2230 3840 2387 3897 bene
2418 3837 2605 3918 aliqui
2628 3839 2835 3899 Deum
2857 3858 3079 3918 rogare

465 3945 745 4026 cupiunt,
791 3944 898 4005 sed
943 3963 1051 4025 per
1094 3942 1520 4005 inemendatos
1561 3943 1749 4003 libros
1794 3944 1955 4003 male
2000 3960 2236 4022 rogant.
2296 3946 2370 4006 Et
2415 3964 2643 4026 pueros
2675 3962 2908 4007 vestros
2941 3966 3075 4008 non

465 4052 646 4114 sinite
677 4069 785 4112 eos
817 4051 912 4112 vel
944 4051 1213 4130 legendo
1245 4050 1340 4112 vel
1369 4051 1696 4111 scribendo
1728 4069 2155 4131 corrumpere:
2190 4067 2249 4113 et
2279 4052 2330 4112 si
2365 4072 2527 4134 opus
2546 4068 2636 4113 est
2656 4053 3074 4133 euangelium,

467 4158 828 4242 psalterium
859 4174 916 4219 et
949 4160 1190 4220 missale
1222 4158 1502 4238 scribere,
1538 4157 1836 4240 perfectae
1870 4158 2077 4219 aetatis
2108 4159 2396 4220 homines
2426 4160 2690 4222 scribant
2721 4179 2864 4221 cum
2901 4159 3080 4221 omni

466 4266 799 4347 diligentia.

689 4392 790 4451 73.
838 4371 1433 4433 Sacerdotibus
1482 4372 1682 4434 Simul
1713 4388 1774 4433 et
1806 4373 1927 4433 hoc
1960 4391 2173 4453 rogare
2208 4373 2579 4448 curavimus,
2615 4391 2683 4436 ut
2703 4395 2922 4436 omnes
2941 4374 3083 4435 ubi-

471 4498 743 4560 cumque
790 4479 897 4559 qui
928 4498 991 4540 se
1024 4495 1168 4540 voto
1201 4479 1603 4540 monachicae
1634 4480 1789 4541 vitae
1824 4481 2320 4542 constrinxerunt
2351 4482 2712 4543 monachice
2746 4498 2803 4543 et
2836 4481 3078 4562 regula-

472 4588 616 4649 riter
660 4586 1043 4648 omnimodis
1074 4587 1421 4647 secundum
1456 4602 1671 4649 votum
1707 4606 1892 4648 suum
1929 4586 2150 4664 vivant,
2196 4589 2545 4649 secundum
2579 4590 2752 4670 quod
2784 4590 3083 4670 scriptum

474 4710 595 4756 est:
630 4700 834 4759 ficvota
872 4711 1068 4755 vestra
1097 4693 1332 4755 reddite
1366 4694 1628 4756 domino
1661 4694 1796 4754 Deo
1828 4712 2095 4769 vestro»,
2130 4710 2187 4755 et
2218 4694 2477 4757 iterum:
2538 4697 2802 4758 «melius
2834 4713 2921 4757 est
2953 4715 3085 4757 non

475 4822 715 4878 vovere,
747 4821 938 4883 quam
971 4820 1103 4862 non
1138 4801 1449 4863 reddere».
1515 4802 1588 4862 Et
1634 4818 1698 4862 ut
1743 4802 1819 4862 ad
1855 4802 2223 4863 monasteria
2257 4803 2573 4864 venientes
2603 4804 2953 4865 secundum
2988 4823 3079 4864 re-

476 4910 752 4991 gularem
798 4909 1087 4970 ordinem
1134 4908 1335 4990 primo
1369 4909 1431 4969 in
1463 4908 1799 4989 pulsatorio
1831 4910 2171 4988 probentur
2203 4924 2262 4969 et
2293 4909 2379 4970 sic
2409 4909 2802 4991 accipiantur.
2868 4912 2941 4972 Et
2973 4911 3085 4991 qui
