3684 5416
479 1587 530 1618 10

481 2120 526 2163 ¹5

477 2656 529 2687 20

477 3190 526 3233 ²5

474 3722 528 3768 30

474 4263 522 4308 35

472 4783 526 4822 40

590 414 688 479 3¹²
1215 396 1479 451 Potestas
1517 396 1897 453 ecclesiastica
1939 413 1994 453 et
2031 398 2333 467 imperium
2376 399 2558 454 civile.

586 575 821 626 siastico.
860 572 1090 627 Firenze
1126 589 1256 643 ¹90²
1285 590 1341 643 p.
1370 589 1473 645 390
1499 589 1617 645 seq.
1671 574 1710 627 S
1728 573 1892 628 chia
1909 592 1946 646 p
1964 593 1999 646 p
2018 591 2054 629 o
2072 575 2146 639 li,
2186 579 2391 632 Diritto
2418 580 2807 632 Ecclesiastico
2846 596 2900 650 p.
2938 596 3035 650 150
3078 596 3198 649 seq.

586 652 1032 723 Friedberg.
1085 653 1384 710 Lehrbuch.
1424 654 1460 723 ἓ
1501 654 1584 726 58.
1649 653 2063 710 Hinschius
2085 696 2097 718 ‚
2140 657 2556 713 Kirclrenrecht.
2593 658 2629 711 1.
2671 676 2724 730 p.
2768 677 2889 729 2¹4·
2952 657 3198 717 StutZ.

585 734 995 789 Kt'rchenrecht.
1038 735 1073 802 ξ
1110 751 1196 806 43.
2820 773 2830 782 .

1653 831 1732 892 Pi
1752 850 1838 891 us
1886 830 1997 892 PP.
2031 831 2131 892 IX.

1011 954 1406 1016 Venerabiles
1438 955 1692 1018 Fratres.

1208 1097 1482 1158 Salutem
1517 1103 1577 1158 et
1603 1098 2001 1178 apostolicam
2037 1098 2514 1160 benedictionem
2531 1106 2565 1160 ,Ι

762 1221 1181 1303 Respicientes
1213 1240 1282 1282 ea
1316 1221 1543 1297 omnia,
1575 1240 1734 1303 quae
1756 1221 2170 1304 Subalpinum
2196 1222 2591 1285 Gubernium
2625 1224 2905 1304 pluribus
2927 1227 3000 1286 ab
3022 1228 3198 1287 annis

584 1350 713 1392 non
746 1328 1103 1391 intermissis
1152 1328 1580 1390 molitionibus
1610 1329 1763 1409 gerit
1796 1331 1872 1392 ad
1907 1332 2314 1392 evertendum
2350 1330 2589 1392 civilem
2625 1332 3045 1415 Principatum
3075 1335 3200 1395 sin-

582 1438 779 1517 gulari
816 1436 933 1497 Dei
966 1435 1349 1515 providentia
1383 1436 1529 1497 huic
1561 1438 1955 1518 Apostolicae
1979 1437 2153 1499 Sedis
2186 1457 2572 1513 concessum,
2608 1454 2676 1499 ut
2698 1439 2859 1500 Beati
2885 1440 3038 1502 Petri
3060 1462 3198 1503 suc-

584 1564 856 1606 cessores
908 1543 971 1604 in
1004 1541 1290 1604 exercitio
1323 1542 1652 1623 spiritualis
1685 1564 1831 1606 suae
1867 1543 2305 1621 jurisdictionis
2337 1545 2670 1607 necessaria
2704 1566 2773 1606 ac
2807 1546 2984 1627 plena
3016 1547 3198 1609 liber--

581 1667 700 1714 tate
748 1668 806 1712 et
852 1649 1172 1711 securitate
1220 1665 1554 1729 uterentur,
1602 1650 1734 1712 fieri
1784 1672 1914 1713 non
1961 1668 2177 1733 potest,
2221 1652 2351 1713 VV.
2387 1653 2525 1726 FF„
2575 1670 2639 1714 ut
2683 1653 2746 1714 in
2791 1668 2952 1714 tanta
2985 1670 3197 1715 contra

583 1756 916 1823 Ecclesiam
952 1757 1067 1818 Dei
1112 1772 1172 1818 et
1205 1757 1487 1819 Sanctam
1535 1759 1699 1820 hanc
1730 1759 1953 1820 Sedem
2002 1759 2457 1841 conspiratione
2505 1760 2724 1821 intimo
2756 1762 2960 1822 cordis
2991 1762 3197 1823 Nostri

581 1865 799 1928 dolore
831 1883 960 1925 non
995 1883 1391 1937 moveamur:
1428 1881 1611 1946 atque
1645 1867 1765 1928 hoc
1796 1882 1925 1928 tam
1955 1867 2247 1928 luctuoso
2279 1883 2578 1948 tempore,
2613 1886 2745 1947 quo
2767 1867 2929 1929 idem
2954 1869 3196 1931 Guber-

584 1975 762 2036 nium
795 1987 1095 2033 sectarum
1130 1971 1486 2053 perditionis
1518 1974 1773 2035 consilia
1805 1994 2095 2054 sequens,
2130 1974 2484 2053 sacrilegam
2508 1975 2709 2035 almae
2731 1974 2917 2036 Urbis
2940 1976 3196 2038 Nostrae

584 2098 642 2144 et
675 2080 1051 2161 reliquarum
1085 2079 1419 2158 civitatum,
1469 2101 1735 2161 quarum
1768 2081 1965 2142 Nobis
1999 2081 2331 2162 imperium
2363 2100 2435 2141 ex
2468 2080 2769 2163 superiori
2802 2082 3199 2163 usurpatione

583 2204 916 2270 supererat,
953 2187 1330 2250 invasionem
1364 2208 1553 2268 quam
1588 2188 1820 2265 jamdiu
1855 2189 2281 2266 meditabatur,
2317 2203 2528 2249 contra
2564 2207 2751 2250 omne
2784 2190 2873 2250 fas
2904 2190 2962 2249 vi
2983 2189 3198 2251 armis-

584 2316 705 2376 que
739 2294 1089 2376 complevit,
1125 2296 1278 2356 dum
1312 2292 1443 2355 Nos
1477 2314 1693 2357 arcana
1729 2295 1842 2357 Dei
1878 2295 2128 2358 consilia
2162 2314 2368 2357 coram
2403 2295 2539 2377 Ipso
2575 2296 2855 2377 prostrati
2889 2296 3200 2358 humiliter

583 2421 970 2477 veneramur,
1003 2400 1169 2463 illam
1204 2403 1539 2484 prophetae
1573 2422 1793 2464 vocem
1829 2422 2127 2485 usurpare
2161 2402 2447 2483 cogimur
2491 2422 2647 2482 «ego
2682 2404 2928 2484 plorans
2959 2420 3016 2465 et
3049 2424 3198 2465 ocu-

583 2510 680 2570 lus
712 2528 892 2570 meus
924 2509 1238 2570 deducens
1269 2529 1478 2590 aquas,
1512 2509 1656 2589 quia
1690 2510 1877 2588 longe
1909 2509 2104 2571 factus
2137 2525 2228 2570 est
2260 2531 2293 2570 a
2326 2528 2425 2570 me
2460 2509 2811 2571 consolator
2842 2528 3200 2573 convertens

583 2616 852 2677 animam
886 2635 1121 2678 meam:
1157 2615 1295 2678 facti
1328 2633 1471 2678 sunt
1502 2616 1608 2678 filii
1641 2618 1763 2678 mei
1798 2617 2015 2699 perditi
2048 2616 2346 2698 quoniam
2381 2616 2640 2678 invaluit
2672 2617 3018 2679 inimicus».
3069 2618 3115 2694 (J
3135 2637 3197 2678 e-

582 2743 757 2784 rem.
806 2725 948 2785 thr.
983 2724 1022 2785 l.
1070 2726 1181 2801 16.)

798 2830 953 2891 Satis
1000 2831 1251 2911 quidem
1287 2832 1419 2892 VV.
1444 2832 1542 2893 FF
1545 2878 1579 2906 .,
1613 2854 1646 2893 a
1680 2832 1879 2893 Nobis
1926 2831 2200 2914 exposita
2233 2846 2292 2893 et
2322 2832 2624 2894 catholico
2656 2832 2791 2892 orbi
2824 2831 3059 2908 jamdiu
3092 2853 3195 2913 pa-

583 2936 798 2998 tefacta
831 2952 921 2998 est
955 2938 1170 2998 nefarii
1205 2937 1392 3017 hujus
1425 2939 1566 2999 belli
1601 2939 1872 3017 historia,
1906 2939 2092 3019 idque
2117 2938 2376 3001 fecimus
2398 2938 2677 3019 pluribus
2698 2938 3197 3000 Allocutionibus

584 3043 825 3105 Nostris
873 3044 1232 3125 Encyclicis‚
1282 3045 1705 3127 Brevibusque
1750 3046 1963 3107 litteris
2010 3047 2251 3109 diverso
2296 3064 2574 3129 tempore
2621 3047 2839 3108 habitis
2886 3063 2990 3109 aut
3022 3047 3196 3122 datis,

585 3169 810 3229 nempe
857 3150 1083 3211 diebus
1131 3174 1178 3214 1.
1211 3152 1514 3212 Novemb.
1546 3172 1643 3213 an.
1689 3154 1869 3232 1850.
1909 3173 2009 3214 22.
2044 3153 2173 3214 Jan.
2218 3168 2277 3214 et
2328 3155 2428 3215 26.
2463 3152 2604 3214 Julii
2646 3154 2830 3233 1855,
2874 3156 2968 3216 18.
3000 3170 3058 3214 et
3093 3157 3193 3216 28.

582 3256 747 3318 Junii
781 3272 840 3317 et
877 3259 974 3320 26.
997 3257 1159 3338 Sept.
1195 3260 1377 3338 1859,
1421 3279 1512 3338 19.
1533 3259 1665 3320 Jan.
1696 3260 1882 3336 1860,
1903 3278 1975 3320 ac
1995 3259 2365 3340 Apostolicis
2388 3260 2625 3322 Litteris
2650 3261 2749 3321 26.
2771 3260 2972 3322 Martii
3016 3261 3196 3336 1860,

583 3364 1084 3426 Allocutionibus
1130 3365 1353 3426 deinde
1402 3367 1502 3427 28.
1537 3364 1701 3445 Sept.
1745 3366 1929 3443 1860,
1990 3367 2084 3427 18.
2121 3366 2321 3428 Martii
2353 3381 2413 3427 et
2448 3386 2546 3447 30.
2580 3365 2744 3446 Sept.
2789 3367 2941 3427 1861
2999 3381 3059 3426 et
3095 3385 3192 3433 20,

581 3471 746 3553 Sept.
791 3493 883 3540 17.
916 3472 1140 3533 Octob.
1175 3488 1234 3533 et
1278 3492 1370 3550 14.
1402 3472 1560 3533 Nov.
1606 3474 1787 3539 1867.
1825 3473 2071 3534 Horum
2106 3474 2629 3535 documentorum
2663 3473 2818 3534 serie
2851 3488 3197 3554 perspectae

580 3596 764 3660 atque
811 3580 1157 3660 exploratae
1204 3578 1358 3640 fiunt
1389 3578 1779 3658 gravissimae
1812 3579 2070 3657 injuriae
2104 3600 2135 3640 a
2170 3579 2511 3661 Subalpino
2546 3579 2873 3642 Gubernio
2904 3579 3026 3658 jam
3058 3594 3196 3639 ante

582 3687 776 3768 ipsam
822 3686 1280 3748 Ecclesiasticae
1328 3685 1578 3747 ditionis
1625 3685 2050 3767 superioribus
2097 3686 2275 3748 annis
2321 3686 2674 3769 incoeptam
2721 3685 3194 3768 occupationem

582 3793 920 3875 Supremae
966 3794 1224 3855 Nostrae
1275 3806 1336 3854 et
1387 3791 1573 3870 hujus
1621 3793 1878 3854 Sanctae
1926 3792 2099 3855 Sedis
2145 3793 2486 3855 auctoritati
2533 3793 2751 3872 illatae,
2784 3809 2925 3855 tum
2957 3793 3197 3875 legibus

581 3916 794 3962 contra
829 3900 1122 3978 naturale,
1156 3900 1435 3962 divinum
1485 3916 1544 3961 et
1575 3900 2053 3962 ecclesiasticum
2086 3898 2181 3978 jus
2212 3900 2458 3980 rogatis,
2489 3915 2624 3961 tum
2658 3900 2842 3961 sacris
2877 3901 3187 3974 ministri5‚

582 4006 881 4087 religiosis
935 4006 1175 4068 familiis
1221 4023 1279 4068 et
1313 4007 1631 4089 Episcopis
1679 4007 1824 4089 ipsis
1862 4007 2151 4085 indignae
2185 4006 2488 4069 vexationi
2523 4006 2832 4086 subjectiS,
2866 4022 3001 4069 tum
3036 4009 3193 4069 obli-

579 4131 781 4194 gatam
817 4114 1203 4175 solemnibus
1236 4115 1758 4176 conventionibus
1791 4132 1933 4174 cum
1970 4114 2185 4175 eadem
2221 4113 2577 4195 Apostolica
2612 4114 2771 4175 Sede
2805 4114 2973 4175 initis
3005 4114 3191 4176 fidem

580 4221 992 4302 infringendo,
1042 4237 1224 4304 atque
1271 4241 1487 4283 earum
1534 4221 1882 4282 inviolabile
1930 4220 2024 4298 jus
2058 4222 2389 4302 praefracte
2422 4222 2792 4300 denegando
2824 4222 2916 4282 vel
2953 4242 3029 4282 eo
3062 4221 3195 4302 ipso

582 4346 876 4409 ternpore,
923 4350 1052 4409 quo
1100 4350 1289 4391 novas
1322 4328 1667 4391 Nobiscum
1712 4328 2097 4390 tractationes
2131 4328 2283 4390 inire
2317 4329 2472 4390 velle
2503 4328 2904 4410 significabat.
2971 4329 3060 4388 Ex
3094 4327 3194 4387 iis-

580 4437 724 4496 dem
776 4437 1168 4497 documentis
1216 4436 1393 4517 plane
1440 4436 1651 4517 liquet,
1696 4435 1826 4498 VV.
1859 4436 1974 4498 FF.
2008 4451 2257 4516 totaque
2304 4436 2536 4497 videbit
2582 4435 2920 4516 posteritaS,
2969 4434 3195 4514 quibus

581 4542 810 4604 artibus
843 4558 901 4603 et
935 4561 1125 4622 quarn
1157 4542 1389 4603 callidis
1423 4563 1492 4604 ac
1524 4543 1790 4623 indignis
1823 4542 2250 4603 molitionibus
2282 4541 2448 4602 idem
2483 4540 2878 4603 Gubernium
2912 4543 2990 4602 ad
3024 4540 3192 4615 justi-

578 4650 724 4711 tiam
772 4665 829 4710 et
872 4649 1250 4710 sanctitatem
1299 4648 1532 4726 jurium
1579 4649 1765 4726 hujus
1798 4649 2191 4731 Apostolicae
2240 4649 2415 4710 Sedis
2461 4649 2929 4730 opprimendam
2978 4667 3193 4728 perve-

581 4756 772 4821 nerit:
806 4776 873 4817 ac
905 4757 1089 4818 simul
1123 4774 1457 4838 cognoscet
1489 4779 1646 4838 quae
1680 4778 1861 4819 curae
1898 4758 2155 4818 Nostrae
2192 4757 2415 4818 fuerint
2445 4757 2508 4818 in
2542 4756 2709 4818 illius
2729 4755 2999 4826 audacia,
3032 4774 3194 4835 quae

580 4867 923 4943 augebatur
969 4864 1029 4925 in
1075 4864 1223 4940 dies,
1273 4881 1578 4944 quantum
1613 4865 1676 4926 in
1709 4865 1908 4926 Nobis
1941 4881 2063 4924 erat
2097 4865 2547 4945 compescenda
2581 4879 2763 4944 atque
2797 4862 2856 4923 in
2892 4860 3193 4923 Ecclesiae

581 4990 762 5031 causa
796 4970 1176 5032 vindicanda.
1240 4972 1437 5032 Probe
1472 4972 1665 5032 nostis
1698 4991 1861 5031 anno
1906 4970 2065 5049 1859
2101 4972 2175 5031 ab
2198 4970 2325 5050 ipsa
2348 4969 2679 5050 Subalpina
2707 4984 2997 5051 potestate
3017 4987 3193 5049 prae-
