3684 5416
567 1512 614 1543 10

567 2055 612 2097 ¹5

564 2588 617 2619 20

566 3136 614 3178 ²5

566 3671 617 3714 30

564 4201 614 4244 35

669 340 770 408 596
1840 338 2104 407 Capituli.

666 522 830 585 eide
862 523 1035 583 omni
1069 523 1281 584 mobili
1315 543 1385 584 ex
1421 524 1567 605 ipsis
1601 528 1801 601 rebus,
1840 523 2142 605 quamdiu
2174 523 2339 600 vivit,
2375 540 2433 585 et
2463 524 2529 585 in
2560 525 2697 605 ipso
2732 525 2950 587 ordine
2984 527 3282 603 consistit,

666 629 1093 709 eleemosynas
1127 646 1250 691 tam
1284 630 1345 690 in
1379 651 1700 713 paupereS,
1734 651 1926 712 quam
1960 631 2036 691 ad
2058 631 2254 710 ipsam
2275 632 2861 709 Congregationem,
2885 652 3075 713 quam
3096 634 3278 694 etiam

667 736 1043 816 ubicumque
1090 738 1353 799 voluerit
1401 738 1617 815 facere,
1665 755 1724 800 et
1772 738 2157 800 necessitates
2202 758 2345 798 suas
2376 739 2636 820 explere.
2700 740 2791 813 Et,
2824 741 2871 799 si
2906 740 3162 820 aliquod
3194 741 3270 799 de

665 842 800 923 ipso
846 843 1061 904 mobili
1112 859 1252 925 post
1298 845 1541 905 obitum
1588 844 1719 922 ejus
1766 844 2153 925 superfuerit,
2202 845 2401 904 media
2434 864 2572 924 pars
2605 846 2666 906 in
2700 846 3113 927 eleemosyna,
3147 844 3284 922 ejus

665 951 727 1010 in
762 970 1060 1031 pauperes
1093 952 1189 1011 vel
1223 952 1554 1032 promissas
1587 952 1736 1029 ejuS,
1771 968 1892 1027 aut,
1927 952 2031 1011 ubi
2063 951 2343 1023 voluerit,
2379 952 2671 1030 ambulet,
2693 953 3151 1014 Archidiacono
3183 953 3278 1013 vel

668 1058 1041 1135 Primicerio,
1087 1059 1180 1119 vel
1227 1060 1327 1120 cui
1376 1060 1503 1140 ipse
1542 1059 1753 1119 vivens
1786 1058 2110 1136 rogaverit,
2144 1059 2555 1139 dispensante,
2591 1075 2648 1120 et
2683 1059 2781 1121 illa
2817 1062 3015 1122 media
3050 1081 3189 1142 pars
3219 1063 3292 1122 in

666 1166 857 1247 ipsius
891 1166 1280 1247 eleemosyna
1315 1167 1393 1226 ad
1426 1166 1681 1226 Clerum
1716 1166 1811 1225 vel
1847 1167 1923 1226 ad
1958 1166 2151 1245 ipsam
2186 1167 2754 1245 Congregationem
2794 1185 3143 1230 revertatur.
3212 1169 3284 1229 Et

667 1273 782 1354 ipsi
816 1274 1037 1334 Clerici
1072 1274 1147 1333 de
1180 1274 1326 1353 ipsis
1360 1277 1559 1350 rebuS,
1594 1294 1748 1353 quas
1783 1272 1842 1332 in
1881 1274 2179 1353 precarias
2213 1273 2459 1347 habent,
2508 1292 2712 1353 neque
2745 1275 2821 1335 de
2853 1275 3044 1347 terris,
3078 1294 3282 1355 neque

670 1381 745 1440 de
791 1381 1006 1456 vineis,
1056 1397 1160 1442 aut
1210 1381 1391 1455 silvia,
1446 1382 1645 1461 pratiS,
1693 1381 2004 1455 domibuS,
2049 1380 2356 1459 aedificiiS,
2407 1382 2748 1462 mancipiiS,
2796 1383 3139 1462 accolabus,
3188 1384 3282 1443 vel

671 1486 1045 1567 quibuslibet
1093 1489 1274 1546 rebus
1306 1486 1733 1547 immobilibus
1766 1486 2108 1557 minuendi,
2143 1503 2248 1548 aut
2279 1488 2612 1564 vendendi,
2643 1503 2750 1548 aut
2781 1489 3284 1550 communicandi

670 1608 1029 1674 potestatem
1078 1612 1210 1653 non
1271 1595 1570 1665 habeant;
1622 1611 1877 1674 excepto
1929 1612 1995 1654 ut
2028 1595 2314 1671 diximuS,
2348 1595 2425 1655 de
2459 1594 2560 1654 illa
2593 1594 2803 1671 fructa,
2836 1597 2932 1656 vel
2965 1596 3137 1676 quod
3168 1594 3290 1656 ibi-

671 1702 814 1760 dem
860 1702 1135 1761 laborare
1182 1701 1513 1782 potuerint,
1564 1700 1833 1761 viventes
1883 1700 2119 1777 faciant,
2167 1703 2341 1781 quod
2387 1701 2714 1762 voluerint.
2778 1701 2970 1777 Quod
3005 1703 3056 1763 si
3089 1703 3285 1764 conti-

668 1810 840 1889 gerit,
873 1811 1165 1870 suadente
1200 1809 1469 1885 diabolo,
1521 1823 1587 1868 ut
1618 1807 1837 1887 aliquis
1871 1827 1944 1868 ex
1975 1807 2071 1868 his
2105 1808 2438 1886 Fratribus,
2472 1808 2579 1889 qui
2610 1808 2771 1888 ipsas
2804 1827 2899 1868 res
2932 1829 3039 1889 per
3075 1829 3283 1890 preca-

671 1917 787 1977 rias
822 1916 1171 1993 habuerint,
1204 1931 1272 1976 ut
1304 1917 1514 1996 aliquo
1550 1916 1806 1977 crimine
1838 1936 2042 1995 grave,
2076 1933 2181 1977 aut
2215 1917 2345 1977 leve
2378 1915 2623 1993 incidat,
2645 1915 3101 1996 poenitentiam,
3124 1915 3286 1991 juxta

671 2024 844 2104 quod
879 2025 1221 2104 Episcopus
1268 2024 1325 2084 ei
1379 2022 1755 2101 judicaverit,
1804 2040 1973 2101 agat;
2025 2040 2227 2083 tamen
2273 2024 2351 2083 de
2386 2024 2586 2098 rebus,
2622 2042 2778 2102 quas
2810 2041 2919 2103 per
2953 2024 3292 2103 precariam

670 2132 958 2211 possidet,
991 2130 1331 2211 expoliatus
1365 2150 1476 2210 pro
1511 2132 1623 2191 hac
1655 2150 1717 2190 re
1752 2150 1882 2190 esse
1916 2150 2043 2191 non
2077 2130 2309 2190 debeat.
2341 2128 2405 2189 Si
2426 2129 2567 2209 quis
2589 2144 2791 2189 autem
2816 2129 3038 2189 eodem
3072 2131 3287 2207 mod0,

671 2242 840 2321 quod
888 2260 1071 2320 supra
1121 2238 1523 2309 instituimus,
1556 2238 1629 2297 ad
1666 2238 1825 2298 hanc
1860 2236 2446 2316 Congregationem,
2480 2252 2607 2297 tam
2643 2254 2805 2296 unus
2839 2257 2911 2297 ex
2944 2238 3292 2297 Abbatibus

672 2349 915 2426 nostris,
952 2366 1140 2427 quam
1181 2346 1440 2426 quilibet
1483 2344 1782 2405 extraneis
1816 2344 2069 2405 Clericis
2101 2363 2166 2403 se
2197 2344 2430 2404 sociare
2464 2343 2913 2421 desideraverit,
2947 2364 3023 2405 eo
3055 2362 3287 2419 tenore,

673 2471 739 2515 ut
772 2454 867 2514 alii
906 2454 1143 2513 Fratres
1179 2453 1469 2527 fecerunt,
1519 2451 1709 2511 faciat.
1787 2448 1981 2525 Quod
2014 2450 2064 2509 si
2097 2450 2267 2510 aliter
2298 2450 2494 2529 fuerit,
2529 2452 2637 2531 qui
2670 2470 2732 2511 se
2766 2450 2854 2510 eis
2887 2450 3147 2511 voluerit
3179 2470 3282 2510 so-

672 2565 847 2639 ciare,
899 2579 955 2623 et
1005 2563 1216 2622 omnia
1268 2561 1345 2621 ad
1397 2560 1705 2639 integrum
1753 2557 2145 2638 perfectionis
2193 2558 2380 2637 gratia
2431 2559 2885 2638 derelinquere:
2939 2559 3288 2638 Episcopus

672 2671 986 2754 provideat
1021 2670 1106 2730 eis
1140 2668 1511 2743 necessaria;
1549 2666 1808 2749 qualiter
1840 2686 2004 2749 opus
2038 2669 2296 2745 bonum,
2329 2667 2504 2746 quod
2529 2666 2663 2727 Deo
2697 2665 3029 2747 inspirante
3063 2666 3284 2746 coepit,

670 2780 1005 2861 adimplere
1039 2780 1248 2838 valeat.

886 2888 1036 2967 Cap.
1073 2883 1314 2945 XXXII.
1364 2883 1464 2943 De
1495 2882 1909 2963 eleemosynis.
1975 2881 2068 2941 De
2102 2881 2515 2960 eleemosynis
2546 2881 2914 2962 accipiendis
2945 2883 3023 2943 ita
3059 2884 3285 2944 consti·

673 2995 923 3070 tuimus,
974 3010 1039 3052 ut
1085 2993 1133 3051 si
1179 2990 1401 3070 aliquis
1449 2989 1561 3050 uni
1594 2989 1910 3050 Sacerdoti
1958 2988 2258 3069 promissa
2304 3009 2416 3048 sua
2462 2989 2557 3049 vel
2606 3009 2717 3069 pro
2766 2989 3154 3051 confessione
3186 3008 3287 3050 aut

671 3101 1041 3176 infirmitate,
1090 3119 1200 3159 seu
1249 3117 1361 3178 pro
1411 3097 1686 3176 quolibet
1734 3097 1921 3157 charo
1968 3117 2085 3157 suo
2119 3112 2222 3156 aut
2254 3095 2493 3156 vivente
2530 3112 2633 3157 aut
2666 3114 2916 3159 mortuo
2950 3098 3184 3178 aliquid
3217 3099 3279 3158 in

673 3206 1061 3286 eleemosyna
1096 3205 1241 3264 dare
1273 3202 1554 3274 voluerit,
1587 3203 1707 3263 hoc
1741 3201 2040 3264 Sacerdos
2071 3223 2104 3262 a
2135 3201 2442 3263 tribuente
2463 3202 2732 3283 accipiat,
2765 3220 2821 3264 et
2855 3204 3091 3280 exinde,
3113 3207 3284 3285 quod

673 3314 954 3390 voluerit,
992 3314 1183 3376 faciat.
1237 3313 1299 3373 Si
1334 3328 1542 3372 autem
1575 3311 1649 3370 ad
1685 3330 1905 3371 omnes
1938 3311 2298 3371 Sacerdotes
2330 3312 2446 3371 sub
2479 3311 2582 3371 tali
2616 3312 2992 3386 conditione,
3028 3333 3136 3374 seu
3172 3335 3285 3395 pro

672 3421 951 3501 quolibet
1003 3421 1194 3482 modo
1246 3419 1480 3499 aliquid
1526 3418 1589 3480 in
1637 3418 2030 3499 eleemosyna
2078 3419 2221 3478 dare
2267 3417 2547 3496 voluerit,
2597 3419 2719 3478 hoc
2751 3419 3015 3479 omnino
3048 3433 3173 3478 tam
3207 3419 3282 3477 ad

670 3550 890 3589 omnes
925 3530 1303 3604 SacerdoteS,
1339 3545 1529 3606 quam
1565 3526 1639 3586 ad
1674 3546 1894 3586 omnes
1927 3524 2286 3586 Canonicos
2319 3523 2539 3600 veniat,
2585 3539 2645 3583 et
2675 3543 2896 3584 omnes
2930 3525 3088 3584 hanc
3121 3523 3279 3583 elee-

672 3658 1000 3718 mosynam
1038 3655 1444 3698 communem
1478 3636 1755 3694 habeant.
1790 3633 2082 3694 Similiter
2113 3647 2171 3691 et
2204 3631 2338 3691 illae
2372 3631 2818 3711 eleemosynae,
2848 3652 3008 3711 quae
3033 3632 3093 3692 in
3115 3651 3286 3693 com·

671 3765 859 3804 mune
896 3747 968 3804 ad
1005 3763 1261 3804 omnem
1295 3744 1549 3804 Clerum
1585 3742 1860 3816 veniunt,
1896 3759 2113 3800 omnes
2145 3739 2208 3799 in
2241 3757 2579 3799 commune
2614 3738 2895 3815 babeant,
2930 3754 2989 3799 et
3018 3739 3287 3818 psalmo-

672 3853 856 3927 diam,
890 3853 983 3912 vel
1020 3851 1232 3911 missas
1267 3869 1378 3931 pro
1413 3850 1560 3930 ipsis
1594 3848 2002 3929 eleemosynis
2035 3863 2103 3907 ut
2125 3846 2469 3926 Episcopus
2504 3845 2847 3922 instituerit,
2871 3845 3106 3908 faciant.
3141 3845 3299 3906 Ideo-

671 3975 875 4020 autem
925 3976 1286 4019 mensuram
1336 3955 1772 4016 Sacerdotibus
1819 3955 1896 4014 de
1944 3953 2356 4034 eleemosynis
2402 3952 2770 4033 recipiendis
2820 3952 2897 4013 ad
2946 3972 3109 4033 opus
3142 3971 3285 4034 pro-

672 4069 880 4150 prium
916 4067 1193 4141 fecimuS,
1229 4065 1374 4144 quia
1413 4064 1595 4125 nimis
1627 4083 1808 4142 grave
1846 4063 2099 4144 pondus
2131 4060 2611 4121 existimavimus
2645 4060 2731 4120 eis
2763 4080 2914 4138 esse,
2953 4060 3002 4120 si
3034 4076 3158 4120 tam
3191 4059 3284 4119 in-

669 4174 869 4254 gentia
918 4192 1108 4233 onera
1157 4173 1550 4253 peccantium
1585 4170 1732 4231 solis
1764 4169 1883 4230 illis
1915 4168 2348 4229 Sacerdotibus
2380 4168 2762 4247 contingeret
2797 4183 3054 4248 portare.
3118 4165 3281 4240 Quia

671 4281 905 4341 facilius
939 4281 1052 4340 Dei
1099 4281 1581 4342 misericordiam
1630 4280 1836 4361 plures
1884 4279 2213 4360 impetrant
2258 4298 2370 4359 pro
2404 4277 2846 4358 peccatoribus,
2880 4296 3069 4356 quam
3106 4295 3298 4352 unuS,.

671 4387 955 4468 quamvis
1003 4386 1338 4462 studiosus,
1386 4402 1443 4447 et
1491 4385 1926 4466 unusquisque
1969 4386 2043 4446 de
2080 4385 2321 4466 propria
2356 4384 2728 4445 conscientia
2763 4385 2944 4444 debet
2978 4398 3280 4448 metuere:

670 4511 907 4576 quanto
955 4494 1149 4572 magis
1196 4494 1271 4553 de
1316 4494 1531 4554 alienis
1579 4493 1841 4575 peccatis
1876 4512 2006 4554 non
2039 4493 2221 4553 debet
2254 4491 2303 4551 si
2335 4511 2520 4571 supra
2552 4491 2711 4552 vires
2743 4489 3043 4551 sarcinam
3075 4508 3288 4570 pecca-

668 4619 874 4663 torum
909 4600 1248 4662 cumulare.

883 4711 1012 4772 Has
1058 4710 1483 4789 eleemosynas
1514 4708 2028 4779 ArchidiaconuS,
2074 4720 2180 4767 aut
2215 4704 2604 4766 Primicerius
2650 4703 2961 4784 reipieant,
2992 4718 3050 4763 et
3083 4702 3144 4762 in
3179 4721 3284 4761 ne-

670 4821 1047 4882 cessitatibus
1102 4819 1405 4894 Fratrum,
1458 4831 1524 4874 ut
1576 4816 1662 4875 eis
1712 4835 1872 4895 opus
1924 4814 2134 4888 fuerit,
2199 4831 2256 4873 et
2305 4812 2649 4893 Episcopus
2701 4810 3072 4886 judicaverit,
3129 4809 3297 4891 ipsas-

671 4932 1050 5010 expendant:
1088 4943 1147 4988 et
1179 4928 1227 4988 si
1262 4926 1494 5006 aliquid
1527 4924 1748 4985 exinde
1782 4923 2169 5024 superfuerit,
2201 4922 2264 4981 in
2288 4920 2578 4984 vestiariis
2613 4921 2897 4981 Fratrum
2932 4918 3299 4979 recondant..
3327 4967 3332 4972 .
