3684 5416
304 1527 361 1560 to

303 2064 357 2107 ¹5

298 2597 362 2630 20

1073 359 1337 414 Potestas
1378 356 1755 413 ecclesiastica
1796 371 1851 412 et
1889 356 2195 429 imperium
2235 357 2412 412 civile.
2947 374 3045 428 ¹¹9

424 539 685 616 ἐπέχειν
702 538 912 602 αὑτὸν
932 542 1054 602 τοῦ
1075 540 1535 602 ἀποστολικοῦ
1559 536 1709 602 Ῥώ-

421 664 552 726 μης
582 644 846 720 θρόνου
876 646 1054 708 κατὰ
1072 647 1157 709 τὰ
1178 645 1547 724 ὁρισθέντα
1568 645 1709 708 ἀπὸ

420 753 547 815 τοῦ
579 750 780 832 ἁγίου
811 752 1001 815 πάπα
1032 753 1343 833 Βιγιλίου.

515 862 613 923 lv.
682 858 820 922 Καὶ
871 858 990 922 τὸν
1039 860 1278 942 ὅμοιον
1327 860 1586 939 τρόπον
1631 860 1710 923 τὸ
1857 862 1955 924 IV.
2008 861 2203 924 Simili
2242 882 2498 943 quoque
2531 863 2725 924 modo
2756 862 2851 923 ius
2884 881 3046 944 pon-

420 962 691 1027 ὃίκαιον
719 968 837 1044 τῆς
857 964 1388 1045 ἀρχιερωσύνης,
1424 968 1599 1046 ὅπερ
1619 969 1710 1050 τῷ
1765 969 1963 1040 filicis,
1996 971 2169 1050 quod
2191 970 2485 1051 episcopo
2506 969 2873 1031 Iustinianae
2894 971 3046 1032 Car-

421 1071 767 1155 ἐπισκόπῳ
817 1073 1297 1153 Ἰουστινιανῆς
1351 1075 1708 1155 Καρχηδό-
1766 1077 2052 1156 thaginis,
2107 1076 2425 1138 Africanae
2474 1076 2726 1138 civitatis
2759 1076 3046 1138 dedimus

419 1199 546 1256 νος
575 1182 696 1258 τῆς
727 1181 1061 1261 Ἀφρικῆς
1080 1180 1483 1259 διοικήσεως
1504 1181 1710 1245 babeb-
1767 1204 1839 1245 ex
1873 1204 2003 1265 quo
2036 1185 2189 1246 deus
2224 1185 2382 1245 hanc
2414 1184 2593 1245 nobis
2613 1182 2888 1259 restituit,
2919 1202 3045 1243 ser-

419 1306 638 1367 καμεν
670 1287 744 1361 ἐξ
775 1285 991 1366 οὗπερ
1024 1287 1065 1350 ὁ
1098 1287 1266 1365 θεὸς
1287 1287 1538 1366 ταύτην
1559 1289 1709 1371 ἡμῖν
1765 1292 1890 1351 vari
1922 1291 2228 1354 iubemus.
2264 1291 2386 1353 Sed
2420 1307 2477 1352 et
2508 1291 2660 1353 aliae
2692 1290 2957 1352 civitates
2988 1305 3047 1351 et

423 1395 960 1473 ἀποκατέστησε,
996 1395 1453 1477 φυλάττεσθαι
1483 1395 1706 1459 κελεύ-
1766 1398 1988 1460 harum
2039 1396 2329 1479 episcopi,
2381 1398 2611 1477 quibus
2666 1397 2730 1458 in
2792 1396 3047 1458 diversis

421 1521 609 1584 ομεν.
641 1501 757 1563 καὶ
790 1500 857 1563 αἱ
891 1502 1090 1564 ἄλλαι
1123 1499 1205 1563 δὲ
1234 1501 1467 1580 πόλεις
1496 1503 1607 1565 καὶ
1642 1502 1707 1564 οἱ
1762 1505 1915 1567 locis
1937 1504 2417 1586 metropolicum
2437 1504 2531 1566 ius
2552 1505 2907 1586 praestitum
2930 1519 3041 1578 est,

420 1605 681 1669 τούτων
713 1607 1082 1681 ἐπίσκοποι,
1117 1606 1222 1686 οἷς
1243 1611 1318 1670 ἐν
1338 1608 1706 1691 διαφόροις
1763 1614 2126 1675 huiusmodi
2179 1613 2501 1694 privilegio
2553 1613 2615 1674 in
2670 1627 3039 1695 perpetuum

420 1712 659 1791 τόποις
690 1714 1242 1794 μητροπολιτικὸν
1261 1713 1525 1777 δίκαιον
1542 1735 1706 1794 παρ·
1764 1720 2094 1801 potiantur.
2158 1718 2386 1781 Omnia
2436 1717 2682 1799 [autem]
2734 1718 3045 1801 privilegia

423 1821 697 1900 εσχὲθη,
732 1823 852 1883 τοῦ
884 1819 1196 1884 τοιούτου
1216 1821 1589 1905 προνομίου
1610 1823 1707 1899 εἰς
1763 1827 1858 1887 vel
1906 1826 2147 1906 solacia,
2197 1846 2357 1906 quae
2400 1846 2469 1887 ex
2502 1826 2800 1907 imperiali
2838 1825 3042 1887 muni-

421 1925 503 1988 τὸ
537 1925 846 2006 διηνεκὲς
878 1928 1433 1991 ἀπολαυέτωσαν.
1487 1929 1708 1992 πάντα
1764 1932 2006 1995 licentia
2039 1949 2145 1995 aut
2176 1934 2357 1995 etiam
2393 1934 2513 1998 alio
2547 1933 2827 2014 quolibet
2849 1932 3041 1994 modo

422 2030 507 2095 δὲ
526 2034 611 2095 τὰ
630 2033 966 2117 προνόμια
982 2035 1095 2098 καὶ
1113 2036 1236 2113 τὰς
1250 2035 1706 2118 παραμυθίας,
1762 2039 1983 2102 sanctis
2015 2039 2284 2101 ecclesiis
2317 2055 2422 2101 aut
2442 2039 2576 2100 aliis
2597 2038 3045 2100 venerabilibus

423 2141 603 2218 ἅπερ
637 2141 714 2204 ἐκ
750 2143 1099 2225 βασιλικῆς
1131 2142 1506 2225 φιλοτιμίας
1535 2143 1574 2222 ἢ
1595 2142 1706 2205 καὶ
1763 2148 1915 2209 locis
1950 2148 2165 2210 collata
2200 2163 2366 2221 sunt,
2398 2146 2571 2207 firme
2594 2146 2681 2206 eis
2703 2165 2812 2226 per
2832 2147 3045 2207 omnia

419 2247 578 2308 καθ’
604 2247 844 2327 ἕτερον
863 2248 1098 2328 οἱονδή
1106 2270 1268 2312 ποτε
1287 2249 1543 2328 τρόπον
1561 2254 1708 2327 ταῖς
1765 2269 2227 2318 conserventur.

423 2351 654 2431 ἁγίαις
686 2355 1073 2434 ἐκκλησίαις
1107 2356 1145 2436 ἢ
1179 2356 1440 2436 ἑτέροις
1460 2358 1706 2441 σεβασ-

423 2459 598 2540 μίοις
647 2460 879 2540 τόποις
936 2465 1359 2542 παρεσχέθη,
1415 2463 1711 2548 βεβαίως

423 2568 660 2644 αὐτοῖς
691 2566 807 2630 διὰ
837 2570 1103 2631 πάντων
1135 2570 1615 2650 φυλάττεσθαι.

1178 2944 1272 3001 84.
1327 2943 1789 3001 ΑΝΑΒΤΑδΙΰΒ
1829 2945 1895 3000 11
1935 2943 2299 3014 (wo-498).

640 3088 671 3119 ⁴⁸
708 3087 760 3142 Τ
777 3087 846 3142 hi
863 3088 926 3141 el
945 3129 958 3151 ‚
999 3090 1090 3160 Ep.
1117 3091 1272 3143 Rom.
1301 3090 1453 3143 Pont.
1494 3089 1532 3159 l,
1558 3090 1679 3161 623.
1720 3088 1773 3142 H
1789 3105 1821 3142 a
1840 3106 1876 3142 u
1894 3104 1925 3142 c
1942 3087 1979 3142 k
1998 3128 2010 3149 ‚
2040 3086 2592 3157 Kirchengeschichte
2616 3084 3038 3139 Deutscklands.

421 3170 463 3223 1.
492 3186 545 3240 p.
581 3170 692 3241 156.
733 3169 763 3223 J
780 3187 816 3223 u
836 3187 871 3223 n
890 3169 980 3240 gh
999 3187 1028 3223 a
1049 3187 1084 3224 n
1101 3188 1127 3224 s
1148 3210 1160 3231 ‚
1199 3171 1438 3224 Histoire
1474 3172 1704 3239 critique
1741 3170 1838 3223 des
1879 3171 2077 3237 regnes
2113 3169 2181 3222 de
2207 3167 2515 3222 Clzilderich
2552 3172 2609 3221 et
2628 3168 2696 3220 de
2723 3165 3036 3231 Clodovech,

421 3249 570 3304 trad.
599 3250 652 3304 M
674 3267 709 3305 o
729 3268 764 3305 n
783 3268 819 3306 o
841 3252 874 3303 d
916 3249 996 3319 (in
1034 3251 1402 3321 Bablmtheque
1436 3252 1504 3304 de
1539 3239 1751 3305 I'E‘cole
1787 3251 1884 3303 des
1920 3250 2112 3303 hautes
2149 3250 2355 3316 audes,
2396 3248 2530 3301 fasc.
2558 3252 2666 3320 37).
2731 3248 2844 3301 Mo
2862 3264 2900 3301 n
2918 3263 2954 3300 o
2972 3244 3007 3297 d
3027 3287 3038 3309 ‚

316 3347 373 3391 25
418 3317 625 3384 lz‘tudes
662 3334 924 3400 critiques
962 3348 1062 3385 sur
1099 3334 1176 3384 les
1214 3348 1437 3384 sources
1473 3332 1540 3384 de
1575 3333 1614 3384 l’
1629 3330 1852 3384 histoire
1892 3332 2320 3399 merovingienne
2357 3328 2514 3393 (Ibid.
2541 3326 2677 3381 fasc.
2704 3326 2781 3385 8).
2837 3325 2967 3381 Gla
2985 3342 3040 3378 s-

296 3757 360 3801 30

300 4326 360 4371 '35

420 3426 590 3470 son,
629 3411 869 3465 Histoire
903 3412 977 3464 du
1014 3412 1165 3464 droit
1194 3416 1252 3464 et
1282 3412 1377 3463 des
1413 3412 1741 3464 institutions
1778 3411 1844 3462 de
1869 3412 1926 3463 la
1952 3410 2175 3466 France.
2216 3406 2372 3461 Paris
2410 3407 2541 3479 1887
2565 3423 2684 3479 seq.
2712 3407 2749 3460 1.
2780 3407 2962 3477 Chap.
3001 3425 3042 3459 ι.

420 3490 461 3558 ἓ
496 3506 572 3559 ¹5·
624 3489 717 3544 Fu
737 3489 884 3544 stel
925 3489 1008 3543 de
1050 3490 1096 3543 C
1116 3506 1152 3544 o
1172 3490 1344 3543 ulan
1364 3506 1521 3559 ges,
1563 3490 1803 3544 Histoire
1840 3490 1937 3542 des
1972 3491 2299 3543 instituimus
2321 3489 2602 3558 politiques
2627 3489 2693 3541 de
2727 3490 3045 3541 l'ancienne

420 3571 649 3626 France.
689 3570 845 3626 Pari÷
883 3570 1017 3644 1887
1043 3588 1179 3643 seq„
1206 3570 1337 3626 Vol.
1367 3571 1453 3624 111.
1483 3572 1662 3642 Chap.
1700 3588 1776 3640 15.
1845 3572 1894 3624 D
1914 3577 1949 3625 u
1969 3570 2240 3629 mmler,
2293 3568 2621 3622 Gescht'chte
2656 3570 2753 3622 des
2791 3571 3040 3629 ostfrdn·

420 3652 638 3705 kischen
664 3651 905 3707 Reiches.
959 3650 1188 3722 Leipzig
1225 3652 1370 3723 1887.
1413 3652 1451 3705 1.
1493 3668 1545 3723 p.
1590 3669 1617 3723 5
1665 3668 1783 3723 seq.
1828 3651 2066 3722 Weyl‚
2105 3654 2225 3705 Das
2245 3651 2447 3721 frdnle.
2476 3648 3049 3702 Staatskirchenrecltt

422 3749 528 3803 zur
552 3735 669 3787 Zeit
700 3734 801 3788 der
826 3734 1042 3787 Merow.
1084 3733 1157 3801 ἐξ
1194 3751 1342 3787 1-2.
1396 3733 1442 3787 L
1460 3750 1495 3786 o
1517 3749 1548 3787 e
1567 3750 1602 3786 n
1619 3731 1636 3787 i
1653 3750 1690 3786 n
1708 3750 1743 3802 g
1762 3773 1774 3794 ‚
1803 3732 2133 3786 Gesclu'chte
2157 3731 2251 3784 des
2276 3729 2565 3783 deutschen
2594 3727 3042 3782 Kircltenrechts.

423 3812 488 3866 11.
518 3830 570 3884 p.
598 3811 632 3866 8
658 3829 777 3885 seq.
806 3812 930 3866 Wa
949 3812 963 3866 i
982 3826 1046 3867 tz
1065 3853 1079 3876 ‚
1117 3813 1390 3867 Deutsche
1427 3812 2125 3882 Vetfassungsgeschichte.
2154 3808 2343 3865 Berlin
2381 3807 2561 3876 ι8823ς
2593 3807 2711 3861 11.1.
2740 3823 2793 3877 p.
2821 3825 2887 3878 75
2916 3824 3036 3878 seq.

997 3948 1042 4002 E
1061 3946 1170 4019 pis
1188 3960 1224 4001 t.
1262 3948 1322 4001 11.
1349 3947 1592 4019 [Jaffd-
1614 3947 2014 4004 {Vauenbach
2042 3965 2091 4000 n.
2119 3962 2223 4017 745
2266 3946 2453 4016 (465)].

641 4079 1059 4141 Cludoeco
1110 4079 1590 4140 Anastasius
1641 4079 2087 4161 episcopus.
2137 4076 2207 4155 (a.
2240 4077 2409 4156 497.)

639 4186 878 4264 Tuum,
928 4185 1195 4265 gloriose
1245 4185 1348 4263 fili,
1399 4186 1460 4246 in
1495 4185 1841 4246 Christiana
1878 4185 1998 4246 fide
2031 4203 2175 4245 cum
2210 4183 2464 4244 exordio
2499 4199 2710 4244 nostro
2744 4183 2805 4244 in
2840 4184 3040 4266 ponti-

425 4294 610 4356 ficatu
663 4292 991 4373 contigisse
1039 4293 1442 4372 gratulamur.
1508 4291 1759 4374 Quippe
1810 4294 1986 4353 sedes
2021 4290 2181 4352 Petri
2227 4290 2289 4350 in
2334 4306 2499 4351 tanta
2545 4291 2866 4352 occasione
2914 4310 3042 4352 non

426 4416 628 4484 potest
661 4420 791 4462 non
824 4399 1050 4477 laetari,
1085 4419 1285 4480 quum
1320 4399 1764 4480 plenitudinem
1784 4399 2063 4478 gentium
2086 4398 2357 4458 intuetur
2376 4399 2452 4458 ad
2474 4417 2610 4458 earn
2631 4398 2823 4459 veloci
2846 4399 3042 4478 gradu

427 4526 816 4583 concurrere,
848 4522 906 4568 et
938 4526 1044 4588 per
1077 4522 1431 4587 temporum
1465 4506 1654 4588 spatia
1689 4506 1906 4589 repleri
1938 4523 2249 4582 sagenam,
2293 4524 2481 4584 quam
2513 4504 2576 4565 in
2611 4506 2803 4567 altum
2841 4504 3043 4581 jussus

427 4631 519 4676 est
566 4615 800 4675 mittere
846 4613 1012 4674 idem
1061 4613 1326 4694 piscator
1373 4613 1704 4674 hominum
1748 4629 1807 4674 et
1839 4612 2117 4674 coelestis
2148 4612 2485 4673 Jerusalem
2521 4614 2732 4673 beatus
2765 4611 3044 4692 claviger.

429 4723 625 4800 Quod
677 4722 983 4784 serenitati
1033 4739 1172 4782 tuae
1221 4720 1532 4781 insinuare
1582 4720 1897 4782 voluimus
1946 4739 2054 4801 per
2086 4719 2452 4780 Eumerium
2501 4721 2944 4800 presbyterum,
2978 4735 3043 4779 ut

299 4861 366 4900 40
429 4849 630 4913 quum
660 4828 966 4891 audiveris
1000 4828 1286 4890 laetitiam
1323 4827 1525 4909 patris,
1562 4846 1792 4889 crescas
1823 4827 1889 4888 in
1922 4826 2102 4888 bonis
2123 4825 2433 4907 operibuS,
2470 4825 2724 4906 impleas
2742 4825 3041 4905 gaudium

432 4954 735 5015 nostrum,
788 4952 847 4998 et
893 4936 977 4997 sis
1022 4954 1250 4998 corona
1300 4950 1527 5013 nostra,
1574 4935 1961 5014 gaudeatque
2008 4948 2201 4994 mater
2234 4931 2496 4993 Ecclesia
2544 4932 2620 4991 de
2667 4931 2813 4992 tanti
2862 4931 3040 5010 regiS,
