3684 5416
541 1560 592 1593 to

539 2272 585 2318 ι5

533 3341 584 3386 ²5

530 3876 584 3922 30

524 4409 578 4455 35

521 4946 579 4988 4ο

644 347 744 416 562
1178 357 1184 362 '
1690 333 1890 417 Legati
1927 347 2224 420 pontificii.

1208 423 1329 430 u—-
1372 423 3212 436 mmm——
3231 431 3264 437 .-

1007 563 1076 633 b)
1129 561 1551 634 Gregorius
1592 563 1720 635 lx.,
1759 562 1829 618 in
1869 581 1917 620 c.
1956 584 2006 637 9.
2048 565 2115 620 X.
2155 566 2223 619 de
2260 567 2452 636 officio
2488 567 2672 634 legati.
2713 564 2751 618 1.
2794 582 2878 638 30.

857 704 887 734 ‘
928 705 1089 778 Corp.
1118 708 1225 761 iur.
1252 723 1373 760 can.
1403 707 1490 764 ed.
1519 705 1682 761 Frie
1702 707 1737 760 d
1757 708 1956 779 berg.
1983 708 2159 763 Tom.
2186 708 2251 762 11.
2281 708 2390 764 col.
2428 709 2541 764 186.
2593 709 2637 763 Ρ
2657 725 2694 763 0
2713 711 2877 763 ttha
2896 720 2977 764 st.
3017 726 3072 764 n.
3097 725 3258 782 9500.

641 846 916 918 Legatus,
953 865 1073 903 non
1115 849 1188 904 de
1226 849 1404 904 latere
1429 850 1532 904 sed
1557 849 1780 906 ratione
1806 867 2110 921 personae,
2138 863 2297 906 extra
2324 851 2680 923 provinciam
2705 851 2812 907 sibi
2839 853 3133 908 decretam
3159 855 3258 908 ab-

641 925 866 982 solvere
905 927 1105 1000 nequit
1145 930 1682 987 excommunicatos
1722 947 1830 1002 pro
1871 929 2177 986 iniectione
2206 947 2484 988 manuum
2508 931 2566 986 in
2591 930 2850 1000 clericoS,
2875 949 2982 988 nec
3008 931 3179 990 etiam
3201 933 3261 989 in

642 1006 955 1078 provincia,
993 1008 1038 1063 si
1080 1009 1221 1065 tales
1249 1010 1733 1067 excommunicati
1760 1009 1989 1067 aliunde
2015 1010 2264 1067 veniant.
2317 1012 2570 1084 Legatus
2596 1029 2736 1069 vero
2763 1013 2986 1068 ratione
3015 1013 3259 1085 dignita-

907 1088 975 1145 tis
1003 1090 1192 1146 nullos
1220 1091 1361 1146 tales
1389 1091 1653 1147 absolvit.
1704 1092 1775 1146 H.
1805 1092 1859 1146 d.
1886 1093 2209 1148 secundum
2237 1110 2614 1148 communem
2638 1092 3010 1149 intellectum.

858 1220 1427 1282 Excommunicatis
1474 1241 1586 1303 pro
1618 1222 1951 1284 iniectione
1984 1242 2290 1285 manuum
2324 1221 2590 1285 violenta
2620 1223 2909 1286 ecclesiae
2942 1224 3259 1287 Romanae

641 1326 842 1406 legati,
874 1327 984 1407 qui
1016 1328 1091 1389 de
1126 1328 1319 1408 ipsius
1350 1328 1536 1390 latere
1567 1349 1695 1390 non
1729 1328 2076 1409 mittuntur,
2110 1345 2276 1392 extra
2297 1330 2683 1412 provinciam
2701 1331 2816 1392 sibi
2838 1330 3257 1410 commissam,

641 1433 739 1493 vel
771 1433 1021 1512 ibidem,
1068 1434 1117 1495 si
1165 1434 1529 1496 huiusmodi
1569 1455 1876 1498 manuum
1911 1437 2244 1498 iniectores
2276 1437 2421 1499 illuc
2454 1438 2774 1517 contingat
2805 1437 3057 1499 aliunde
3090 1457 3258 1500 acce-

644 1541 810 1619 dere,
859 1556 916 1601 et
961 1541 1070 1621 qui
1120 1541 1516 1604 ecclesiarum
1564 1561 1817 1604 suarum
1866 1557 2178 1624 praetextu
2214 1543 2628 1624 legationibus
2659 1544 2774 1606 sibi
2806 1543 3134 1606 vendicant
3164 1545 3257 1606 di-

642 1645 959 1726 gnitatem,
1006 1648 1189 1709 etiam
1233 1649 1509 1728 subditis,
1556 1650 1839 1731 quamvis
1886 1650 1950 1712 in
1980 1651 2299 1732 provincia
2331 1671 2441 1713 sua
2473 1651 2853 1730 exsistentes,
2889 1652 3256 1714 beneficium

643 1749 1052 1815 absolutionis
1096 1755 1390 1836 impertiri
1443 1774 1575 1817 000
1622 1770 1903 1837 possunt,
1955 1755 2070 1817 nisi
2117 1758 2192 1819 de
2226 1757 2473 1837 speciali
2504 1757 2693 1838 gratia
2727 1757 2847 1820 illis
2880 1774 2938 1820 et
2967 1759 3097 1821 istis
3128 1777 3257 1819 am-

644 1859 805 1944 plius
838 1880 870 1920 a
903 1862 1046 1922 sede
1077 1862 1410 1944 apostolica
1444 1864 1838 1926 concedatur.

1316 2107 1445 2163 219.
1483 2107 1873 2163 ,1001111108
1910 2107 2118 2163 xxu.
2158 2107 2593 2179 (lale-1884).

795 2249 1183 2304 ,lohannes
1224 2250 1405 2304 XXII
1443 2248 1513 2304 in
1551 2252 1767 2305 Extrav.
1811 2251 2153 2305 Communes,
2195 2269 2242 2305 c.
2282 2268 2376 2305 un.
2417 2253 2485 2304 de
2520 2254 2923 2306 consue-maline.
2963 2251 3002 2306 1.
3051 2269 3094 2305 1.

854 2392 884 2422 ⁶
923 2393 1083 2464 Corp.
1122 2396 1228 2447 iur.
1266 2410 1385 2451 can.
1426 2393 1514 2446 ed.
1552 2392 1916 2448 Friedber
1931 2410 1985 2465 g.
2025 2393 2198 2448 Tom.
2238 2394 2300 2448 11.
2340 2394 2448 2450 col.
2486 2412 2630 2466 ¹237·

642 2520 1024 2576 Consuetudo
1065 2519 1403 2592 impedienS,
1444 2538 1515 2575 ne
1554 2520 1728 2593 legati
1768 2521 1919 2576 sedis
1947 2521 2300 2592 apostolicae
2329 2519 2691 2591 recipiantur,
2722 2535 2842 2574 non
2869 2517 3037 2582 valet,
3065 2529 3140 2583 et,
3165 2516 3259 2572 illa

640 2617 761 2656 non
807 2601 1093 2668 obstante,
1137 2599 1309 2673 legati
1353 2600 1459 2672 ipsi
1503 2614 1638 2656 sunt
1677 2602 1749 2655 ab
1789 2601 2057 2657 omnibus
2100 2600 2429 2673 recipiendi,
2471 2612 2528 2655 et
2566 2617 2669 2655 eos
2709 2598 3089 2671 impedientes
3132 2599 3256 2669 ipso

640 2679 797 2738 facto
836 2681 1499 2739 excommunicationem
1539 2679 1854 2749 incurrunt,
1894 2695 1949 2738 et
1988 2700 2194 2739 eorum
2234 2695 2417 2739 terrae
2455 2679 2843 2738 ecclesiastico
2885 2679 3260 2737 subiiciuntur

1787 2765 2112 2820 interdicto,

854 2877 1052 2957 Super
1082 2892 1297 2957 gentes
1329 2894 1388 2939 et
1420 2897 1610 2957 regna
1633 2878 1957 2939 Romanus
1976 2876 2260 2940 Pontifex
2279 2897 2313 2937 a
2340 2876 2614 2938 Domino
2634 2875 3027 2953 constitutus,
3059 2892 3257 2956 quum

642 2983 1043 3066 personaliter
1091 2984 1363 3063 singulas
1407 2983 1698 3063 regiones
1748 2984 2002 3047 circuire
2055 3003 2187 3046 non
2233 2985 2441 3066 possit,
2492 3003 2608 3045 nec
2655 2984 2810 3045 circa
2856 3001 3111 3064 gregem
3142 2979 3257 3043 sibi

641 3093 945 3154 creditum
994 3113 1204 3155 curam
1257 3095 1571 3175 pastoralis
1620 3096 2055 3157 sollicitudinis
2087 3115 2396 3157 exercere:
2448 3113 2696 3156 necesse
2729 3093 2915 3154 habet
2945 3092 3254 3153 interdum

641 3220 715 3262 ex
760 3198 967 3277 debito
1007 3200 1333 3282 impositae
1363 3202 1689 3281 servitutiS,
1722 3222 1872 3265 suos
1903 3203 1980 3263 ad
2013 3203 2284 3263 diversas
2315 3201 2538 3263 mundi
2572 3216 2794 3282 partes,
2826 3212 3015 3281 prout
3045 3215 3255 3259 neces-

640 3307 842 3369 sitates
875 3308 1247 3385 emerserint,
1279 3307 1584 3371 destinare
1617 3310 1871 3390 legatos,
1891 3311 2000 3391 qui
2033 3311 2195 3371 vices
2228 3307 2422 3390 ipsius
2452 3307 2808 3388 supplendo
2840 3319 3033 3367 errata
3065 3303 3254 3365 corri-

638 3431 807 3497 gant,
859 3435 1071 3496 aspera
1122 3416 1188 3477 in
1235 3416 1417 3498 plana
1464 3434 1845 3495 convertant,
1893 3432 1952 3478 et
1997 3416 2345 3479 commissis
2390 3414 2505 3476 sibi
2539 3415 2789 3496 populis
2820 3409 3031 3474 salutis
3061 3411 3256 3472 incre-

639 3538 846 3585 menta
893 3523 1251 3586 ministrent.
1314 3525 1762 3586 Verumtamen
1809 3526 2017 3606 aliqui,
2063 3523 2427 3586 huiusmodi
2473 3522 2754 3586 officium
2800 3537 2858 3583 et
2893 3533 3254 3601 potestatem

636 3629 829 3710 ipsius
863 3630 1132 3691 Romani
1166 3629 1499 3710 Pontificis,
1533 3648 1723 3711 quam
1757 3652 1886 3693 non
1917 3633 1994 3692 ab
2027 3630 2303 3708 homine,
2334 3631 2443 3691 sed
2476 3650 2510 3690 a
2542 3630 2681 3690 Deo
2712 3628 2957 3709 recepit,
2988 3628 3107 3688 sub
3136 3645 3254 3687 suo

637 3735 886 3799 arbitrio
931 3738 1208 3821 redigere
1254 3738 1598 3816 molientes,
1643 3740 1880 3819 legatos
1924 3739 2109 3821 ipsos,
2159 3738 2274 3800 nisi
2319 3740 2395 3799 ab
2443 3737 2529 3799 eis
2564 3736 2733 3818 petiti
2767 3735 3007 3812 fuerint,
3043 3734 3137 3795 vel
3173 3733 3249 3794 de

636 3845 1019 3927 beneplacito
1052 3864 1271 3907 eorum
1301 3847 1662 3924 transmissi,
1692 3846 1804 3908 sibi
1837 3862 2025 3909 terras
2055 3846 2377 3923 subiectas,
2413 3845 2705 3921 dicentes,
2742 3837 2863 3903 hoc
2895 3841 2983 3902 eis
3005 3841 3081 3901 de
3102 3859 3251 3902 con·

636 3952 967 4014 suetudine
1013 3967 1383 4034 competere,
1430 3954 1668 4033 ingredi
1717 3973 1848 4015 non
1897 3955 2279 4036 permittunt.
2341 3954 2494 4027 Nos,
2524 3948 2891 4013 huiusmodi
2923 3962 3254 4009 consuetu-

637 4061 847 4123 dinem
893 4081 1026 4124 000
1077 4076 1202 4123 tam
1254 4061 1751 4140 irrationabilem,
1784 4082 1976 4142 quam
2009 4079 2477 4143 nonnunquam
2509 4059 2858 4120 animarum
2889 4054 3072 4116 saluti
3103 4073 3252 4116 con·

633 4169 877 4229 trariam
923 4168 1473 4252 detrahentemque
1522 4169 1892 4251 apostolicae
1933 4169 2213 4251 potestati
2247 4168 2605 4230 auctoritate
2638 4163 2973 4247 apostolica
3006 4162 3251 4246 penitus

632 4277 1050 4355 reprobanteS,
1084 4277 1317 4351 legatos
1348 4277 1515 4360 ipsos
1548 4277 1625 4339 ad
1657 4277 1970 4354 omuibuS,
2003 4277 2435 4357 cuiuscunque
2468 4272 3006 4357 praeeminentiae,
3035 4270 3247 4333 condi-

633 4380 820 4442 tionis
866 4396 969 4442 aut
1014 4397 1204 4443 status
1247 4382 1490 4462 fuerint,
1538 4384 1759 4446 debere
1792 4383 2030 4445 admitti
2065 4383 2477 4459 decernimus,
2509 4401 2624 4443 nec
2657 4400 2764 4442 eos
2798 4394 3112 4461 praetextu
3145 4396 3252 4437 cu·

634 4487 820 4551 iusvis
851 4490 1318 4551 consuetudinis
1351 4490 1633 4571 impediri
1655 4510 1835 4572 posse
1857 4512 1889 4551 a
1912 4510 2254 4571 quoquam,
2275 4490 2634 4552 Christiano
2656 4489 2911 4551 nomine
2930 4488 3248 4569 gloriante,

631 4616 763 4675 quo
808 4595 1019 4658 minus
1069 4615 1276 4675 regna,
1325 4596 1670 4678 provincias
1720 4614 1779 4659 et
1827 4613 2015 4660 terras
2066 4598 2390 4679 quaslibet,
2438 4599 2515 4660 ad
2566 4618 2725 4679 quae
2758 4597 2928 4678 ipsos
2961 4594 3249 4657 destinari

632 4704 976 4786 contigerit,
1022 4704 1445 4785 ingrediantur
1490 4706 1698 4785 iibere,
1746 4725 1815 4768 ac
1861 4707 2229 4770 commissae
2262 4708 2377 4768 sibi
2411 4706 2735 4787 legationis
2768 4704 3053 4768 officium
3083 4721 3248 4766 exer·

633 4826 810 4874 ceant
859 4812 925 4875 in
976 4812 1227 4874 eisdem.
1290 4811 1419 4887 Qui
1471 4832 1618 4874 vero
1671 4815 1747 4874 de
1799 4830 2001 4875 cetero
2051 4832 2237 4896 super
2282 4813 2601 4894 praedictis
2648 4813 2843 4874 dictos
2874 4812 3116 4893 legatos
3148 4822 3253 4871 aut

633 4918 817 4982 etiam
849 4921 1136 5001 nuncios,
1170 4940 1333 5001 quos
1364 4921 1442 4982 ad
1475 4939 1885 5002 quascunque
1918 4937 2118 5002 partes
2150 4940 2264 5002 pro
2298 4919 2497 4982 causis
2518 4920 2898 5002 quibuslibet
2915 4920 3095 4980 sedes
3127 4916 3254 5000 ipsa
