3684 5416
532 1539 582 1571 to

535 2110 580 2152 ¹5

531 2705 586 2738 20

533 3260 583 3303 25

536 3793 590 3838 30

630 365 740 431 604
1810 365 2070 434 Capituli.

634 547 915 609 canonici
948 563 1095 609 tunc
1129 549 1453 625 habebant,
1501 549 1609 609 sed
1643 548 1703 609 in
1737 549 1821 610 eis
1856 549 2197 628 dignitateS,
2248 565 2630 631 personatuS,
2663 550 3062 630 praebendas,
3093 568 3240 631 por-

633 653 833 714 tiones
878 652 971 713 vel
1020 655 1131 715 alia
1157 654 1473 733 beneficia,
1522 675 1680 735 quae
1715 657 1944 717 dantur
1975 673 2219 719 tantum
2252 657 2675 718 exsistentibus
2711 659 2785 717 de
2820 676 3102 734 numer0‚
3137 677 3244 717 ex·-

634 763 1007 841 spectabant,
1061 762 1569 824 constitutionem
1625 764 1955 844 praefatam
2010 765 2221 826 locum
2273 766 2520 841 habere,
2585 763 2818 824 ratione
2883 762 3241 823 huiusmodi

634 866 1100 947 exspectationis
1146 869 1408 929 dubium
1457 888 1588 931 non
1635 870 1876 933 exsistit.
1941 871 2099 933 Sane
2147 872 2208 932 in
2255 872 2346 947 iis,
2394 871 2499 951 qui
2549 889 2734 951 super
2766 869 3250 941 canonicatibus,

637 975 1000 1055 praebendis
1050 992 1107 1036 et
1158 976 1573 1057 dignitatibuS,
1629 977 2087 1058 parochialibus
2138 979 2230 1038 vel
2284 978 2413 1038 aliis
2464 977 2733 1038 ecclesiis
2776 998 2885 1037 seu
2933 975 3247 1038 beneficiis

634 1083 1117 1163 quibuscunque
1150 1106 1182 1145 a
1218 1085 1393 1145 dictis
1426 1084 2001 1165 praedecessoribus
2029 1084 2248 1144 nostris
2270 1084 2468 1145 literas
2489 1084 2990 1165 impetraverunt,
3012 1084 3250 1145 etiamsi

636 1205 744 1266 per
777 1205 1160 1249 exsecutores
1205 1189 1458 1250 illorum
1503 1189 1691 1249 factae
1727 1189 1952 1250 fuerint
2001 1190 2458 1265 reservationes,
2493 1190 2715 1250 decreti
2750 1188 3254 1270 interpositiones

634 1295 911 1375 variique
944 1317 1288 1378 processus,
1323 1313 1399 1375 et,
1434 1298 1671 1358 etiamsi
1705 1298 1919 1358 eadem
1957 1297 2256 1358 beneficia
2287 1312 2437 1358 tunc
2470 1300 2782 1374 vacabant,
2818 1313 2877 1359 et
2907 1317 3016 1379 per
3046 1299 3245 1379 impe-

635 1419 858 1463 trantes
893 1404 1149 1484 petitum
1184 1404 1380 1465 fuerat
1411 1407 1485 1464 ab
1520 1406 1996 1481 exsecutoribus,
2033 1406 2203 1484 quod
2237 1404 2323 1464 eis
2355 1405 2452 1465 illa
2485 1406 2850 1483 conferrent,
2881 1427 3007 1467 non
3039 1423 3252 1468 tamen

637 1509 915 1590 ipsorum
950 1512 1395 1573 beneficiorum
1429 1513 1777 1573 vacantium
1811 1513 2174 1574 collationes
2206 1529 2356 1574 tunc
2387 1514 2678 1593 temporis
2711 1531 2880 1575 erant
2912 1514 3121 1591 factae,
3158 1515 3254 1574 lo-

636 1634 781 1676 cum
834 1616 1015 1678 habet
1068 1618 1423 1679 constitutio
1475 1638 1659 1699 supra
1713 1619 1888 1697 dicta,
1943 1635 2010 1680 ut
2049 1639 2268 1680 omnes
2301 1619 2661 1680 huiusmodi
2693 1621 2939 1698 gratiae,
2975 1640 3247 1701 quarum

637 1722 872 1783 ratione
905 1739 1052 1785 tunc
1086 1744 1217 1785 non
1251 1742 1375 1786 erat
1408 1727 1484 1786 ad
1519 1726 1916 1787 collationem
1952 1746 2335 1807 processum,
2385 1743 2441 1788 et
2472 1728 2557 1787 sic
2590 1747 2698 1808 per
2729 1746 3120 1808 consequens
3156 1729 3255 1789 ius

636 1827 700 1888 in
735 1850 797 1890 re
836 1850 964 1891 non
1013 1832 1209 1893 fuerat
1253 1833 1398 1914 ipsis
1447 1834 1916 1913 impetrantibus
1965 1834 2350 1914 acquisitum,
2401 1834 2814 1913 intelligantur
2857 1835 3102 1915 penitus
3150 1855 3244 1895 re-

636 1952 900 1998 vocatae.

1114 2095 1243 2150 248.
1296 2096 1712 2150 CONCILIUM
1753 2096 2316 2151 TRIDENTINUM.
2354 2097 2784 2166 (1545—1563).

1435 2238 1628 2294 Sess.
1669 2239 1913 2293 XXIV.
1952 2241 2018 2292 de
2057 2241 2467 2309 reformatione.

852 2382 881 2410 ⁶
937 2383 1186 2434 Curiones
1238 2389 1294 2435 et
1343 2385 1576 2435 Decreta
1633 2384 1874 2436 Concilt'i
1915 2384 2235 2435 Trsdvutitti.
2290 2382 2377 2435 ed.
2433 2382 2472 2435 S
2493 2399 2523 2436 c
2541 2382 2577 2435 h
2594 2381 2662 2435 ul
2685 2394 2705 2435 t
2722 2398 2753 2435 e
2774 2414 2796 2423 ·
2816 2382 2861 2435 R
2878 2381 2893 2436 i
2911 2400 2941 2436 c
2959 2383 2996 2437 h
3014 2395 3035 2436 t
3052 2400 3083 2436 e
3100 2401 3141 2436 r.
3202 2402 3255 2454 p.

641 2463 938 2536 348—343).
990 2464 1030 2518 S
1051 2480 1079 2517 c
1098 2463 1133 2516 h
1151 2480 1186 2516 n
1204 2462 1445 2532 eider,
1482 2465 1589 2516 Die
1625 2464 1862 2531 bischojsl.
1903 2465 2266 2533 Domkapitel.
2306 2479 2358 2533 p.
2407 2462 2700 2519 162-166.

736 2589 948 2658 Quales
977 2606 1101 2643 esse
1130 2589 1378 2642 debeant
1406 2586 1791 2659 promovendi
1820 2587 1894 2640 ad
1922 2586 2227 2656 dignitates
2257 2600 2312 2640 et
2341 2585 2716 2640 canonicatus
2744 2586 3157 2642 cathedralium

1166 2669 1554 2740 ecclesiarum,
1582 2667 1791 2740 quidve
1818 2666 2076 2740 promoti
2103 2679 2391 2740 praestare
2418 2679 2737 2722 teneantur.

853 2803 926 2862 C.
950 2801 1078 2863 ΧΠ.
1115 2800 1336 2876 Quum
1358 2801 1681 2880 dignitates
1714 2800 1773 2860 in
1807 2799 2091 2870 ecclesiis,
2112 2800 2467 2880 praesertim
2489 2798 2956 2876 cathedralibus,
2990 2800 3064 2859 ad
3100 2818 3256 2860 con-

642 2909 1002 2969 servandam
1035 2910 1511 2987 augendamque
1533 2907 1997 2968 ecclesiasticam
2022 2907 2404 2987 disciplinam
2429 2906 2654 2966 fuerint
2687 2905 3014 2982 institutae,
3047 2922 3114 2966 ut
3145 2907 3260 2987 qui

642 3037 743 3077 eas
776 3016 1124 3075 obtinerent
1157 3015 1376 3095 pietate
1409 3014 1860 3095 praecellerent,
1881 3015 2138 3094 aliisque
2159 3013 2443 3093 exemplo
2477 3029 2678 3073 essent
2710 3030 2893 3093 atque
2925 3013 3259 3094 episcopos

643 3144 828 3205 opera
876 3139 933 3183 et
980 3122 1185 3182 officio
1220 3123 1519 3199 iuvarent,
1557 3122 1774 3182 merito
1808 3122 1915 3201 qui
1948 3123 2022 3181 ad
2057 3142 2157 3181 eas
2192 3136 2488 3180 vocantur
2520 3117 2668 3180 tales
2702 3140 2833 3180 esse
2866 3120 3113 3196 debent,
3145 3121 3258 3201 qui

642 3253 759 3293 suo
806 3230 1047 3291 muneri
1095 3229 1471 3309 respondere
1504 3230 1755 3309 possint.
1822 3229 2027 3288 Nemo
2062 3228 2248 3306 igitur
2281 3228 2571 3306 deinceps
2603 3228 2678 3287 ad
2715 3226 3036 3304 dignitates
3068 3248 3259 3307 quas-

641 3358 910 3417 cunque,
946 3336 1172 3417 quibus
1206 3336 1556 3397 animarum
1591 3356 1735 3396 cura
1768 3338 1995 3404 subest,
2033 3351 2488 3416 promoveatur,
2523 3333 2635 3394 nisi
2671 3334 2777 3413 qui
2812 3335 3031 3394 saltem
3065 3334 3259 3398 XXV.

642 3468 787 3508 suae
821 3446 1030 3506 aetatis
1063 3463 1302 3505 annum
1335 3444 1612 3521 attigerit,
1645 3459 1704 3503 et
1736 3442 1796 3504 in
1828 3442 2086 3503 clericali
2120 3442 2336 3502 ordine
2359 3457 2650 3516 versatus,
2673 3441 2952 3501 doctrina
2971 3442 3045 3500 ad
3067 3461 3256 3502 suum

643 3574 874 3615 munus
920 3551 1387 3631 exsequendum
1437 3549 1774 3610 necessaria
1807 3569 1878 3609 ac
1911 3569 2160 3610 morum
2195 3549 2534 3626 integritate
2567 3548 3058 3624 commendetur,
3093 3548 3256 3610 iuxta

642 3660 1145 3722 constitutionem
1182 3657 1513 3718 Alexandri
1560 3657 1712 3716 tertii
1760 3656 1822 3716 in
1858 3657 2120 3717 concilio
2154 3657 2548 3716 Lateranensi
2581 3655 3060 3737 promulgatam,
3095 3674 3257 3735 quae

645 3767 887 3848 incipit:
941 3767 1150 3844 Quum
1186 3767 1249 3824 in
1283 3767 1532 3825 cunctis,
1582 3764 2018 3824 Archidiaconi
2054 3765 2256 3834 etiam,
2303 3763 2410 3843 qui
2445 3763 2610 3824 oculi
2645 3763 2936 3823 dicuntur
2969 3762 3260 3844 episcopi,

644 3875 765 3934 sint
797 3873 860 3933 in
895 3872 1192 3933 omnibus
1225 3871 1507 3949 ecclesiis,
1540 3871 1645 3931 ubi
1680 3871 1808 3931 fieri
1842 3871 2082 3951 poterit,
2121 3871 2389 3949 magistri
2426 3871 2487 3930 in
2521 3870 2853 3949 theologia,
2894 3889 3004 3929 seu
3039 3870 3258 3931 docto-

645 4003 738 4042 res
784 3995 887 4041 aut
936 3978 1225 4039 licentiati
1273 3979 1335 4038 in
1371 3978 1500 4038 iure
1541 3978 1861 4038 canonico,
1928 3978 2025 4037 Ad
2060 3994 2286 4038 ceteras
2317 3993 2523 4037 autem
2558 3978 2882 4057 dignitates
2915 3976 3009 4037 vel
3043 3996 3257 4056 perso-

644 4105 842 4160 natus,
893 4086 1121 4167 quibus
1168 4085 1513 4145 animarum
1549 4104 1693 4144 cura
1729 4084 1898 4144 nulla
1931 4086 2160 4160 subest,
2196 4084 2394 4144 clerici
2426 4084 2707 4165 alioquin
2744 4084 2948 4144 idonei
2983 4100 3041 4144 et
3075 4084 3256 4160 xxll,

646 4197 823 4256 annis
860 4215 988 4254 non
1023 4193 1291 4252 minares
1325 4192 1756 4252 adsciscantur.
1823 4192 2060 4251 Provisi
2101 4192 2282 4251 etiam
2318 4192 2393 4251 de
2428 4192 2740 4253 beneficiis
2773 4192 3255 4272 quibuscunque

570 4327 587 4354 z
647 4320 857 4361 curam
894 4302 1240 4360 animarum
1276 4300 1643 4359 habentibus
1674 4313 1998 4358 teneantur
2031 4320 2060 4357 a
2098 4299 2194 4357 die
2231 4299 2486 4378 adeptae
2522 4299 2930 4379 possessionis
2949 4299 3025 4358 ad
3049 4298 3257 4359 minus

648 4409 801 4468 intra
849 4408 1009 4467 duos
1058 4426 1301 4468 menses
1347 4409 1412 4468 in
1462 4408 1752 4468 manibus
1786 4407 1976 4487 ipsius
2009 4406 2303 4487 episcopi,
2340 4407 2431 4467 vel
2465 4427 2541 4469 eo
2577 4409 2872 4488 impedito
2904 4428 3114 4469 coram
3148 4428 3254 4487 ge-

647 4514 837 4575 nerali
886 4514 1020 4574 eius
1066 4513 1288 4575 vicario
1321 4535 1428 4574 seu
1464 4514 1729 4588 officiali,
1766 4514 2147 4573 orthodoxae
2181 4533 2328 4573 suae
2362 4513 2503 4573 fidei
2537 4515 2846 4594 publicam
2884 4515 3075 4576 facere
3112 4534 3254 4596 pro-

648 4620 998 4688 fessionem,
1044 4637 1101 4681 et
1150 4622 1212 4680 in
1262 4621 1546 4682 ecclesiae
1581 4623 1902 4681 Romanae
1951 4621 2298 4680 obedientia
2334 4641 2396 4680 se
2433 4640 2874 4701 permansuros
2907 4623 3251 4702 spondeant

648 4749 714 4788 ac
748 4729 971 4789 iurent.
1038 4727 1271 4787 Provisi
1302 4743 1507 4786 autem
1544 4727 1618 4785 de
1652 4727 2108 4786 canonicatibus
2141 4742 2200 4786 et
2232 4727 2632 4804 dignitatibus
2665 4728 2726 4787 in
2764 4728 3033 4790 ecclesiis
3053 4730 3253 4789 cathe-

650 4837 921 4897 dralibus
957 4855 1086 4895 non
1118 4835 1323 4894 solum
1359 4852 1565 4893 coram
1600 4835 1896 4915 episcopo
1929 4856 2036 4896 seu
2072 4836 2204 4896 eius
2237 4835 2502 4906 officiali,
2533 4837 2642 4896 sed
2677 4837 2859 4897 etiam
2895 4838 2955 4897 in
2989 4836 3253 4918 capitulo

648 4944 809 5002 idem
865 4943 1058 5002 facere
1111 4956 1463 5007 teneantur:
1514 4941 1792 5021 alioquin
1840 4944 2127 5022 praedicti
2175 4962 2397 5002 omnes
2443 4943 2673 5024 provisi
2708 4960 2776 5005 ut
2806 4964 2992 5025 supra
3026 4944 3255 5004 fructus
