3684 5416
371 1518 419 1550 10

375 2052 419 2097 ιε

373 2586 426 2618 20

374 3119 423 3164 ²5

378 3667 430 3711 30

377 4200 428 4246 35

377 4737 431 4777 40

1337 346 1583 403 Ordines
1623 360 1679 402 et
1716 347 2216 418 congregationes.
2969 351 3071 422 653

680 541 709 603 5
744 534 800 595 6.
849 530 1057 592 Sciant
1089 551 1308 593 omnes
1341 532 1511 611 socii,
1546 549 1603 592 et
1638 552 1766 593 non
1799 533 2003 594 solum
2039 533 2101 593 in
2137 533 2347 614 primis
2369 533 2764 615 professionis
2796 554 2941 595 suae
2979 534 3076 595 fo-

467 640 653 717 ribus,
696 640 804 701 sed
851 639 1059 720 quoad
1105 639 1363 701 vixerint
1409 639 1689 721 quotidie
1735 640 1945 701 animo
1978 639 2225 702 volvant
2258 640 2607 705 societatem
2644 643 2800 703 hanc
2832 642 3082 703 univer·

467 766 597 808 sam
645 761 702 807 et
745 746 1046 826 singulos,
1096 750 1212 808 sub
1245 746 1609 808 sanctissimi
1641 746 1882 808 domini
1918 748 2110 809 nostri
2147 748 2342 829 Papae
2375 764 2434 809 et
2465 748 2732 811 aliorum
2765 749 3090 810 Romano-

468 873 608 915 rum
642 853 1017 915 Pontificum
1049 873 1475 915 successorum
1510 854 1643 914 eius
1678 852 1839 914 fideli
1876 853 2245 932 obedientia,
2283 855 2419 917 Deo
2452 856 2740 925 militare:
2778 873 2835 917 et
2867 875 3088 936 quam·

468 960 557 1020 vis
577 960 912 1038 Evangelio
945 961 1299 1032 doceamur,
1338 976 1396 1021 et
1428 960 1547 1021 fide
1581 961 1930 1022 orthodoxa
1965 980 2416 1039 cognoscamus
2449 981 2518 1023 ac
2551 961 2801 1029 firmiter
2833 962 3084 1042 profite-

469 1086 647 1127 amur
680 1086 898 1127 omnes
933 1066 1355 1129 christifideles
1393 1068 1679 1129 Romano
1714 1066 2016 1143 Pontifici,
2049 1084 2366 1149 tamquam
2399 1069 2579 1150 capiti
2613 1069 2834 1130 aclesu
2856 1059 3090 1131 Christi

469 1173 714 1250 vicari0,
762 1176 1035 1253 subesse,
1086 1175 1164 1235 ad
1196 1175 1492 1236 maiorem
1526 1190 1733 1236 tamen
1767 1189 2010 1235 nostrae
2044 1174 2364 1236 Societatis
2401 1176 2811 1238 humilitatem
2843 1196 2911 1237 ac
2945 1196 3086 1257 per-

470 1278 688 1339 fectam
722 1279 1213 1361 uniuscuiusque
1250 1281 1788 1343 mortificationem
1824 1296 1883 1342 et
1915 1282 2310 1361 voluntatum
2345 1299 2695 1343 nostrarum
2728 1283 3089 1361 abnegatio·

471 1404 637 1464 nem,
659 1404 1056 1467 summopere
1079 1389 1425 1450 conducere
1446 1388 1874 1465 iudicavimus,
1895 1388 2179 1468 singulos
2214 1409 2348 1467 nos,
2372 1390 2528 1450 ultra
2561 1389 2711 1450 illud
2745 1407 3088 1449 commune

471 1491 813 1570 vinculum,
847 1493 1091 1574 speciali
1125 1510 1271 1556 voto
1305 1494 1619 1573 adstringi,
1664 1495 1742 1555 ita
1780 1510 1846 1554 ut
1878 1495 2177 1575 quicquid
2213 1497 2553 1557 modernus
2585 1511 2643 1557 et
2674 1496 2774 1557 alii
2812 1496 3086 1556 Romani

476 1600 800 1661 Pontifices
833 1620 945 1682 pro
978 1615 1259 1682 tempore
1293 1602 1620 1662 existentes
1654 1601 1960 1679 iusserint,
1995 1605 2068 1662 ad
2105 1601 2447 1684 profectum
2484 1603 2834 1664 animarum
2865 1617 2923 1664 et
2943 1601 3092 1664 fidei

474 1707 977 1788 propagationem
1011 1708 1341 1789 pertinenS‚
1375 1725 1432 1769 et
1464 1708 1539 1769 ad
1574 1727 2007 1788 quascumque
2043 1709 2390 1789 provincias
2412 1729 2528 1770 nos
2551 1709 2785 1770 mittere
2807 1709 3089 1783 voluerit,

473 1814 603 1875 sine
654 1812 773 1874 ulla
821 1814 1315 1892 tergiversatione
1363 1832 1467 1876 aut
1513 1815 1926 1893 excusatione,
1975 1816 2158 1893 illico,
2208 1831 2516 1896 quantum
2560 1817 2626 1877 in
2676 1817 2857 1878 nobis
2890 1816 3088 1893 fuerit,

475 1920 695 2002 exequi
728 1937 1067 1995 teneamur,
1116 1921 1241 1983 sive
1274 1922 1506 1983 miserit
1538 1942 1658 1984 nos
1690 1923 1767 1983 ad
1799 1923 2041 1984 Turcas
2072 1923 2198 1984 sive
2231 1923 2306 1983 ad
2340 1942 2775 2004 quoscumque
2807 1923 2960 1985 alios
2991 1923 3090 1984 in-

477 2026 710 2104 fideles,
759 2028 941 2088 etiam
990 2028 1052 2089 in
1085 2029 1375 2110 partibus,
1411 2049 1567 2110 quas
1601 2029 1799 2090 Indias
1831 2045 2070 2107 vocant,
2105 2030 2446 2107 existentes,
2478 2030 2602 2091 sive
2635 2031 2711 2091 ad
2745 2048 3087 2111 quoscum-

478 2152 600 2215 que
649 2134 988 2196 haereticos
1018 2156 1128 2197 seu
1162 2135 1581 2198 schismaticos
1612 2156 1723 2197 seu
1757 2136 1939 2197 etiam
1973 2138 2047 2197 ad
2082 2137 2333 2217 quosvis
2365 2135 2596 2199 fideles.
2661 2138 3094 2212 Quamobrem

479 2241 586 2322 qui
620 2242 695 2302 ad
730 2262 846 2304 nos
888 2243 1186 2303 accessuri
1217 2259 1362 2304 sunt
1395 2258 1453 2304 et
1486 2260 1824 2324 antequam
1862 2243 2005 2303 huic
2037 2244 2211 2304 oneri
2247 2244 2541 2305 humeros
2571 2259 2946 2325 supponant,
2981 2242 3088 2304 diu

480 2348 876 2430 multumque
910 2351 1279 2412 meditentur
1311 2370 1389 2412 an
1421 2367 1664 2413 tantum
1697 2352 1999 2434 pecuniae
2032 2351 2369 2432 spiritualis
2404 2352 2464 2413 in
2499 2353 2675 2413 bonis
2708 2353 2987 2425 habeant,
3022 2367 3094 2412 ut

478 2454 696 2516 turrim
732 2456 906 2534 hane,
943 2457 1109 2518 iuxta
1141 2457 1470 2519 consilium
1505 2457 1912 2534 dominicum,
1948 2458 2191 2539 possint
2222 2477 2688 2530 consummare;
2741 2460 2862 2521 hoc
2894 2474 2981 2519 est
3014 2478 3098 2519 an

479 2559 741 2642 Spiritus
771 2561 1050 2641 Sanctus,
1086 2565 1194 2644 qui
1229 2564 1367 2627 illos
1401 2564 1673 2645 impellit,
1722 2580 1962 2626 tantum
1999 2564 2121 2625 illis
2152 2566 2378 2643 gratiae
2411 2565 2770 2647 polliceatur
2806 2582 2870 2626 ut
2903 2565 3090 2627 huius

478 2669 817 2732 vocationis
850 2671 1117 2751 pondus,
1150 2670 1262 2732 1110
1294 2671 1638 2748 adiuvante,
1669 2693 1732 2733 se
1766 2674 2005 2734 laturos
2038 2687 2315 2754 sperent;
2352 2688 2410 2733 et
2441 2688 2791 2754 postquam,
2814 2672 3100 2734 Domino

482 2776 831 2858 inspirante,
865 2779 1008 2840 huic
1040 2779 1173 2839 lesu
1208 2779 1435 2841 Christi
1468 2780 1713 2842 militiae
1749 2799 1987 2842 nomen
2021 2780 2318 2858 dederint,
2343 2780 2439 2841 die
2461 2796 2774 2861 noctuque
2796 2779 3089 2844 succincti

478 2884 730 2946 lumbos
761 2900 819 2945 et
849 2886 924 2946 ad
960 2900 1086 2946 tarn
1116 2885 1363 2966 grandis
1396 2886 1583 2947 debiti
1616 2888 1998 2949 solutionem
2034 2886 2304 2968 prompti
2336 2907 2468 2948 esse
2502 2888 2833 2949 debebunt.

695 3004 723 3064 5
760 3017 818 3064 7.
870 2997 962 3057 Ne
997 3015 1120 3076 qua
1153 3011 1362 3057 autem
1397 2998 1588 3078 possit
1620 3018 1752 3058 esse
1788 2997 1851 3058 in
1868 3014 1957 3058 ter
1989 3016 2105 3058 nos
2140 2997 2503 3058 missionum
2540 3017 2608 3058 ac
2642 2995 3106 3078 provinciarum

480 3102 914 3163 huiuscemodi
964 3119 1069 3165 aut
1114 3103 1368 3165 ambitio
1419 3106 1512 3165 vel
1564 3105 1880 3183 detractiO,
1936 3105 2343 3187 profiteantur
2373 3104 2602 3184 singuli
2632 3124 2696 3165 se
2729 3121 3096 3182 numquam,

480 3209 702 3270 directe
748 3225 853 3271 aut
899 3211 1212 3285 indirecte,
1261 3212 1337 3273 de
1383 3211 1747 3274 huiusmodi
1796 3213 2195 3274 missionibus
2242 3212 2579 3293 quicquam
2625 3230 2771 3273 curn
2809 3211 3108 3271 Romano-

482 3315 782 3377 Pontifice
812 3335 1148 3391 curaturos,
1184 3321 1290 3380 sed
1324 3338 1577 3381 omnem
1614 3321 1772 3381 hanc
1806 3339 2015 3381 curam
2039 3320 2174 3381 Deo
2207 3334 2269 3380 et
2305 3319 2418 3400 ipsi
2440 3318 2742 3398 Pontifici,
2777 3335 3104 3397 tamquam,

482 3423 612 3484 eius
644 3425 888 3499 vicario,
920 3441 978 3486 et
1010 3427 1324 3487 Societatis
1357 3427 1706 3508 praeposito
1739 3426 2121 3487 dimissuros,
2202 3425 2331 3501 Qui
2384 3426 2781 3507 praepositus,
2814 3425 2966 3484 sicut
3002 3441 3099 3483 ce-

482 3529 609 3608 teri,
654 3531 835 3592 etiam
871 3532 1232 3612 profiteatur
1264 3554 1326 3594 se
1365 3533 1517 3594 nihil
1554 3534 1629 3593 de
1662 3533 1887 3593 suimet
1923 3533 2112 3615 ipsius
2151 3532 2445 3593 missione
2477 3531 2541 3592 in
2575 3532 2923 3593 alterutram
2960 3549 3096 3612 par-

481 3652 626 3716 tem,
664 3638 781 3698 nisi
816 3640 895 3699 de
928 3639 1241 3700 Societatis
1274 3641 1557 3716 consilio,
1594 3660 1739 3701 cum
1774 3641 1941 3701 dicto
1978 3639 2279 3701 Pontifice
2312 3658 2441 3698 esse
2476 3655 2868 3716 curaturum„

695 3753 724 3815 S
760 3747 815 3807 8.
866 3745 1146 3808 Voveant
1188 3747 1413 3829 singuli
1461 3767 1524 3808 se
1558 3748 1622 3807 in
1654 3748 1972 3822 omnibus,
2005 3767 2163 3828 quae
2198 3747 2275 3807 ad
2313 3746 2586 3825 Regulae
2623 3745 2809 3805 huius
2855 3759 3097 3805 nostrae

480 3852 978 3914 observationem
1012 3854 1261 3932 faciunt,
1298 3854 1660 3916 obedientes
1694 3855 1822 3917 fore
1857 3855 2172 3917 Societatis
2206 3853 2579 3935 praeposita

695 3968 817 4038 59.
882 3961 986 4022 Ille
1034 3978 1243 4022 autem
1299 3962 1501 4023 iubeat
1552 3983 1641 4036 ea,
1694 3982 1854 4042 quae
1902 3963 1979 4023 ad
2027 3961 2554 4024 constructionem
2588 3959 2883 4041 propositi
2920 3957 3031 4018 sibi
3066 3979 3104 4018 a

484 4067 618 4126 Deo
667 4081 724 4128 et
773 4088 806 4128 a
840 4067 1134 4129 Societaie
1182 4067 1319 4129 finis
1365 4069 1727 4147 cognoverit
1773 4089 1906 4130 esse
1943 4086 2318 4150 opportuna.
2386 4068 2454 4129 In
2487 4066 2859 4148 praelatione
2893 4080 3110 4126 autem

483 4193 614 4251 sua,
663 4174 1054 4253 benignitatis
1099 4194 1169 4236 ac
1216 4175 1707 4236 mansuetudinis
1740 4176 2131 4256 caritatisque
2164 4174 2414 4252 Christi,
2445 4174 2602 4234 Petri
2637 4172 2933 4252 Paulique
2970 4171 3095 4232 for-

486 4281 688 4342 mulae
740 4302 985 4362 semper
1034 4282 1107 4343 sit
1155 4302 1413 4360 memor,
1464 4298 1522 4344 et
1567 4299 1690 4344 tam
1740 4284 1868 4364 ipse
1915 4303 2105 4364 quam
2141 4282 2470 4344 consilium
2502 4281 2577 4342 ad
2613 4300 2895 4341 normam
2933 4281 3094 4341 hanc

485 4388 727 4450 assidue
791 4404 1080 4470 spectent.
1178 4389 1254 4450 Et
1315 4390 1685 4452 nominatim
1750 4391 2251 4451 commendatam
2317 4390 2582 4449 habeant
2641 4387 3098 4451 institutionem

484 4516 825 4578 puerorum
875 4516 943 4557 ac
994 4496 1244 4557 rudium
1297 4497 1359 4557 in
1413 4497 1738 4558 christiana
1792 4497 2067 4559 doctrina
2120 4498 2336 4558 decem
2382 4511 2869 4577 praeceptorum,
2915 4511 3097 4576 atque

486 4605 752 4666 aliorum
810 4605 1102 4666 similium
1167 4606 1687 4684 rudimentorum,
1735 4624 2173 4685 quaecumque
2219 4604 2567 4665 secundum
2616 4604 3110 4666 circumstantias

486 4731 913 4793 personarum,
963 4710 1249 4773 locorum
1301 4731 1370 4772 ac
1419 4727 1776 4792 temporum
1830 4711 1947 4771 illis
1997 4729 2273 4788 congrua
2325 4710 2713 4769 videbuntur.
2795 4706 2899 4766 Est
2931 4706 3098 4768 enim

489 4818 752 4880 maxime
800 4818 1230 4894 necessarium,
1280 4816 1434 4878 circa
1483 4816 1935 4898 providentiam
1969 4816 2158 4878 huius
2190 4815 2293 4890 rei,
2324 4815 2646 4892 diligenter
2677 4813 3098 4895 praepositum

489 4943 547 4988 et
593 4927 920 4989 consilium
954 4924 1288 5006 invigilare,
1324 4945 1469 4987 curn
1502 4942 1558 4986 et
1590 4926 1652 4985 in
1686 4924 1980 5006 proximis
1999 4923 2349 4984 aedificium
2375 4923 2515 4984 fidei
2537 4923 2666 4984 sine
2691 4922 3110 4983 fundamento-
