3684 5416
370 1610 422 1642 10

369 2146 417 2190 ¹5

367 2679 422 2713 20

365 3214 417 3258 ²5

363 3746 421 3792 30

361 4280 417 4325 35

1610 432 1960 488 Cardinales.
2982 431 3090 503 469

472 511 528 520 --

474 639 623 682 vero
654 619 1003 680 solidorum
1035 620 1350 680 bonorum
1383 617 1667 696 largitore
1702 618 1836 680 Deo
1871 637 2053 700 supra
2088 634 2322 680 ceteros
2354 616 2581 679 fuerint
2613 615 2905 678 illustrati.
2939 618 3087 679 Pro·

477 728 623 789 inde
676 745 809 804 nos,
859 739 1192 807 postquam
1243 723 1471 807 placuit
1523 724 1779 787 Divinae
1829 724 2095 788 Bonitati
2159 724 2638 786 imbecillitatem
2687 739 2958 785 nostram
3010 724 3085 784 ad

474 833 707 894 summi
740 832 1143 914 Apostolatus
1189 830 1422 914 apicem
1470 850 1707 909 vocare,
1757 833 1918 894 inter
1962 847 2244 909 caeteras,
2290 852 2445 912 quas
2490 850 2603 912 pro
2636 833 2808 892 bono
2842 830 3088 893 univer-

472 939 614 1002 salis
642 939 966 1020 Ecclesiae,
1016 939 1113 1000 his
1160 939 1426 1001 maxime
1470 940 1841 1001 turbulentis
1885 938 2295 1022 temporibus,
2343 938 2492 1017 dies,
2523 953 2862 1019 noctesque
2893 938 3088 999 susci»

474 1046 683 1127 pimus
732 1064 908 1107 curas
956 1061 1013 1108 et
1059 1045 1486 1126 cogitationes,
1535 1047 1697 1107 hanc
1740 1045 1938 1126 ipsam
1973 1045 2288 1108 Pontificia
2333 1061 2540 1107 nostra
2570 1045 2963 1108 solicitudine
2995 1044 3088 1106 di-

472 1153 834 1233 gnissimam
869 1151 1294 1232 judicavimus,
1329 1168 1397 1215 ut
1426 1153 1504 1214 ad
1537 1172 1942 1216 communem
1972 1153 2256 1232 salutem,
2290 1168 2347 1213 et
2378 1153 2724 1235 profectum
2757 1153 3088 1215 Christiani

474 1261 723 1341 Populi,
771 1275 1016 1322 nostrae
1063 1280 1246 1322 curae
1292 1259 1521 1338 crediti,
1556 1279 1626 1320 ac
1657 1260 1733 1321 ad
1769 1260 1963 1341 ipsius
1997 1260 2258 1321 Sanctae
2293 1261 2612 1321 Romanae
2644 1259 2950 1322 Ecclesiae
2981 1260 3087 1321 de-

470 1388 584 1429 cus
633 1383 692 1429 et
739 1368 1399 1447 ornamentum,·circa
1448 1366 1876 1429 Cardinalium
1925 1367 2291 1430 electionem
2341 1382 2527 1448 atque
2572 1366 3085 1448 assumptionem,

471 1490 598 1536 tam
632 1497 665 1536 a
699 1475 1275 1537 Praedecessoribus
1308 1473 1550 1552 nostris,
1591 1494 1782 1554 quam
1817 1496 1852 1536 a
1886 1475 2066 1536 nobis
2100 1476 2397 1536 hactenus
2429 1473 2620 1535 editas
2652 1474 2999 1535 sanctiones
3030 1489 3088 1535 et

475 1582 713 1642 decreta
763 1581 1281 1663 expenderemus3
1332 1582 1397 1643 in
1445 1581 1678 1662 quibus
1729 1581 1871 1642 licet
1923 1582 2217 1663 pleraque
2267 1581 2587 1644 salubriter
2636 1600 2705 1643 ac
2755 1582 3089 1663 prudenter

476 1688 768 1771 disposita
818 1703 879 1749 et
927 1688 1208 1750 ordinata
1260 1688 1510 1766 fuerint,
1562 1689 1708 1769 quia
1756 1703 1964 1750 tamen
2013 1708 2108 1750 res
2153 1689 2464 1749 humanae
2509 1688 2684 1749 facile
2717 1687 2782 1749 in
2815 1688 3087 1750 deterius

474 1796 902 1876 prolabuntur,
948 1795 1066 1856 nisi
1097 1796 1191 1874 sit,
1238 1795 1348 1876 qui
1379 1814 1480 1856 eas
1513 1794 1755 1857 assidue
1788 1810 2061 1873 renovet,
2092 1811 2275 1876 atque
2309 1811 2646 1875 conservet,
2678 1794 2922 1856 easdem
2955 1794 3087 1857 illas

470 1900 833 1964 Sanctiones
886 1917 945 1963 et
979 1902 1240 1964 Decreta
1290 1902 1510 1983 partim
1560 1902 1947 1982 innovando,
1999 1902 2222 1984 partim
2270 1901 2657 1978 declarand0‚
2705 1900 2926 1982 partim
2972 1920 3086 1984 pro

472 2028 681 2071 rerum
728 2024 784 2070 et
833 2023 1187 2090 temporum
1237 2009 1537 2089 exigentia
1581 2008 1958 2089 supplendo,
1990 2023 2048 2068 et
2077 2007 2141 2069 in
2175 2008 2397 2068 melius
2429 2006 2848 2083 reformandO,
2883 2007 3086 2067 habita

473 2134 658 2195 super
705 2115 801 2175 his
850 2133 990 2175 cum
1027 2114 1497 2176 Venerabilibus
1530 2115 1839 2176 Fratribus
1886 2115 2129 2193 nostris,
2176 2113 2456 2192 ejusdem
2502 2112 2718 2174 Sacrae
2767 2113 3085 2174 Romanae

472 2221 779 2283 Ecclesiae
822 2221 1256 2283 Cardinalibus
1302 2221 1743 2284 deliberatione
1789 2237 2045 2300 matura,
2092 2222 2167 2283 de
2213 2222 2582 2283 eorumdem
2613 2222 2895 2283 Fratrum
2931 2240 3085 2282 con-

473 2329 611 2390 silio
656 2345 716 2390 et
761 2329 1044 2389 unanimi
1090 2349 1424 2409 consensu,
1472 2330 1633 2391 hanc
1679 2345 1953 2392 nostram
1991 2344 2288 2411 perpetuo
2320 2329 2643 2390 valituram
2675 2326 3084 2390 Constitutio-

476 2454 618 2497 nem
668 2435 963 2498 duximus
1014 2436 1550 2517 promulgandam,
1603 2456 1728 2517 qua
1778 2451 1836 2497 et
1881 2437 2297 2518 nosmetipsos
2342 2436 2408 2496 in
2437 2454 2503 2497 re
2535 2451 2661 2496 tarn
2691 2435 2859 2515 gravi
2893 2435 3084 2496 nostri

476 2542 751 2604 muneris
800 2543 1235 2620 admonemuS,
1287 2559 1346 2604 et
1400 2563 1589 2625 quam
1643 2544 1825 2606 nobis
1871 2543 2075 2625 legem
2107 2542 2511 2624 imponimus,
2544 2543 2826 2604 eamdem
2862 2542 3084 2603 nostris

475 2648 945 2712 Successoribus
993 2650 1361 2731 indicamus,
1409 2670 1569 2733 quos
1601 2666 1659 2713 et
1691 2650 1787 2713 sui
1821 2649 2027 2712 Officii
2062 2668 2195 2713 non
2226 2650 2623 2712 immemores
2656 2649 2788 2712 fore
2821 2647 3082 2711 confidi-

472 2777 636 2836 muS,
687 2774 745 2818 et
776 2777 842 2818 se
873 2757 1208 2839 aliquando
1241 2757 1305 2819 in
1339 2757 1607 2820 districto
1641 2777 1711 2819 ac
1741 2758 2067 2819 tremendo
2102 2757 2217 2818 Dei
2245 2758 2275 2818 J
2284 2758 2488 2818 udicio
2521 2777 2667 2818 suae
2701 2757 3084 2819 villicationis

475 2864 778 2926 rationem
823 2885 955 2925 esse
1004 2864 1375 2945 reddituros,
1411 2866 1717 2947 Apostolo
1750 2865 2021 2937 dicente;
2086 2864 2325 2925 Omnes
2355 2864 2654 2926 stabimus
2685 2880 2823 2927 ante
2854 2864 3083 2926 Tribu-

477 2972 577 3032 nal
610 2972 858 3051 Christi,
890 2987 950 3033 et
983 2973 1419 3054 unusquisque
1454 2988 1737 3035 nostrum
1768 2992 1886 3055 pro
1919 2992 1983 3033 se
2017 2972 2318 3034 rationem
2350 2972 2564 3033 reddet
2596 2972 2751 3033 Deo,

690 3089 718 3148 S
751 3098 814 3158 4.
863 3079 1141 3141 Primum
1179 3080 1379 3161 igitur,
1411 3100 1557 3142 cum
1590 3080 1668 3142 ita
1702 3096 2071 3161 exposcente
2104 3099 2313 3142 rerum
2333 3099 2401 3141 ac
2422 3096 2771 3162 temporum
2794 3080 3084 3162 qualitate

477 3201 535 3248 et
566 3187 893 3248 occasione
935 3206 1257 3249 recensum
1292 3188 1474 3250 fuerit
1518 3209 1551 3250 a
1596 3189 1782 3250 veteri
1830 3189 1937 3250 illo
1972 3208 2144 3250 more
2176 3189 2522 3251 admodum
2556 3208 2790 3271 paucos
2823 3190 2988 3251 viros
3020 3190 3085 3250 in

474 3314 719 3355 sacrum
771 3294 1127 3373 Collegium
1190 3295 1594 3370 adscribendi,
1662 3295 1913 3376 jamque
1975 3297 2184 3377 plures
2233 3312 2437 3358 nostra
2488 3312 2678 3358 aetate
2729 3297 3086 3359 Cardinales

474 3420 663 3482 quam
711 3401 1049 3482 antiquitus
1093 3401 1158 3464 in
1205 3404 1412 3483 ipsum
1443 3401 1798 3483 Collegium
1845 3403 2121 3483 cooptari
2154 3404 2605 3480 consueverint,
2638 3420 2766 3464 tum
2803 3419 2891 3479 ut,
2923 3403 3087 3481 juxta

474 3508 779 3587 generalis
828 3508 1097 3571 Concilii
1130 3509 1476 3572 Tridentini
1525 3510 1841 3570 decretum
1896 3509 2176 3571 omnium
2229 3509 2701 3571 Christianitatis
2744 3509 3088 3571 Nationum

474 3615 630 3676 ratio
678 3615 997 3695 habeatur,
1045 3631 1181 3677 tum
1229 3617 1375 3697 quia
1419 3616 1485 3677 in
1531 3617 1760 3678 eodem
1792 3616 2078 3697 Collegio
2112 3616 2310 3695 multi,
2346 3637 2506 3697 quae
2539 3632 2629 3677 est
2661 3615 2918 3677 humani
2950 3635 3087 3678 cor·

474 3722 640 3802 poris
689 3721 1030 3803 infirmitas,
1083 3740 1397 3786 senectute
1447 3723 1543 3784 vel
1592 3723 1825 3785 morbis
1875 3723 2226 3803 frequenter
2267 3724 2517 3804 gravati,
2553 3724 2721 3785 haud
2755 3724 3086 3785 commode

472 3844 642 3889 tanto
673 3829 849 3890 oneri
883 3830 1126 3892 assidue
1157 3831 1568 3893 substinendo
1599 3830 1879 3891 sufficere
1912 3845 2173 3911 queunt,
2206 3847 2273 3892 ut
2305 3831 2370 3892 in
2402 3830 2525 3892 hoc
2558 3830 2904 3891 moderatio
2937 3850 3087 3891 con-

472 3954 625 4014 grua
673 3936 1056 4013 adhibeatur,
1106 3952 1165 3997 et
1212 3938 1359 3999 certi
1406 3938 1629 4000 limites
1683 3937 2195 4019 praescribantur,
2247 3957 2325 3998 ne
2371 3937 2467 3997 vel
2511 3938 2589 3998 ad
2622 3953 2888 3997 veterem
2923 3936 3088 3998 illam

473 4041 839 4123 paucitatem
885 4062 993 4105 eos
1025 4044 1398 4124 redigamuS‚
1431 4046 1526 4105 vel
1560 4065 1770 4107 rursus
1809 4064 2030 4106 eorum
2065 4047 2268 4106 honor
2299 4045 2490 4106 nimia
2523 4066 2592 4106 ac
2625 4044 2936 4125 superflua
2971 4063 3090 4104 nu-

473 4149 822 4211 merositate
868 4150 1115 4211 vilescat
1160 4153 1332 4231 quod
1378 4152 1688 4213 interdum
1739 4168 1797 4214 et
1829 4172 1948 4214 nos
1982 4153 2095 4234 ipsi
2131 4154 2283 4214 dum
2318 4153 2381 4213 in
2416 4152 2760 4214 minoribus
2793 4171 3086 4227 essemus,

471 4256 743 4317 vidimus
791 4272 847 4317 et
892 4258 1117 4339 experti
1150 4278 1388 4321 sumus.
1453 4264 1544 4321 Ac
1579 4275 1648 4321 ut
1679 4260 1895 4321 veteris
1928 4259 2294 4341 Synagogae
2325 4260 2519 4340 figura
2553 4276 2795 4321 sanctae
2828 4273 2886 4319 et
2917 4262 3091 4339 Apo-

471 4363 719 4424 stolicae
754 4364 1063 4425 Ecclesiae
1112 4366 1343 4427 veritati
1395 4368 1779 4448 respondeat,
1828 4367 2004 4447 sequi
2056 4368 2374 4450 cupientes
2425 4368 2787 4428 mandatum
2839 4364 3094 4426 Domini

473 4469 707 4531 factum
760 4472 834 4532 ad
886 4473 1177 4554 Moysen,
1230 4474 1307 4534 de
1358 4474 1802 4553 congregandis
1853 4475 2232 4556 septuaginta
2278 4475 2419 4537 viris
2465 4476 2543 4536 de
2592 4474 2859 4536 Senibus
2891 4472 3092 4550 Israel,

473 4598 636 4658 quos
685 4594 894 4641 nosset
926 4580 1124 4640 Senes
1169 4580 1385 4661 populi
1418 4600 1548 4643 esse
1581 4597 1638 4642 et
1671 4580 2016 4660 Magistros,
2063 4597 2132 4644 ut
2162 4602 2370 4644 secum
2406 4603 2570 4644 onus
2603 4581 2821 4663 populi
2853 4595 3093 4642 susten-

472 4701 684 4764 tarent,
731 4701 790 4747 et
834 4706 963 4748 non
1005 4688 1134 4768 ipse
1169 4688 1340 4748 solus
1372 4703 1743 4766 gravaretur,
1781 4710 1969 4771 super
2002 4710 2164 4770 quos
2197 4692 2274 4752 ad
2309 4691 2538 4751 ostium
2572 4687 2946 4749 tabernaculi
2978 4689 3095 4748 du-

473 4809 623 4872 ctos,
674 4793 976 4875 loquente
1010 4795 1313 4874 Domin0,
1362 4795 1640 4876 SpirituS,
1690 4797 2008 4878 requievit,
2052 4799 2127 4859 de
2174 4798 2273 4879 pia
2316 4798 2621 4859 dictorum
2668 4796 2948 4856 Fratrum
2981 4812 3095 4853 no-

471 4916 743 4963 strorum
792 4902 1077 4982 consilio,
1111 4919 1410 4985 perpetuo
1453 4903 1776 4964 statuimus
1810 4919 1869 4966 et
1901 4905 2280 4980 ordinamus,
2314 4920 2382 4966 ut
2412 4905 2474 4965 in
2508 4918 2826 4986 posterum
2860 4919 3095 4961 connu-

474 5008 721 5069 meratis
756 5010 1059 5070 omnibus
1091 5009 1396 5093 cujusque
1429 5010 1661 5073 ordinis
1694 5011 2037 5092 EpiscopiS,
2073 5012 2446 5093 Presbyteris
2478 5027 2537 5073 et
2556 5009 2850 5073 Diaconis
2883 5008 3097 5070 Cardi-
