3684 5416
534 378 643 430 420
1552 357 1817 414 Pontifex
1858 376 2149 413 romanus.

536 543 839 621 imminet,
889 561 1091 622 quum
1138 542 1337 622 agitur
1382 539 1458 602 de
1503 541 1807 602 creatione
1855 541 2056 602 vicarii
2091 542 2225 603 lesu
2273 542 2522 620 Christi,
2571 543 2943 605 successoris
2975 543 3162 621 Petri,

536 650 785 711 rectoris
818 649 1173 710 universalis
1206 648 1515 725 ecclesiae,
1562 647 1766 729 gregis
1798 649 2099 710 dominici
2132 649 2466 727 directoris,
2501 650 2677 712 omni
2709 651 2973 732 privatae
3007 649 3156 711 affe-

532 757 750 817 ctionis
796 755 1250 817 inordinatione
1284 755 1579 835 deposita,
1627 771 1685 815 et
1717 753 2044 817 cuiuslibet
2075 757 2395 837 pactioniS,
2431 757 2886 834 conventionis,
2918 757 3155 836 obliga-

531 863 718 925 tionis
752 863 1129 941 necessitate,
1179 883 1292 924 nec
1339 881 1469 923 non
1503 862 1768 924 condicti
1801 878 1859 923 et
1894 863 2322 925 intendimenti
2355 866 2879 946 contemplatione
2912 884 3152 938 cessan-

452 1000 474 1044 5
530 972 710 1048 tibus,
743 990 874 1032 non
907 971 971 1032 in
1004 991 1067 1032 se
1103 970 1484 1052 reciprocent
1516 969 2029 1032 considerationis
2063 971 2354 1033 intuitum
2389 972 2486 1032 vel
2521 973 2584 1033 in
2617 992 2786 1048 suos,
2823 991 2956 1034 non
2989 991 3151 1052 quae

529 1098 638 1139 sua
684 1093 827 1139 sunt
876 1094 1193 1157 quaerant,
1249 1097 1376 1138 non
1430 1076 1780 1139 commodis
1832 1078 2076 1158 privatis
2123 1078 2463 1154 intendant,
2512 1080 2641 1156 sed,
2678 1080 2856 1141 nullo
2888 1095 3151 1139 arctante

530 1179 808 1266 ipsorum
841 1184 908 1246 in
939 1184 1228 1263 eligendo
1262 1185 1562 1246 iudicium
1596 1184 1712 1245 nisi
1732 1186 1888 1263 De0,
1921 1185 2091 1266 puris
2123 1201 2183 1247 et
2214 1185 2420 1246 liberis
2456 1187 2789 1265 mentibus,
2826 1186 2993 1247 nuda
3026 1185 3152 1246 ele-

529 1293 750 1355 ctionis
797 1293 1190 1369 conscientia,
1240 1292 1561 1354 utilitatem
1608 1292 1922 1373 publicam
1968 1291 2157 1354 libere
2192 1309 2669 1374 prosequantur,
2705 1293 2884 1355 omui
2918 1305 3147 1353 conatu

528 1416 586 1462 et
624 1401 1056 1478 sollicitudine,
1104 1416 1289 1481 prout
1335 1399 1697 1482 possibilitas
1731 1401 1975 1481 patitur,
2009 1400 2072 1461 id
2104 1401 2296 1462 acturi
2330 1401 2796 1479 tantummodo,
2829 1416 2897 1462 ut
2930 1418 3162 1461 eorum.
3195 1461 3210 1475 ‚

423 1534 471 1566 ιο
530 1508 872 1569 ministerio
921 1508 1290 1569 acceleretur
1336 1508 1501 1568 utilis
1547 1524 1603 1568 et
1637 1507 2081 1589 pernecessaria
2114 1507 2303 1569 totius
2336 1509 2560 1570 mundi
2594 1508 2884 1590 provisiO,
2917 1507 3149 1568 idoneo

527 1613 803 1676 celeriter
852 1615 1054 1675 eidem
1107 1613 1391 1676 ecclesiae
1443 1635 1681 1696 sponso
1731 1616 1894 1678 dato,
1957 1616 2085 1692 Qui
2138 1632 2343 1677 autern
2389 1616 2874 1703 secus-egerint,
2907 1615 3150 1676 divinae

522 1722 874 1783 subiaceant
909 1721 1145 1800 ultioni,
1190 1741 1410 1783 eorum
1443 1723 1639 1803 culpa,
1686 1722 1802 1784 nisi
1833 1723 2001 1804 gravi
2035 1739 2282 1804 propter
2314 1724 2436 1785 hoc
2469 1738 2709 1804 peracta
2743 1722 3146 1805 poenitentia,

527 1829 882 1890 nullatenus
932 1829 1253 1890 abolenda.
1318 1829 1389 1889 Et
1435 1848 1551 1890 nos
1599 1828 2010 1890 nihilominus
2045 1829 2375 1910 pactiones,
2412 1830 2876 1906 conventiones,
2909 1829 3145 1909 obliga-

523 1938 738 2014 tiones,
784 1935 1063 1997 condicta
1109 1952 1168 1997 et
1200 1936 1646 1997 intendimenta
1681 1936 1925 2014 omnia,r
1947 1936 2074 1997 sive
2109 1936 2442 1998 iuramenti
2476 1937 2603 1998 sive
2635 1938 2962 1999 cuiuslibet
2994 1937 3146 1997 alte-

419 2066 465 2111 15
524 2044 649 2104 rius
684 2044 908 2105 fuerint
942 2044 1185 2104 vinculo
1221 2042 1519 2104 firmitatis
1558 2063 1812 2120 annexa,
1859 2062 2187 2121 cassamus»,
2236 2043 2542 2105 irritamus
2577 2060 2638 2106 et
2670 2044 2900 2106 viribus
2933 2045 3144 2105 decer-

522 2152 730 2211 nimus
763 2151 1027 2212 omnino
1060 2169 1260 2210 carere
1295 2149 1393 2228 ita,
1427 2151 1621 2229 quod,
1657 2149 1866 2210 nullus
1900 2152 1974 2211 ad
2011 2150 2108 2211 illa
2142 2151 2530 2212 observanda
2562 2150 3037 2231 quomodolibet
3068 2150 3143 2212 sit

519 2258 857 2336 adstrictuS,
892 2277 1007 2318 nec
1039 2257 1374 2336 quisquam
1409 2276 1479 2317 ex
1514 2276 1735 2317 eorum
1767 2258 2255 2338 transgressione
2289 2275 2501 2319 notam
2525 2274 2805 2320 vereatur
2835 2257 2978 2319 fidei
3012 2277 3141 2319 non

518 2379 804 2442 servatae,
836 2365 943 2426 sed
978 2383 1110 2425 non
1142 2363 1434 2443 indignae
1467 2362 1664 2423 laudis
1695 2363 1947 2425 titulum
1981 2364 2188 2445 potius
2221 2381 2549 2440 mereatur,
2587 2384 2788 2446 quum
2823 2366 2917 2426 lex
2952 2365 3140 2426 etiam

517 2472 790 2532 humana
836 2487 1106 2550 testetur,
1144 2471 1280 2531 Deo
1327 2470 1521 2549 magis
1552 2469 2069 2549 transgressiones
2102 2472 2489 2548 huiusmodi,
2521 2490 2714 2552 quam
2745 2472 3142 2533 iurisiurandi

410 2606 463 2638 20
517 2579 981 2640 observationes
1025 2594 1351 2659 acceptas„
1395 2587 1424 2646 s
1483 2598 1534 2657 5.
1599 2576 1765 2652 Quia
1810 2596 1956 2638 vero
2004 2576 2291 2639 fidelibus
2326 2598 2454 2640 non
2487 2594 2579 2640 est
2611 2593 2738 2640 tarn
2770 2579 2847 2640 de
2881 2578 3140 2640 sollicita

515 2704 1076 2769 quantumcunque
1123 2685 1475 2748 inventione
1521 2685 1863 2764 fidendum,
1896 2704 2088 2767 quam
2122 2688 2198 2748 de
2232 2686 2518 2749 instantia
2552 2685 2849 2749 orationis
2882 2685 3154 2747 humilis-

515 2810 573 2858 et
605 2798 862 2858 devotae
896 2796 1308 2876 sperandum:
1362 2794 1509 2855 huic
1541 2794 1867 2855 adiicimus
1897 2794 2214 2872 sanctioni,
2252 2809 2321 2855 ut
2351 2794 2416 2856 in
2449 2794 2750 2855 omnibus
2782 2792 3135 2855 civitatibus

514 2904 857 2983 ceterisque
890 2901 1043 2963 locis
1075 2901 1440 2979 insignibus,
1483 2900 1589 2961 ubi
1624 2902 1894 2981 primum
1924 2901 2001 2962 de
2036 2902 2358 2962 memorati
2396 2900 2707 2963 Pontificis
2740 2901 2917 2963 obitu
2955 2901 3132 2961 certi-

513 3011 667 3071 tudo
713 3008 1011 3083 claruerit,
1061 3029 1093 3067 a
1144 3008 1308 3068 clero
1355 3023 1413 3068 et
1460 3008 1713 3088 popu10,
1760 3007 2122 3069 solennibus
2169 3027 2284 3089 pro
2330 3029 2405 3070 eo
2454 3009 2763 3090 exsequiis
2796 3009 3149 3085 celebratiS,

403 3140 453 3184 25
512 3117 775 3197 singulis
824 3116 1062 3192 diebuS,
1102 3116 1314 3175 'donec
1362 3115 1437 3174 de
1483 3115 1678 3195 ipsius
1723 3115 2010 3177 ecclesiae
2058 3116 2413 3198 provisione
2461 3116 2880 3178 indubitanter
2914 3134 3136 3177 rumor

512 3222 830 3305 pertulerit
878 3221 1214 3300 veritatem,
1268 3221 1536 3283 humiles
1587 3241 1797 3303 preces
1848 3221 2186 3285 fundantur
2235 3224 2312 3284 ad
2347 3224 2713 3302 Dominum,
2758 3223 2926 3304 apud
2974 3240 3124 3284 eum

510 3329 746 3391 devotis
793 3329 1178 3391 orationibus
1223 3328 1553 3409 insistatur,
1598 3346 1664 3391 ut
1711 3329 1858 3411 ipse,
1904 3332 2012 3410 qui
2061 3331 2458 3392 concordiam
2494 3330 2633 3392 facit
2664 3331 2725 3391 in
2756 3329 3134 3392 sublimibus

507 3437 654 3513 suis,
700 3436 787 3497 sic
831 3435 1053 3498 efficiat
1099 3437 1444 3497 eorundem
1490 3437 1897 3499 cardinalium
1930 3438 2116 3499 corda
2148 3439 2212 3500 in
2245 3438 2534 3518 eligendo
2569 3437 2924 3515 concordia,
2960 3436 3133 3517 quod

509 3544 778 3625 provisio
811 3544 989 3622 celer,
1023 3562 1285 3605 concors
1317 3561 1375 3604 et
1407 3544 1589 3621 utiliS,
1632 3560 1818 3624 prout
1850 3544 2200 3606 animarum
2233 3546 2398 3606 salus
2433 3544 2615 3624 exigit
2648 3560 2706 3605 et
2738 3544 2929 3606 totius
2965 3543 3145 3604 orbis

399 3683 452 3727 30
507 3652 760 3733 requirit
792 3651 1034 3728 utilitaS,
1070 3670 1143 3711 ex
1175 3650 1458 3732 ipsorum
1491 3651 1891 3713 unanimitate
1924 3667 2238 3731 sequatur.
2306 3653 2377 3713 Et
2411 3671 2489 3713 ne
2521 3669 2647 3713 tam
2680 3651 2921 3712 salubre
2957 3670 3131 3732 prae-

505 3759 691 3820 sentis
737 3757 1069 3820 sanctionis
1115 3758 1385 3819 edictum
1431 3757 1813 3837 ignorantiae
1849 3759 2072 3837 negligi
2109 3776 2417 3840 praetextu
2453 3760 2809 3839 contingat:
2860 3757 3134 3819 districte

505 3865 933 3948 praecipimus,
977 3881 1046 3927 ut
1077 3865 1470 3947 patriarchae,
1502 3864 1966 3946 archiepiscopi,
1998 3866 2269 3947 episcopi
2302 3882 2360 3926 et
2391 3866 2490 3927 alii
2524 3865 2917 3926 ecclesiarum
2950 3884 3126 3946 prae·

502 3973 621 4051 lati,
674 3974 1001 4054 ceterique,
1055 3973 1285 4053 quibus
1334 3991 1702 4033 concessum
1753 3987 1844 4032 est
1895 3991 2242 4054 proponere
2293 3976 2556 4035 verbum
2608 3973 2740 4049 Dei,
2789 3972 3025 4033 clerum
3059 3986 3131 4031 et:

503 4080 831 4161 populum,
880 4096 1129 4161 propter
1161 4081 1281 4140 hoc
1313 4079 1650 4161 specialiter
1682 4078 2066 4159 frequentius
2099 4081 2596 4159 congregandos,
2631 4081 2696 4140 in
2727 4080 2855 4141 suis
2887 4097 3124 4140 sermo-

390 4218 443 4260 35
504 4188 686 4249 nibus
719 4188 794 4247 ad
830 4187 1185 4267 supplicum
1220 4205 1474 4266 precum
1507 4186 1793 4267 suffragia
1827 4207 1939 4267 pro
1973 4188 2174 4266 celeri,
2223 4203 2280 4247 et
2315 4187 2470 4248 felici
2507 4187 2672 4250 exitu
2708 4187 2856 4248 tanti
2891 4184 3122 4265 negotii

502 4294 949 4374 frequentanda
981 4293 1257 4353 sollerter
1288 4293 1626 4369 hortentur,
1666 4309 1723 4353 et
1753 4293 1900 4374 ipsis
1933 4296 2150 4355 eadem
2183 4294 2541 4355 auctoritate
2585 4313 2712 4354 non
2744 4294 2951 4354 solum
2985 4310 3123 4352 ora-

500 4402 746 4462 tionum
798 4399 1229 4479 frequentiam,
1283 4398 1389 4460 sed
1438 4401 1909 4477 observantiam,
1973 4418 2157 4481 prout
2208 4401 2706 4462 circumstantiae
2770 4399 3135 4482 pensandae.

501 4508 819 4583 suaserint,
852 4506 1227 4568 ieiuniorum
1263 4507 1548 4568 indicant.
1596 4505 1653 4586 [l.
1690 4528 1736 4568 c.
1774 4507 1892 4568 col.
1930 4506 2328 4587 946—949.]
