3684 5416
343 1778 396 1809 10

343 2168 393 2212 ¹5

340 2720 396 2753 20

342 3786 397 3830 30

1415 366 2102 440 Ecclesia—antiquissima.
2991 388 3067 442 43

455 544 820 626 episcopum
852 547 917 607 in
950 548 1204 610 ecclesia
1248 569 1380 611 esse
1427 567 1484 612 et
1530 551 1953 625 ecclesiam
1997 552 2085 625 ‚in
2136 551 2526 633 episcopo
2576 569 2633 613 et
2682 553 2731 615 si
2767 551 2876 633 qui
2909 571 3060 614 cum

454 649 750 733 episcopo
772 673 903 715 non
924 655 999 715 sit
1032 655 1095 717 in
1130 657 1382 719 ecclesia
1417 678 1546 731 non
1583 679 1735 736 esse,
1769 677 1826 721 et
1864 659 2087 721 frustra
2117 660 2232 722 sibi
2267 660 2534 733 blandiri
2565 679 2674 722 eos
2704 659 2815 740 qui
2849 679 3068 741 pacem

453 776 599 819 cum
628 762 1049 824 sacerdotibus
1081 764 1180 826 dei
1215 783 1343 826 non
1365 766 1661 828 habentes
1681 769 1994 849 obrepunt
2014 784 2069 828 et
2090 767 2345 829 latenter
2364 767 2530 848 apud
2554 767 2862 847 quosdam
2884 784 3057 827 com-

452 866 770 928 municare
802 888 866 931 se
900 871 1179 949 credunt,
1227 874 1483 952 quando
1515 874 1767 935 ecclesia
1800 894 1961 954 quae
1996 874 2292 949 catholica
2326 894 2453 936 una
2484 890 2574 936 est
2605 874 2789 936 scissa
2824 893 2955 934 non
2987 873 3068 934 sit

452 991 659 1053 neque
691 975 910 1055 diuisa,
942 979 1051 1039 sed
1083 978 1159 1039 sit
1191 979 1405 1060 utique
1453 999 1685 1042 conexa
1730 998 1788 1041 et
1834 982 2454 1044 cohaerentium
2501 979 2657 1042 sibi
2705 979 3065 1042 inuicem

451 1082 958 1145 sacerdotum
1005 1086 1330 1164 glutino
1375 1087 1773 1167 copulata.
1841 1087 1899 1168 [l.
1936 1107 1983 1150 c.
2019 1108 2155 1170 pag.
2194 1085 2361 1168 7.33.]

1143 1383 1234 1439 10.
1285 1383 1743 1439 DIDASCALIA
1785 1373 2366 1442 APOSTOLORUM.
2737 1460 2740 1463 Ι

500 1490 1025 1572 [Didascaliae
1073 1495 1654 1576 Apostolorum
1703 1496 2147 1594 fragmenta
2194 1496 2680 1585 veronensia
2724 1491 3017 1573 latina.]

666 1666 695 1695 ⁰
746 1669 1100 1722 Didascaliae
1135 1671 1517 1741 Apostolorum
1557 1669 1891 1740 Fragmenta
1935 1672 2264 1725 Ueronensia
2315 1672 2452 1725 latin
2462 1688 2516 1725 α.
2604 1669 2850 1724 Primum
2901 1667 3074 1721 edidit

455 1747 887 1803 Edrnundus
943 1749 1236 1805 Hauler.
1295 1748 1618 1806 Fasciculus
1660 1750 1840 1820 Prior,
1886 1751 2110 1823 Lipsiae
2151 1751 2342 1807 MCM.
2395 1748 2846 1806 Boetticber
2903 1747 3056 1815 (La-

454 1844 492 1898 g
509 1844 542 1881 a
557 1846 585 1882 r
599 1828 636 1883 d
652 1836 725 1898 e),
760 1831 1081 1885 Didascalia
1106 1833 1491 1903 Apostolorum
1529 1834 1754 1903 syriaca
1796 1831 2018 1903 Lipsiae
2057 1837 2203 1903 1854.
2234 1832 2277 1887 Β
2296 1849 2332 1886 u
2351 1849 2387 1887 n
2405 1849 2431 1887 s
2451 1847 2482 1885 e
2499 1848 2534 1885 n
2552 1870 2569 1900 ,
2605 1831 2872 1885 Analecta
2896 1830 3067 1882 Ante-

450 1909 707 1966 Nicaena.
750 1908 997 1966 Londini
1034 1911 1179 1981 1854.
1229 1911 1271 1966 F
1290 1930 1324 1966 u
1342 1930 1380 1966 n
1399 1912 1462 1981 k,
1488 1914 1591 1967 Die
1615 1912 2010 1985 apostolis-chen
2040 1913 2486 1967 Constitutionen.
2513 1910 2878 1980 Rottenburg
2912 1907 3065 1981 1891,

450 2007 579 2061 pag.
602 2008 832 2063 40—50.
898 1990 972 2045 Id
989 2008 1020 2046 e
1037 2009 1123 2061 m,
1160 1993 1237 2046 La
1262 1995 1407 2047 Date
1431 1994 1498 2046 de
1522 1995 1577 2047 la
1605 1994 1928 2047 Didascalie
1950 1996 2047 2047 des
2075 1995 2313 2065 Apotres
2338 1990 2396 2047 in
2424 1995 2604 2047 Revue
2627 1992 2683 2044 d·
2699 1991 2943 2045 Histoire
2967 1991 3070 2043 Ec-

450 2072 809 2142 clesiastx'qm,
858 2088 1006 2143 ¹90¹·
1058 2089 1187 2145 pag.
1226 2071 1533 2144 798—-809-
1599 2073 1648 2128 N
1667 2091 1700 2128 a
1717 2091 1782 2142 u,
1820 2071 1877 2128 in
1907 2074 2195 2128 Canoniste
2234 2075 2661 2145 contemporain,
2709 2088 3068 2143 1900—1902.

452 2154 503 2206 A
520 2168 550 2206 c
568 2151 606 2206 h
621 2167 653 2206 e
668 2151 754 2208 lis
783 2152 900 2208 und
928 2152 1002 2208 Fl
1020 2169 1051 2207 e
1069 2171 1125 2207 m
1144 2152 1294 2209 min
1310 2171 1375 2225 g,
1400 2156 1505 2208 Die
1530 2154 1758 2210 sinlscbe
1783 2156 2105 2211 Didascalia
2121 2156 2409 2225 ,ubersetzt
2431 2154 2546 2207 und
2567 2155 2793 2209 erkldrt.
2834 2150 3067 2223 Leipzig

459 2250 606 2304 ¹904
659 2232 843 2297 (Texte
882 2234 998 2288 und
1027 2235 1242 2289 Unters.
1285 2235 1350 2289 N.
1378 2234 1579 2305 Folge,
1606 2234 1674 2289 X.
1703 2238 1776 2302 2).
1832 2235 1882 2289 H
1901 2252 2073 2289 arna
2095 2251 2124 2289 c
2143 2234 2207 2304 k,
2245 2233 2458 2288 Altchr.
2487 2235 2584 2287 Lit.
2613 2232 2650 2285 1.
2681 2249 2735 2302 p.
2764 2234 3070 2303 515—518.

450 2313 1032 2383 Bardenhewer,
1073 2315 1109 2383 ξ
1134 2315 1219 2384 46.

448 2461 563 2526 IX
771 2463 997 2542 Pastor,
1032 2463 1142 2543 qui
1173 2483 1291 2525 con
1332 2459 1342 2543 Ι
1382 2462 1650 2524 stituitur
1681 2463 1745 2524 in
1778 2462 2122 2525 uisitatione
2157 2450 2549 2545 praesbyterii
2581 2478 2639 2523 et

771 2571 835 2631 in
867 2569 1137 2631 ecclesiis
1169 2570 1504 2647 omnib(us)
1538 2585 1596 2631 et
1628 2570 1939 2651 parrociiS,
1975 2585 2220 2651 oportet
2253 2569 2440 2648 eu(m)

769 2677 902 2740 sine
934 2673 1283 2759 qu[a]erella
1317 2665 1473 2754 esse,
1496 2676 2124 2760 inreprehensibilem,

772 2786 1045 2847 alienum
1077 2790 1151 2847 ab
1185 2786 1359 2847 omni
1391 2786 1730 2867 iniquitate,
1767 2788 1977 2849 uirum
2012 2807 2142 2848 non

771 2895 979 2956 minus
1010 2915 1322 2957 annorum
1352 2895 1768 2976 cinquaginta,
1804 2894 2108 2975 quoniam

771 3020 880 3083 per
909 3002 1223 3082 quandam
1258 3002 1557 3063 rationem
1591 3001 1884 3063 iuuenilis
1913 3001 2096 3062 luxu-

770 3107 888 3169 rias
919 3125 978 3170 et
1010 3108 1308 3170 diabolica
1342 3108 1487 3169 uitia
1519 3107 1831 3187 aufugisse
1864 3106 1987 3167 iam
2021 3107 2194 3167 uide-

770 3232 870 3276 tur
902 3230 961 3277 et
992 3218 1066 3277 ab
1098 3216 1203 3292 eis,
1235 3235 1394 3296 quae
1427 3236 1460 3277 a
1494 3214 1655 3276 falsis
1689 3214 1975 3275 fratribus
2007 3214 2073 3274 in
2103 3214 2266 3275 mul-

772 3339 869 3385 tos
901 3313 1214 3402 iactantur,
1250 3322 1599 3400 blasfemiis,
1632 3321 1741 3402 qui
1773 3322 2060 3401 ignorant

772 3433 1035 3492 uerbum
1071 3431 1249 3510 D(e)i,
1285 3432 1459 3512 quod
1495 3432 1558 3492 in
1590 3431 1961 3511 euuangelio
1997 3446 2115 3491 est:
2166 3429 2224 3504 Q
2246 3429 2465 3490 uoni-

771 3561 903 3619 am,
939 3540 1176 3622 inquid,
1226 3541 1360 3621 qui
1410 3540 1706 3602 dixerit
1751 3542 2079 3600 uerbum
2129 3537 2517 3616 otiosum,

774 3648 1051 3709 reddet
1099 3647 1490 3709 rationem
1539 3666 1676 3728 pro
1726 3665 1813 3707 eo
1863 3645 2233 3725 d(omi)no
2280 3646 2357 3707 in
2406 3646 2532 3708 die
2582 3645 2892 3707 iudicii.

777 3755 879 3816 De
929 3754 1200 3816 uerbis
1249 3754 1456 3815 enim
1505 3753 1696 3827 tuiS‚
1744 3753 1884 3829 ait,
1935 3751 2530 3814 iustificaberis
2577 3767 2650 3814 et
2695 3753 2785 3814 de

775 3862 1045 3924 uerbis
1091 3862 1249 3923 tuis
1295 3860 1987 3924 condemnaberis.
2068 3860 2158 3921 Sit
2190 3860 2390 3940 igitur,
2424 3859 2473 3920 si

774 3968 1061 4050 possibile
1095 3986 1202 4045 est,
1237 3969 1313 4030 ad
1347 3968 1555 4030 omnia
1590 3968 1903 4035 eruditus:
1953 3985 2010 4030 et
2042 3969 2092 4029 si
2124 3969 2252 4029 sine
2284 3969 2380 4029 lit-

771 4076 911 4138 teris
943 4093 1051 4153 est,
1085 4077 1193 4138 sed
1225 4077 1504 4139 notitiam
1538 4077 1769 4138 habens
1804 4077 1976 4138 uerbi
2010 4077 2169 4138 diui-

777 4184 840 4246 ni
873 4202 930 4246 et
961 4184 1190 4245 stabilis
1221 4199 1430 4246 aetate.
1494 4183 1557 4244 Si
1588 4199 1793 4245 autem
1828 4185 1894 4244 in
1929 4204 2108 4265 paro-

774 4292 861 4353 cia
894 4291 1134 4354 modica
1168 4292 1553 4353 ordinandus
1586 4308 1674 4353 est
1705 4293 2033 4375 episcopus

774 4415 831 4460 et
862 4418 992 4460 non
1042 4398 1377 4476 inuenitur,
1412 4398 1522 4479 qui
1555 4413 1835 4479 tempora
1868 4400 2076 4461 aetatis

774 4507 892 4566 iam
925 4506 1208 4567 transisse
1242 4505 1525 4567 uideatur
1557 4521 1615 4566 et
1644 4506 2069 4568 testimonium

775 4617 996 4677 habere
1029 4631 1088 4676 et
1117 4615 1377 4697 sapienS,
1413 4631 1499 4675 est
1533 4631 1743 4676 autem
1777 4615 2021 4677 iuuenis
2054 4631 2113 4677 et
2145 4633 2262 4677 tes-

774 4723 1106 4785 timonium
1140 4724 1322 4784 habet
1354 4725 1426 4783 ab
1462 4723 1575 4798 his,
1611 4721 1719 4803 qui
1752 4741 1896 4783 cum
1929 4724 2150 4784 eodem

774 4844 937 4906 sunt,
969 4829 1115 4910 quia
1149 4829 1375 4911 dignus
1407 4845 1497 4890 est
1528 4830 1603 4890 ad
1638 4829 2084 4910 episcopatum,
2121 4846 2176 4890 et

776 4957 883 5020 per
913 4937 1251 4999 iuuenilem
1283 4952 1538 4998 aetatem
1573 4957 1680 5019 per
1714 4937 2140 4998 mansuetudi-
