3684 5416
334 1576 384 1609 ΙΟ

338 2111 384 2154 ¹5

333 2653 391 2686 20

336 3725 393 3770 30

337 4258 390 4302 ‘35

1430 395 1700 451 Pontifex
1739 413 2032 450 romanus.
2941 414 3038 468 45¹

432 584 772 661 solvantur,
807 597 868 643 et
899 582 973 642 ad
1007 581 1302 642 tutiorem
1335 580 1549 640 sedem
1580 578 2023 639 transferantur
2054 595 2216 640 extra
2248 580 2506 651 Italiam;
2542 582 2730 663 idque
2762 583 2897 644 licet
2919 582 3045 643 suf·
3089 611 3092 616 ·

437 690 621 771 fragia
655 690 777 769 jam
811 689 939 750 fieri
973 688 1307 769 coeperint.
1359 688 1813 748 Concessarum
1846 704 1993 747 vero
2027 684 2383 748 facultatum
2403 688 2626 752 limites
2647 692 3052 770 designantes,

436 800 498 860 in
551 798 754 880 priore
788 796 1252 858 Constitutione
1305 793 1694 855 decrevimus
1746 793 1851 868 ,dn
1903 795 2117 855 ceteris
2163 811 2388 872 tamen,
2439 817 2597 878 quae
2630 799 2830 875 celeri,
2862 817 3048 879 quam

434 926 834 988 summopere
868 920 1178 986 optamus,
1214 903 1360 964 novi
1393 900 1711 963 pontificis
1742 900 2024 963 electioni
2059 922 2186 963 non
2219 903 2507 979 officiant,
2550 906 2810 968 maxime
2844 923 3048 968 autem

435 1015 501 1076 in
546 1017 727 1075 rebus
774 1033 920 1074 cum
968 1010 1240 1073 clausula
1288 1010 1654 1071 electionem
1687 1009 1858 1070 aliter
1889 1010 2109 1071 factam
2143 1011 2408 1075 irritante
2441 1015 2841 1096 praescriptis,
2878 1034 3052 1096 prae-

435 1138 595 1183 terea
644 1121 890 1198 scilicet,
946 1121 1174 1201 quibus
1225 1141 1258 1180 a
1310 1118 1508 1180 Nobis
1558 1118 1926 1179 nominatim
1988 1118 2352 1199 derogatum
2401 1138 2508 1197 est,
2566 1123 3054 1184 Constitutiones

437 1230 596 1310 ipsas
628 1229 811 1290 etiam
844 1229 959 1289 hac
992 1227 1118 1287 vice
1153 1225 1569 1287 observandas
1605 1225 1975 1286 mandamus
2021 1258 2105 1267 -—
2153 1227 2227 1287 Et
2274 1226 2338 1287 in
2371 1228 2553 1291 altera
2586 1229 3051 1292 Constitutione

436 1336 791 1418 explicatius
823 1335 1088 1396 dicimus
1127 1366 1199 1377 —
1246 1331 1417 1394 Nihil
1448 1347 1655 1393 tamen
1690 1332 2062 1393 innovatum
2097 1353 2228 1394 esse
2262 1335 2665 1415 declaramuS,
2710 1337 2834 1398 sive
2864 1357 3051 1416 gene·

438 1443 544 1504 rali
577 1444 919 1505 Canonum
952 1441 1270 1517 sanctioni,
1307 1460 1385 1501 ne
1418 1438 1577 1500 Sede
1614 1456 1865 1500 vacante
1898 1440 2131 1521 aliquid
2165 1442 2510 1518 innovetur,
2541 1443 2667 1504 sive
2689 1444 3052 1525 specialibus

438 1552 1025 1628 ConstitutionibuS,
1073 1550 1303 1632 quibus
1348 1564 1604 1611 cautum
1638 1563 1744 1624 est,
1781 1568 1860 1609 ne
1892 1549 1955 1609 in
1991 1549 2346 1627 Collegium
2378 1552 2805 1615 Cardinalium
2837 1574 2905 1615 ea
2940 1574 3050 1635 po·

436 1678 613 1722 testas
659 1677 716 1721 et
762 1658 1101 1734 iurisdictio
1146 1673 1431 1734 transeat,
1484 1677 1643 1737 quae
1694 1656 1769 1716 ad
1807 1656 2186 1734 Pontificem,
2219 1658 2371 1718 dum
2404 1658 2645 1736 viveret,
2681 1660 3049 1741 pertinebat:

441 1790 515 1830 ne
549 1768 904 1848 Collegium
951 1767 1026 1827 de
1075 1765 1311 1845 juribus
1346 1765 1521 1826 Sedis
1563 1763 1954 1845 Apostolicae
1988 1765 2431 1845 Romanaeque
2465 1767 2749 1829 ecclesiae
2783 1789 3053 1849 quomo-

440 1876 667 1938 dolibet
716 1875 1047 1956 disponere
1098 1873 1323 1946 valeat;
1373 1873 1691 1951 simulque
1738 1870 2097 1948 declaratur,
2149 1872 2525 1952 praedictum
2575 1874 2931 1953 Collegium
2982 1896 3053 1937 ea

442 1984 569 2060 jura
616 1981 928 2044 custodire
973 1999 1043 2041 ac
1090 1978 1422 2040 defendere
1468 1979 1711 2052 debere,
1770 1976 1948 2037 nullo
1980 1992 2184 2037 autem
2220 1978 2413 2039 modo
2445 1977 2815 2040 imminuere
2850 1999 3050 2060 posse.

441 2092 843 2170 Quamquam
891 2107 1039 2150 vero
1085 2086 1479 2148 confidamus
1513 2086 1577 2146 in
1618 2085 1918 2161 Domin0,
1961 2104 2072 2165 pro
2105 2084 2304 2146 Nobis
2337 2102 2649 2167 perspecta
2684 2079 3086 2149 eorumdem'

440 2196 863 2257 Cardinalium
912 2194 1211 2272 religione
1257 2212 1324 2254 ac
1370 2191 1511 2268 fide,
1546 2211 1657 2253 nec
1688 2191 2066 2269 Collegium,
2103 2211 2216 2253 nec
2249 2212 2633 2273 quemquam
2665 2214 2735 2255 ex
2770 2195 2875 2255 illo
2910 2196 3054 2256 huic

442 2303 666 2380 offici0,
698 2322 826 2383 quo
859 2300 1122 2363 solemni
1156 2300 1340 2361 etiam
1372 2298 1720 2376 juramento
1753 2297 2236 2379 adstringuntur,
2272 2299 2629 2362 defuturum
2664 2301 2813 2379 fore,
2845 2319 3051 2364 tamen

444 2431 554 2493 pro
605 2408 879 2471 muneris
912 2406 1121 2469 Nostri
1174 2405 1427 2485 ratione,
1482 2425 1700 2466 omnes
1749 2425 1820 2466 ac
1866 2407 2148 2482 singulos
2193 2408 2550 2470 Cardinales
2595 2429 2947 2487 monemus,
2996 2426 3055 2472 et

443 2519 762 2582 monendo
812 2517 898 2578 eis
951 2515 1382 2598 praecipimuS,
1435 2530 1504 2575 ut
1552 2516 1884 2578 canonicae
1937 2516 2180 2595 regulae
2222 2517 2582 2579 inhaereant
2628 2535 2812 2598 atque
2848 2539 3052 2600 neque

442 2629 667 2690 directe
713 2625 945 2706 aliquid
980 2624 1157 2685 Sedis
1192 2622 1586 2704 Apostolicae
1635 2638 1693 2682 et
1741 2623 2061 2684 Romanae
2107 2625 2407 2686 Ecclesiae
2456 2624 2694 2703 juribus
2738 2627 3054 2689 detrahere

443 2752 755 2813 attentent,
805 2752 1008 2814 neque
1039 2732 1354 2808 indirecte,
1410 2750 1519 2812 per
1550 2731 1979 2793 conniventiae
2011 2732 2238 2793 scilicet
2270 2733 2558 2815 speciem,
2594 2755 2703 2796 seu
2741 2756 2846 2817 per
2878 2737 3053 2798 dissi-

444 2845 853 2907 mulationem
886 2840 1233 2902 facinorum
1265 2840 1557 2899 adversus
1591 2859 1659 2899 ea
1687 2837 1818 2916 jura
1840 2855 2334 2920 perpetratorum
2356 2856 2644 2903 attentare
2669 2843 3056 2907 videantur».

657 2947 1136 3012 Considerantes
1172 2965 1428 3026 quoque
1461 2945 1592 3007 fieri
1630 2967 1812 3028 posse
1848 2962 1916 3007 ut
1947 2948 2388 3009 decederemus
2420 2965 2583 3009 extra
2619 2949 2874 3029 Urbem,
2909 2952 3058 3012 haec

444 3079 603 3141 quae
637 3077 806 3119 nunc
839 3054 1299 3132 confirmamus,
1335 3055 1768 3116 mandavimus
1801 3055 1865 3116 in
1913 3055 2115 3137 priore
2149 3056 2612 3123 Constitutione
2682 3058 2805 3120 «Ut
2850 3074 3057 3119 autem

368 3192 383 3202 ’
443 3166 676 3227 facilius
707 3161 1064 3226 Cardinales
1115 3161 1450 3222 convenire
1486 3162 1743 3242 possint,
1798 3163 2116 3241 volumus,
2151 3179 2220 3225 ut
2254 3164 2318 3224 in
2354 3181 2846 3225 commemorato
2880 3185 3056 3226 casu:

444 3293 515 3333 ex
560 3293 636 3333 eo
684 3286 845 3333 extra
880 3269 1135 3331 Curiam
1182 3268 1342 3345 loc0,
1388 3269 1493 3329 ubi
1542 3289 1657 3330 nos
1705 3269 2105 3351 omnipotens
2145 3287 2202 3331 et
2236 3271 2747 3332 clementissimus
2780 3273 2951 3333 Deus
2984 3293 3057 3333 ex

446 3380 558 3440 hac
603 3378 721 3438 vita
770 3376 1029 3456 migrare
1076 3376 1357 3449 voluerit,
1395 3376 1741 3437 Cardinalis
1774 3377 2160 3456 quicumque
2193 3378 2368 3454 adsit,
2403 3393 2508 3438 aut
2539 3378 2586 3437 si
2623 3378 2827 3458 plures
2861 3395 3059 3456 erunt,

447 3504 665 3546 eorum
698 3482 964 3562 dignior,
1000 3498 1125 3561 aut,
1162 3482 1233 3542 iis
1269 3482 1567 3542 omnibus
1601 3483 1952 3544 absentibus
1984 3483 2256 3543 Nuntius
2289 3484 2704 3563 ApostolicuS‚
2740 3501 2798 3544 et
2832 3486 2896 3545 in
2929 3484 3061 3561 ejus

447 3591 708 3667 defectu,
756 3590 876 3651 loci
910 3589 1295 3666 Ordinarius,
1346 3604 1450 3649 aut
1487 3590 1817 3665 PraelatuS,
1870 3590 1963 3650 vel
2008 3588 2164 3649 alius
2198 3589 2506 3670 quispiam
2539 3590 2934 3652 ecclesiastica
2969 3591 3061 3652 di-

446 3699 672 3777 gnitate
704 3696 1031 3776 insignitus
1067 3694 1318 3775 (quibus
1351 3695 1614 3775 quidem
1651 3696 1772 3756 hoc
1793 3695 2096 3756 Nostrum
2128 3696 2491 3756 mandatum
2510 3711 2684 3757 antea
2711 3697 3064 3778 patefacere,

450 3806 584 3866 Deo
617 3806 817 3882 dante,
852 3802 1226 3878 curabimus)
1262 3821 1450 3881 quam
1485 3802 1757 3862 celeriter
1788 3803 1864 3863 de
1901 3802 2208 3863 Pontificis
2242 3818 2440 3864 morte
2472 3804 2862 3865 Cardinalem
2897 3804 3061 3865 Sacri

447 3910 711 3993 Collegii
746 3911 1087 3979 Decanum‚
1137 3909 1417 3989 aliosque
1466 3908 1846 3985 Cardinales‚
1897 3911 1971 3970 de
2020 3929 2293 3990 quorum
2341 3912 2484 3971 sede
2517 3910 2591 3970 sit
2624 3911 2901 3987 edoctus,
2934 3930 3063 3972 cer-

448 4019 635 4079 tiores
667 4018 860 4095 faciat,
893 4032 961 4078 ut
992 4016 1196 4079 statim
1230 4018 1307 4077 ad
1342 4015 1613 4077 Comitia
1647 4019 1999 4096 peragenda
2031 4037 2095 4077 se
2128 4033 2503 4097 comparent.
2565 4016 2909 4078 Cardinalis
2954 4037 3063 4079 au-

447 4142 575 4187 tem
608 4125 914 4202 Decanus,
962 4123 1057 4184 vel
1106 4124 1244 4204 ipso
1280 4123 1595 4205 impedito,
1631 4123 1787 4183 alius
1819 4123 2170 4185 Cardinalis
2203 4123 2493 4199 dignitate
2528 4123 2748 4203 potior,
2781 4123 2877 4183 vix
2912 4125 3064 4184 dum

448 4230 811 4310 hujusmodi
844 4231 1148 4292 nuncium
1184 4231 1504 4311 acceperit,
1559 4232 1655 4292 vel
1689 4231 1915 4311 quovis
1948 4231 2067 4292 alio
2101 4231 2292 4291 modo
2325 4230 2719 4310 Apostolicae
2754 4230 2931 4291 Sedis
2962 4251 3065 4290 va-

449 4339 753 4400 cationem
800 4338 1134 4401 certissime
1168 4340 1425 4417 noverit,
1481 4357 1606 4399 una
1640 4357 1785 4399 cum
1819 4339 2015 4399 tribus
2047 4316 2495 4417 antiquioribus
2528 4337 2963 4399 Cardinalibus
2996 4358 3068 4398 ex

450 4446 728 4527 quolibet
760 4446 1018 4523 Ordine,
1054 4462 1111 4505 et
1145 4464 1297 4506 cum
1329 4445 1642 4506 Cardinali
1678 4445 1739 4507 S.
1772 4446 1847 4506 R.
1885 4447 1951 4506 E.
1988 4445 2363 4522 Camerario‚
2412 4444 2460 4504 si
2496 4464 2619 4504 una
2652 4444 2836 4505 simul
2873 4461 3069 4523 erunt,

450 4554 566 4629 vel,
616 4553 762 4634 ipsis
808 4552 1166 4614 absentibus
1222 4570 1366 4613 cum
1420 4552 1549 4613 aliis
1605 4553 1962 4632 quibusque
2008 4553 2459 4625 Cardinalibus,
2510 4551 2607 4612 vel
2652 4553 2910 4612 demum
2942 4550 3070 4632 ipse

451 4660 640 4738 soluS,
689 4660 738 4720 si
785 4659 1008 4740 reliqui
1056 4659 1318 4720 omnino
1365 4658 1583 4735 absint,
1620 4678 1767 4719 eum
1798 4660 2011 4720 locum
2048 4657 2349 4738 cujusque
2383 4658 2650 4737 regionis
2685 4659 2926 4735 eligant,
2961 4657 3067 4736 qui

452 4768 619 4849 ipsis,
665 4768 761 4829 vel
807 4768 861 4828 ei
910 4768 985 4828 ad
1022 4767 1306 4827 habenda
1339 4766 1608 4828 Comitia
1645 4766 1840 4847 magis
1874 4782 2268 4846 opportunus
2302 4765 2624 4827 videbitur.
2690 4763 2871 4839 Hine,
2904 4763 3070 4824 nulla

451 4874 805 4955 interposita
851 4895 1046 4953 mora,
1093 4874 1257 4935 idem
1294 4873 1636 4935 Cardinalis
1675 4873 1979 4947 DecanuS,
2013 4872 2108 4932 vel
2141 4873 2274 4953 ipso
2308 4871 2626 4953 impedito,
2661 4871 2817 4933 alius
2851 4872 3069 4933 Cardi-

453 4980 626 5058 nalis,
679 4997 744 5043 ut
789 5001 994 5063 supra,
1044 4981 1256 5043 ceteris
1289 4980 1731 5043 Cardinalibus
1767 4979 2157 5061 Apostolicae
2194 4978 2368 5040 Sedis
2417 4978 2800 5039 vacationem
2835 4978 3072 5057 signifi-

2650 5080 2749 5137 20⁸
