3684 5416
548 1528 601 1560 10

547 2063 599 2106 ¹5

541 2601 602 2633 ⁴20

542 3135 599 3179 ²5

540 3681 602 3726 30

543 4215 595 4260 35

651 358 759 428 428
1672 357 1937 413 Pontifex
1978 374 2270 412 romanus.

646 541 890 603 Officiis
939 557 1150 602 contra
1199 541 1527 622 praemissa
1574 541 1808 621 aliquid
1856 557 2146 602 attentare
2196 541 2733 622 praesumpserint,
2769 542 2846 601 de
2876 560 2993 602 suo
3025 539 3281 621 proprio

644 649 948 710 -Camerae
981 647 1373 729 Apostolicae
1422 647 1691 730 plenarie
1737 648 2108 727 satisfacere,
2156 664 2215 708 et
2262 648 2555 728 pecunias
2605 664 2885 728 erogatas
2934 645 3272 723 restituere,

654 775 723 815 ac
756 754 1005 835 quaevis
1039 754 1268 816 damna
1299 756 1376 816 ad
1410 756 1677 834 eligendi
1715 755 2024 817 pontificis
2058 754 2376 816 arbitrium
2413 756 2699 817 resarcire
2732 771 3048 835 cogantur.
3083 752 3278 829 Quod

655 878 861 922 autern
896 863 1160 943 expendi
1196 863 1387 944 possit
1420 863 1529 924 erit
1562 863 1828 944 praefata
1864 864 2077 924 decem
2113 863 2379 924 millium
2416 864 2786 925 ducatorum
2818 881 3083 924 summa.
3119 860 3276 922 Illud

655 969 799 1031 item
835 969 1009 1049 quod
1044 989 1156 1050 pro
1190 970 1352 1030 victu
1390 969 1651 1030 familiae
1687 970 2047 1031 pontificiae
2081 986 2223 1031 ante
2257 970 2588 1032 Conclavis
2624 971 2991 1051 ingressum,
3040 987 3109 1029 ac
3141 982 3278 1049 post

659 1077 1012 1157 ingressum
1060 1096 1175 1157 pro
1222 1095 1568 1158 pauperum
1613 1077 1994 1157 Officialium
2047 1079 2249 1160 palatii
2295 1094 2537 1140 tantum
2586 1099 2695 1161 per
2741 1075 3186 1150 Camerarium,
3219 1089 3277 1134 et

660 1186 898 1247 Priores
931 1184 1243 1245 Ordinum
1281 1185 1831 1246 describendorum
1866 1186 2049 1262 victu,
2084 1205 2153 1246 ac
2184 1186 2369 1246 etiam
2403 1205 2515 1266 pro
2549 1185 2961 1266 eleemosynis
2982 1183 3139 1244 Sede
3172 1202 3275 1242 va-

656 1308 832 1353 cante
867 1292 997 1353 fieri
1030 1292 1360 1352 consuetis.
1408 1291 1687 1372 Itemque
1724 1311 1835 1372 pro
1870 1292 2227 1353 defensione
2249 1293 2585 1354 Terrarum
2609 1293 2931 1368 Ecclesiae,
2963 1290 3061 1350 vel
3095 1287 3274 1370 partis

658 1418 888 1460 earum.
954 1399 1219 1458 Necnon
1266 1417 1377 1478 pro
1426 1398 1729 1477 regalibus
1764 1399 2010 1479 Populo
2046 1401 2353 1478 Roman0,
2408 1415 2466 1460 et
2500 1399 2662 1461 illius
2698 1398 3168 1477 magistratibuS,
3203 1415 3272 1455 ac

655 1507 934 1568 custodia
960 1505 1166 1580 Urbis,
1202 1511 1259 1565 et'
1281 1505 1629 1582 ConclaviS,
1666 1505 1956 1586 illiusque
1991 1507 2449 1587 provisionibus
2470 1507 2841 1588 opportunis
2862 1503 3270 1567 necessarium

658 1615 788 1675 erit.
854 1613 1034 1687 Quae
1081 1632 1226 1672 vero
1272 1612 1551 1692 impensa
1602 1633 1714 1694 pro
1763 1613 2125 1676 defensione
2158 1615 2514 1692 Terrarum,
2562 1631 2618 1675 et
2652 1617 2935 1676 locorum
2969 1610 3270 1672 Ecclesiae

658 1737 717 1783 et
748 1721 1087 1792 securitate,
1122 1739 1191 1780 ac
1225 1720 1680 1800 provisionibus
1712 1721 2045 1783 Conclavis
2081 1722 2356 1783 facienda
2389 1722 2482 1800 sit,
2531 1721 2892 1783 Cardinales
2928 1733 3273 1800 praesentes

660 1849 768 1910 per
811 1845 1037 1890 secreta
1085 1826 1373 1906 suffragia
1419 1828 1704 1889 ordinare
1753 1828 1996 1902 debent,
2042 1828 2120 1889 ita
2171 1846 2235 1889 ut
2268 1828 2532 1905 majores
2567 1829 2752 1910 partis
2785 1827 3083 1889 sententia
3117 1825 3273 1885 obti-

659 1952 845 1997 neant
878 1936 936 1996 id
972 1937 1146 2015 quod
1183 1937 1644 1998 observandum
1677 1937 1804 2013 erit,
1840 1937 2023 1998 etiam
2059 1936 2119 1997 in
2156 1935 2693 1998 Gubernatoribus
2725 1936 2927 2012 Urbis,
2960 1950 3085 1995 tam
3120 1932 3274 1993 ultra

659 2060 934 2125 pontem,
967 2062 1159 2124 quam
1192 2043 1356 2117 citra,
1390 2059 1448 2103 et
1480 2044 1610 2104 aliis
1644 2042 2051 2117 officialibus,
2099 2045 2281 2104 etiam
2316 2064 2427 2124 pro
2460 2060 2649 2104 status
2683 2040 3081 2104 Ecclesiastici
3118 2037 3276 2116 regi-

657 2152 825 2212 mine
859 2153 905 2211 si
941 2170 1101 2232 opus
1137 2150 1315 2210 fuerit
1347 2150 1661 2229 eligendis.
1746 2151 1807 2211 Si
1846 2170 1990 2211 vero
2026 2153 2177 2212 ultra
2216 2152 2521 2231 praedicta
2556 2151 2810 2231 aliquod
2843 2150 3073 2231 grande
3109 2145 3271 2226 peri-

650 2247 869 2320 culum
917 2258 1285 2333 immineret,
1335 2257 1434 2318 cui
1468 2258 1764 2318 omnibus
1798 2274 1856 2318 et
1888 2259 2150 2337 singulis
2184 2258 2621 2320 Cardinalibus
2654 2256 3078 2338 praesentibus
3113 2254 3270 2331 juxta

658 2364 1136 2426 Ordinationem
1185 2365 1470 2445 Gregorii
1504 2365 1578 2425 X.
1615 2381 1718 2425 aut
1764 2365 1975 2426 saltem
2027 2365 2269 2426 duabus
2315 2365 2566 2425 illorum
2611 2364 2798 2424 tertiis
2844 2362 3118 2445 partibus
3167 2379 3274 2441 per

658 2488 886 2533 secreta
935 2471 1222 2550 suffragia
1275 2471 1581 2532 videretur
1631 2472 1906 2533 celeriter
1956 2472 2435 2550 occurrendum,
2504 2488 2650 2533 tunc
2701 2469 3055 2548 Collegium
3112 2467 3273 2545 juxta

661 2579 911 2658 majoris
957 2579 1142 2661 partis
1193 2578 1557 2639 sententiam
1597 2579 1877 2640 similiter
1909 2599 2015 2660 per
2047 2595 2274 2640 secreta
2308 2579 2597 2655 suffragia
2630 2580 2706 2638 de
2738 2576 3013 2638 remedio
3047 2593 3273 2655 oppor-

657 2703 833 2763 ωηο,
867 2706 935 2748 ac
971 2687 1227 2769 provide
1258 2687 1334 2747 de
1368 2686 1706 2749 necessaria
1740 2688 2021 2768 impensa
2055 2687 2376 2768 providere
2411 2686 2600 2769 possit
2633 2702 2691 2747 et
2724 2685 2957 2746 debeat.

874 2805 901 2863 S
940 2815 994 2871 7.
1045 2797 1386 2857 Statuimus
1418 2797 1599 2856 etiarn
1636 2796 1808 2875 quod
1845 2812 1965 2856 tres
1987 2796 2345 2857 Cardinales
2379 2795 2777 2875 antiquiores,
2799 2812 2964 2853 unus
2997 2789 3275 2851 videlicet

657 2922 728 2961 ex
780 2902 1060 2981 quolibet
1111 2904 1348 2979 ordine,
1404 2925 1524 2964 una
1573 2923 1718 2964 cum
1750 2904 2108 2965 Camerario
2157 2918 2294 2984 post
2343 2902 2653 2964 pontificis
2700 2900 2958 2975 obitum,
3003 2898 3275 2976 reliquos

658 3008 1017 3068 Cardinales
1051 3011 1490 3088 congregandi,
1525 3027 1581 3070 et
1615 3025 2006 3071 occurrentes
2042 3010 2427 3071 necessitates
2458 3010 2521 3068 in
2555 3005 3137 3089 congregationibus
3167 3023 3274 3081 ge-

658 3115 968 3176 neralibus
1020 3118 1431 3198 proponendi,
1481 3133 1540 3178 et
1590 3133 1655 3179 ut
1702 3117 1992 3178 conclave
2040 3120 2197 3180 bene
2233 3118 2512 3197 undique
2548 3115 2865 3175 claudatur
2898 3110 3148 3172 curandi
3184 3108 3279 3188 jus

656 3224 936 3285 habeant

873 3332 995 3398 58.
1055 3329 1339 3411 Ipsorum
1392 3348 1597 3392 autem
1652 3315 1929 3393 officium
1981 3331 2153 3392 tertia
2207 3331 2304 3391 die
2358 3346 2496 3411 post
2543 3327 2875 3390 Conclavis
2926 3327 3273 3403 ingressum

657 3437 921 3498 omnino
954 3438 1202 3518 expiret,
1236 3458 1582 3519 eorumque
1614 3440 1754 3500 loco
1787 3455 1907 3499 tres
1941 3439 2038 3499 alii
2072 3454 2403 3519 sequentes
2438 3438 2500 3497 in
2534 3436 2770 3511 ordine,
2795 3433 3074 3514 quolibet
3094 3431 3273 3491 tertio

655 3564 910 3625 quoque
945 3545 1064 3622 die,
1098 3565 1243 3606 cum
1276 3546 1498 3606 eodem
1533 3546 1889 3608 Camerario
1925 3546 1988 3606 in
2022 3547 2238 3606 eadem
2275 3559 2569 3626 potestate
2601 3543 2950 3603 succedant.

872 3660 900 3720 s
951 3674 1009 3725 q.
1076 3653 1412 3713 Camerarii
1459 3672 1715 3732 quoque
1763 3668 1820 3712 et
1856 3651 2106 3729 Maioris
2141 3651 2594 3713 poenitentiarii
2642 3648 2864 3722 officia,
2898 3667 3055 3727 quae
3089 3646 3273 3706 etiam

658 3759 816 3819 Sede
849 3776 1099 3820 vacante
1134 3760 1414 3835 durante,
1449 3759 1527 3819 ita
1564 3759 1783 3819 durare
1818 3758 2229 3835 decernimus,
2279 3775 2334 3818 et
2368 3759 2770 3831 declaramus,
2806 3773 2869 3818 ut
2905 3773 3033 3816 non
3064 3753 3274 3814 solum

654 3886 725 3926 ea
758 3885 916 3945 quae
951 3866 1252 3946 praesenti
1286 3865 1726 3926 constitutione
1763 3867 2190 3946 prohibentur,
2226 3883 2282 3926 et
2316 3886 2475 3945 quae
2503 3864 2795 3926 pontifice
2831 3862 3067 3922 vivente
3100 3878 3272 3920 exer-

654 3992 788 4036 cere
826 3993 952 4035 non
988 3990 1465 4052 consueverunt,
1498 3993 1607 4035 seu
1643 3996 1674 4034 a
1708 3974 1938 4053 quibus
1972 3994 2084 4055 pro
2117 3973 2396 4050 ejusdem
2435 3972 2746 4033 pontificis
2781 3970 3134 4043 reverentia,
3170 3983 3275 4028 aut

654 4082 802 4143 alias
837 4081 1316 4161 quomodolibet
1347 4081 1747 4157 abstinebant,
1782 4081 2036 4142 minime
2074 4097 2386 4162 usurpent,
2423 4082 2529 4142 sed
2552 4079 2961 4153 Camerarius,
2998 4097 3064 4136 ac
3099 4077 3272 4136 Prae·

653 4188 942 4262 sidenteS,
992 4205 1050 4248 et
1095 4188 1338 4261 Clerici,
1386 4189 1611 4269 aliique
1657 4188 1946 4261 Ministri,
1984 4204 2039 4248 et
2077 4188 2387 4249 Officiales
2419 4190 2714 4250 Camerae
2752 4184 3139 4266 Apostolicae
3172 4201 3273 4243 ex-

656 4294 878 4354 actioni
914 4295 1315 4373 pecuniarum
1353 4295 1551 4356 eidem
1574 4296 1872 4357 Camerae
1893 4296 2256 4371 debitarum,
2277 4315 2345 4355 ac
2368 4294 2823 4375 provisionibus
2845 4293 3074 4353 ratione
3098 4288 3272 4351 Sedis

646 4393 925 4459 'vacantis
974 4399 1137 4474 juxta
1171 4402 1501 4482 praemissa
1534 4403 1880 4463 necessario
1916 4402 2207 4463 faciendis
2240 4404 2555 4463 dumtaxat
2597 4402 2979 4476 incumbere,
3025 4415 3082 4459 et
3130 4417 3273 4478 pro·

655 4523 858 4589 pterea
894 4529 926 4567 a
959 4508 1271 4570 solutione
1306 4510 1651 4570 debitorum
1687 4526 1828 4572 ante
1866 4510 2175 4573 pontificis
2208 4511 2447 4572 obitum
2483 4521 2962 4585 contractorum,
2998 4521 3101 4566 aut
3133 4504 3270 4564 illo·

650 4634 794 4676 rum
829 4614 1258 4693 declaratione,
1295 4617 1599 4678 rationum
1635 4617 2023 4695 solidatione,
2059 4619 2534 4680 extractionibus
2558 4617 3037 4689 frumentorum,
3059 4611 3273 4672 remis-

653 4722 934 4785 sionibus
981 4722 1350 4785 delictorum
1397 4717 1887 4786 assecutionibus
1935 4725 2449 4805 delinquentium,
2502 4741 2557 4785 et
2605 4724 3108 4804 quibuscumque
3142 4718 3273 4778 aliis

653 4831 1149 4913 expeditionibus
1179 4848 1305 4892 tam
1339 4833 1614 4910 gratiam,
1662 4853 1853 4913 quam
1887 4832 2196 4912 justitiam,
2233 4849 2338 4895 aut
2369 4833 2612 4894 'illarum
2646 4830 3076 4892 executionem
3108 4846 3275 4907 quo·

653 4939 998 4999 modolibet
1023 4929 1547 5000 concernentibus
1579 4940 1886 5002 abstinere
1920 4941 2199 5002 debeant.
