3684 5416
569 1565 616 1597 to

571 2098 615 2143 ι5

567 2630 621 2663 20

566 3164 617 3209 ²5

566 3701 618 3746 30

563 4233 614 4278 35

558 4783 613 4825 40

678 393 786 466 630
1548 394 1794 450 Ordines
1834 408 1891 451 et
1931 395 2434 466 congregationes.

3241 475 3290 482 --.

883 577 1036 660 Cap.
1073 578 1265 640 XXX.
1327 579 1430 640 De
1462 582 1683 661 pueris
1727 583 1962 642 minori
2002 587 2218 655 aetate,
2248 582 2517 662 qualiter
2549 583 2987 663 corrtpiantur.
3061 582 3286 642 Omnis

670 699 831 746 aetas
863 684 958 744 vel
990 683 1332 747 intellectus
1366 685 1647 766 proprias
1679 687 1871 748 debet.
1894 688 2115 748 habere
2149 706 2489 749 mensuras.
2524 687 2794 769 Ideoque
2828 688 3072 769 quoties
3106 689 3286 770 pueri

668 792 765 853 vel
798 791 1313 853 adolescentiores
1346 797 1557 868 aetate,
1607 808 1712 854 aut
1743 794 1853 874 qui
1886 792 2095 855 minus
2130 793 2470 874 intelligere
2503 809 2783 876 possunt,
2816 813 3047 876 quanta
3080 815 3285 876 poena

668 900 744 960 sit
789 898 1475 976 excommunicationiS,
1521 899 1586 960 hi
1634 900 1802 977 tales,
1856 900 2008 961 dum
2047 899 2441 981 delinquunt,
2474 916 2580 962 aut
2612 900 2855 979 jejuniis
2889 902 3091 962 nimiis
3124 901 3284 962 affli-

668 1022 910 1085 gantur,
944 1021 1046 1067 aut
1077 1005 1318 1067 acribus
1349 1007 1706 1067 verberibus
1739 1014 2155 1081 coerceantur,
2190 1023 2257 1071 ut
2287 1026 2599 1069 sanentur.

882 1113 1033 1194 Cap.
1065 1112 1286 1176 XXXI.
1321 1113 1422 1174 De
1453 1114 1709 1175 cellario
1740 1115 2122 1176 Monosterii
2150 1116 2354 1195 qualis
2385 1115 2601 1176 debeat
2628 1136 2771 1177 esse.
2812 1115 3110 1178 Cellarius
3135 1118 3278 1179 Mo·

670 1220 915 1281 nasterii
949 1220 1212 1303 eligatur
1244 1221 1320 1281 de
1353 1221 1862 1303 Congregatione
1893 1222 2155 1303 sapiens,
2205 1236 2481 1283 maturus
2513 1222 2811 1297 moribus,
2851 1223 3111 1297 sobrius,
3150 1244 3284 1284 non

672 1329 941 1390 multum
975 1329 1144 1413 edax,
1178 1348 1306 1389 non
1338 1329 1554 1406 elatus,
1590 1348 1719 1389 non
1753 1328 2165 1403 turbulentus,
2200 1347 2330 1390 non
2360 1326 2718 1406 injuriosus,
2754 1347 2882 1390 non
2903 1330 3126 1403 tardus,
3150 1349 3291 1391 non

670 1436 987 1517 prodigus,
1037 1437 1143 1497 sed
1176 1435 1404 1497 timens
1442 1436 1676 1497 Deum:
1724 1437 1832 1516 qui
1865 1436 2039 1497 ornni
2072 1436 2560 1516 Congregationi
2593 1435 2666 1496 sit
2695 1435 2854 1497 sicut
2889 1438 3077 1497 Pater.
3146 1438 3286 1497 Cu-

670 1562 801 1604 ram
845 1558 1012 1623 gerat
1058 1544 1134 1604 de
1181 1542 1509 1605 omnibus:
1560 1543 1688 1604 sine
1722 1542 1995 1621 jussione
2029 1544 2285 1605 Abbatis
2320 1541 2473 1604 nihil
2506 1542 2693 1605 faciat.
2759 1540 2936 1618 Quae
2972 1541 3291 1617 jubentur,

670 1649 1002 1725 custodian
1069 1648 1277 1710 fratres
1323 1669 1454 1711 non
1502 1650 1833 1712 contristet.
1902 1649 1965 1711 Si
2013 1650 2151 1730 quis
2185 1648 2366 1710 frater
2397 1651 2473 1709 ab
2506 1668 2582 1710 eo
2618 1649 2773 1709 forte
2806 1649 3009 1729 aliqua
3044 1650 3290 1711 irratio-

671 1757 952 1818 nabiliter
1002 1758 1284 1838 postulat,
1337 1776 1469 1818 non
1518 1758 1868 1839 spernendo
1920 1777 2063 1817 eum
2115 1756 2461 1831 contristet;
2511 1757 2618 1818 sed
2665 1756 3099 1818 rationabiliter
3131 1775 3285 1817 cum

670 1863 1015 1925 humilitate
1061 1866 1219 1925 male
1267 1864 1493 1946 petenti
1539 1866 1818 1942 deneget.
1882 1864 2178 1926 Animam
2211 1883 2387 1927 suam
2422 1864 2739 1943 custodiat,
2773 1883 3013 1926 mernor
3044 1882 3298 1944 semper

668 1971 824 2033 illud
857 1970 1324 2053 Apostolicum:
1361 1970 1533 2050 Quia
1565 1974 1676 2052 qui
1704 1971 1851 2032 bene
1881 1973 2348 2045 ministraverit,
2372 1973 2640 2052 gradum
2664 1972 2884 2033 bonum
2919 1971 3043 2032 sibi
3069 1974 3295 2051 acqui—

671 2082 773 2140 rit.
835 2078 1253 2154 Infirmorum,
1297 2076 1654 2153 infantium,
1704 2077 2044 2158 hospitum,
2094 2097 2568 2159 pauperumque
2614 2098 2757 2139 curn
2790 2078 2966 2139 omni
2998 2077 3286 2139 solicitu-

670 2187 813 2247 dine
860 2204 1073 2246 curam
1117 2200 1318 2262 gerat:
1368 2183 1566 2245 sciens
1610 2184 1743 2245 sine
1789 2185 2004 2262 dubio,
2054 2185 2196 2265 quia
2245 2205 2356 2266 pro
2392 2185 2487 2245 his
2519 2186 2818 2248 omnibus
2850 2185 2913 2245 in
2945 2184 3041 2244 die
3073 2184 3294 2262 judicii

671 2292 975 2353 rationem
1008 2291 1358 2353 redditurus
1391 2308 1498 2352 est.

886 2398 1116 2460 Omnia
1163 2418 1299 2460 vasa
1327 2397 1709 2467 ‚Monasterii,
1763 2402 2176 2477 cunctamque
2227 2396 2647 2472 substantiam,
2695 2416 2765 2458 ac
2809 2398 2858 2457 si
2904 2398 3102 2458 altaris
3135 2418 3284 2458 vasa

673 2522 920 2583 sacrata,
968 2507 1319 2588 conspiciat.
1384 2505 1555 2567 Nihil
1601 2506 1779 2566 ducat
1827 2505 2294 2584 negligendum,
2329 2523 2534 2583 neque
2567 2504 2847 2565 avaritiae
2881 2505 3134 2580 studeat,
3170 2524 3290 2565 ne—

674 2633 795 2694 que
844 2614 1141 2696 prodigus
1173 2614 1265 2693 sit,
1307 2630 1366 2674 et
1397 2612 1757 2693 exstirpator
1788 2611 2164 2674 substantiae
2199 2611 2594 2672 Monasterii:
2645 2612 2752 2672 sed
2785 2612 2995 2672 omnia
3027 2630 3295 2672 mensu-

672 2737 796 2782 rate
844 2721 1038 2798 faciat,
1084 2737 1142 2782 et
1189 2720 1537 2783 secundum
1584 2719 1925 2798 jussionem
1959 2720 2213 2780 Abbatis
2259 2720 2373 2780 sui.
2440 2719 2866 2780 Humilitatem
2900 2735 3036 2779 ante
3070 2719 3294 2779 omnia

674 2830 921 2889 habeat:
971 2844 1030 2890 et
1063 2830 1159 2889 cui
1195 2829 1529 2890 substantia
1564 2847 1693 2888 non
1728 2842 1817 2887 est
1851 2847 2009 2907 quae
2042 2827 2363 2905 tribuatur,
2398 2846 2604 2888 sermo
2636 2826 3050 2908 responsionis
3085 2825 3294 2905 porri-
3353 2894 3358 2896 Α

671 2952 848 3014 gatur
880 2939 1117 2999 bonus:
1167 2936 1312 3017 quia
1345 2936 1639 3017 scriptum
1673 2950 1796 2994 est:
1849 2935 2061 2994 Sermo
2095 2934 2286 2995 bonus
2318 2943 2501 3015 super
2533 2935 2740 2994 datum
2775 2935 3081 3015 optimum.
3117 2931 3284 2992 Orn-

673 3041 772 3105 nia
823 3062 980 3122 quae
1031 3043 1087 3102 ei
1136 3042 1470 3117 injunxerit
1502 3043 1731 3114 Abbas‚
1781 3041 1910 3122 ipse
1958 3041 2174 3102 habeat
2223 3046 2340 3101 sub
2389 3059 2536 3101 cura
2587 3060 2729 3113 sua;
2781 3061 2814 3099 a
2861 3039 3086 3119 quibus
3135 3058 3295 3100 eum

676 3148 1073 3229 prohibuerit,
1124 3168 1252 3209 non
1302 3163 1671 3230 praesumat.
1738 3147 2049 3208 Fratribus
2095 3148 2493 3209 constitutam
2541 3166 2855 3208 annonam
2905 3146 3037 3206 sine
3071 3146 3294 3226 aliquo

673 3256 889 3335 typho,
922 3255 1018 3315 vel
1051 3274 1224 3317 mora
1257 3255 1488 3326 offerat,
1521 3270 1589 3316 ut
1623 3274 1753 3316 non
1786 3253 2306 3316 scandalizentur:
2345 3273 2588 3315 mernor
2620 3253 2807 3315 divini
2842 3253 3091 3336 eloquii,
3124 3253 3286 3333 quid

673 3378 995 3440 mereatur,
1028 3363 1136 3443 qui
1170 3362 1661 3424 scandalizaverit
1696 3381 1897 3423 unum
1928 3361 2003 3422 de
2038 3361 2294 3442 pusillis.
2327 3361 2391 3422 Si
2413 3361 2828 3443 Congregatio
2859 3359 3055 3436 major
3089 3359 3294 3432 fuerit,

672 3470 884 3531 solatia
929 3470 984 3530 ei
1031 3469 1287 3543 dentur;
1337 3492 1369 3530 a
1420 3469 1645 3551 quibus
1691 3467 1936 3546 adjutus
1984 3484 2043 3529 et
2076 3468 2204 3549 ipse
2236 3488 2439 3550 aequo
2471 3470 2685 3530 animo
2718 3467 2968 3548 impleat
3001 3465 3288 3528 officium

671 3577 783 3640 sibi
814 3577 1237 3639 commissum.
1289 3576 1475 3637 Horis
1506 3574 2001 3656 competentibus
2034 3575 2255 3636 dentur
2286 3595 2446 3655 quae
2478 3574 2677 3636 danda
2713 3591 2874 3648 sunt,
2907 3591 2962 3635 et
2997 3589 3288 3656 petantur

673 3705 832 3765 quae
868 3685 1130 3765 petenda
1162 3700 1338 3744 sunt:
1389 3701 1455 3744 ut
1488 3702 1674 3745 nemo
1709 3684 2114 3763 perturbetur,
2148 3702 2351 3762 neque
2386 3681 2777 3744 contristetur
2814 3682 2877 3743 in
2913 3684 3106 3743 domo
3143 3680 3279 3741 Dei.

886 3792 1035 3871 Cap.
1069 3791 1309 3854 XXXII.
1369 3790 1472 3851 De
1482 3791 1914 3869 ferramentiS,
1960 3789 2059 3849 vel
2086 3789 2267 3850 rebus
2298 3789 2690 3851 Monasterii.
2754 3789 3100 3849 Substantia
3136 3788 3288 3848 Mo·—

674 3897 917 3960 nasterii
951 3898 1012 3958 in
1049 3897 1445 3974 ferramentis,
1479 3897 1574 3957 vel
1608 3897 1899 3971 vestibus,
1934 3915 2046 3957 seu
2079 3896 2448 3976 quibuslibet
2481 3899 2684 3974 rebus,
2720 3895 3038 3977 provideat
3073 3897 3284 3956 Abbas

674 4005 902 4084 fratreS,
938 4006 1013 4065 de
1048 4024 1321 4085 quorum
1355 4004 1472 4065 vita
1506 4020 1564 4065 et
1596 4005 1877 4066 moribus
1909 4023 2165 4064 securus
2197 4003 2293 4080 sit,
2337 4019 2395 4064 et
2427 4003 2512 4063 eis
2543 4003 2807 4082 singula,
2841 4019 2907 4063 ut
2940 4003 3086 4064 utile
3120 4001 3288 4079 judi-

672 4112 908 4191 caverit,
955 4112 1279 4194 consignet
1325 4112 1730 4173 custodienda
1762 4120 1948 4191 atque
1981 4110 2414 4190 recolligenda.
2478 4111 2566 4173 Ex
2598 4111 2825 4190 quibus
2857 4113 3067 4171 Abbas
3100 4112 3282 4169 breve

671 4233 900 4278 teneat:
954 4234 1020 4280 ut
1066 4220 1217 4279 dum
1264 4219 1379 4280 sibi
1427 4219 1490 4280 in
1533 4219 1660 4300 ipsa
1694 4219 1994 4298 assignata
2028 4218 2238 4279 fratres
2272 4217 2505 4278 vicibus
2538 4219 2899 4291 succedunt3
2951 4217 3097 4278 sciat
3128 4216 3280 4296 quid

672 4325 791 4393 dat,
824 4341 927 4386 aut
959 4327 1111 4405 quid
1145 4327 1376 4408 recipit.
1442 4327 1504 4387 Si
1552 4326 1692 4407 quis
1721 4344 1928 4387 autem
1960 4325 2209 4387 sordide
2244 4340 2350 4386 aut
2383 4325 2764 4404 negligenter
2797 4345 2890 4386 res
2925 4324 3283 4386 Monasterii

669 4431 1023 4510 tractaverit,
1075 4433 1470 4511 corripiatur:
1519 4433 1568 4493 si
1617 4453 1747 4494 non
1793 4432 2228 4508 emendaverit,
2262 4431 2618 4513 disciplinae
2652 4431 2916 4510 regulari
2949 4430 3283 4511 subjaceat.

881 4541 1032 4622 Cap.
1067 4541 1337 4602 XXXIII.
1388 4542 1465 4601 Sc·
1493 4542 1645 4622 quid
1672 4541 1930 4602 debeant
1956 4540 2256 4602 Monachi
2269 4542 2598 4621 proprium
2633 4538 2877 4600 habere.
2943 4538 3272 4619 Praecipue

669 4649 788 4709 hoc
837 4649 1055 4710 vitium
1109 4649 1414 4730 peculiare
1465 4649 1749 4709 radicitus
1799 4648 2253 4730 amputandum
2303 4662 2392 4708 est
2439 4647 2514 4706 de
2550 4647 2966 4719 Monasteri03
3018 4665 3096 4706 ne
3143 4645 3284 4725 quis

667 4772 1019 4839 praesumat
1064 4757 1297 4838 aliquid
1346 4758 1488 4818 dare
1534 4773 1638 4820 aut
1684 4758 1953 4840 accipere
2000 4757 2128 4819 sine
2176 4755 2448 4834 jussione
2481 4756 2755 4833 Abbatis,
2806 4773 3008 4834 neque
3042 4752 3272 4832 aliquid

668 4867 889 4927 habere
930 4866 1279 4947 proprium,
1327 4866 1565 4927 nullam
1597 4867 1859 4928 omnino
1895 4886 2044 4946 rem,
2078 4886 2281 4947 neque
2313 4866 2612 4943 codicem,
2647 4884 2850 4946 neque
2882 4862 3139 4938 tabulas,
3176 4883 3284 4923 ne-

666 4992 787 5052 que
819 4974 1170 5055 graphium,
1220 4974 1327 5034 sed
1363 4973 1514 5033 nihil
1546 4975 1839 5035 omnino:
1890 4973 2119 5055 quippe
2153 4973 2380 5054 quibus
2412 4992 2524 5034 nec
2558 4992 2814 5054 corpora
2849 4992 2975 5050 sua,
3013 4990 3271 5033 nec-vo—
