3684 5416
701 375 800 445 ¹84
1321 375 1586 431 Potestas
1625 375 2005 432 ecclesiastica
2045 389 2103 432 et
2138 375 2444 448 imperium
2481 377 2660 433 civile.

911 580 1008 621 22.
1073 560 1382 622 Dominus
1427 577 1634 622 autem
1680 580 1834 642 papa
1881 578 1942 622 et
1981 579 2202 622 omnes
2234 562 2573 624 cardinales
2604 563 2763 625 sicut
2794 581 3158 646 receperunt
3188 567 3295 627 do·

696 667 938 728 minum
972 668 1409 749 imperatorem
1443 668 1490 728 F
1494 668 1869 747 (tidericum)
1911 669 1974 729 in
2011 669 2447 730 Romanorum
2480 686 2538 730 et
2569 671 2942 732 catholicum
2974 672 3292 753 imperato-

691 793 841 851 rem,
889 775 968 836 ita
1016 774 1314 855 recipient
1345 774 1723 851 B(eatricem)
1758 774 1995 837 felicem
2030 795 2288 837 uxorem
2321 778 2456 838 eius
2488 777 2552 837 in
2587 778 2948 840 catholicam
2982 795 3038 840 et
3072 781 3293 841 Roma-

692 899 920 941 norum
966 881 1438 961 imperatricem,
1487 880 1563 941 ita
1613 897 1819 942 tamen
1857 882 2028 961 quod
2063 881 2193 964 ipsa
2224 898 2558 943 coronetur
2588 904 2621 943 a
2653 883 2915 946 domino
2947 904 3102 967 papa
3137 887 3293 962 Asse-

612 1024 631 1064 5
690 989 946 1068 xandro)
995 989 1090 1048 vel
1134 1008 1170 1048 a
1216 989 1417 1070 legato
1463 989 1674 1069 ipsius.
1741 990 2091 1051 Dominum
2138 1007 2345 1051 autem
2394 990 2692 1052 Hericum
2736 991 2936 1053 filium
2985 1013 3205 1056 eorum
3234 995 3294 1055 in

587 2095 631 2137 ¹5

583 2630 635 2662 20

581 3167 630 3209 25

581 3700 634 3745 5³0

578 4234 627 4277 35

691 1097 1061 1158 catholicum
1098 1116 1307 1176 regem
1340 1096 1650 1177 recipient.

908 1224 1008 1284 23.
1089 1205 1308 1265 Pacem
1343 1205 1527 1265 etiam
1560 1223 1765 1265 veram
1800 1206 2059 1268 reddent
2091 1206 2386 1268 dominus
2418 1226 2573 1289 papa
2605 1224 2664 1270 et
2685 1209 3022 1271 cardinales
3042 1211 3293 1272 domino

688 1312 1041 1394 imperatori
1077 1312 1124 1373 F
1130 1311 1427 1390 (riderico)
1473 1328 1532 1372 et
1577 1312 1827 1374 domine
1877 1313 2243 1395 imperatrici
2293 1314 2600 1392 B(eatrice)
2649 1331 2707 1378 et
2740 1316 2967 1379 Herico
3010 1318 3139 1399 regi
3172 1318 3293 1379 filio

692 1439 911 1481 eorum
943 1435 1004 1479 et
1038 1419 1339 1480 universis
1372 1419 1756 1481 adiutoribus
1786 1420 2089 1501 ipsorum,
2122 1421 2303 1482 salvis
2348 1440 2474 1502 que
2519 1424 2596 1484 de
2643 1423 3060 1504 spiritualibus
3092 1425 3294 1507 dispo-

690 1525 894 1586 sitioni
953 1541 1011 1586 et
1071 1526 1291 1588 iuditio
1353 1526 1591 1587 domini
1643 1547 1801 1608 pape
1854 1526 2228 1605 A(lexandri)
2291 1529 2347 1590 ei
2397 1530 2683 1592 Romane
2731 1531 2982 1592 ecclesie
3034 1533 3291 1612 presenti

689 1633 917 1714 scripto
957 1632 1395 1714 relinquuntur
1440 1650 1497 1693 et
1542 1635 1714 1694 salvo
1760 1635 1936 1696 omni
1986 1635 2119 1696 iure
2162 1635 2444 1698 Romane
2478 1636 2731 1698 ecclesie
2761 1638 3057 1699 adversus
3087 1639 3293 1700 deten-

689 1754 913 1800 tatores
959 1758 1164 1800 rerum
1210 1740 1367 1801 beati
1411 1741 1570 1803 Petri
1616 1758 1675 1802 et
1720 1742 1902 1802 salvis
1955 1740 2050 1803 his
2097 1762 2221 1824 que
2271 1744 2598 1825 prescripta
2644 1761 2786 1806 sunt
2825 1760 2953 1807 tam
2987 1766 3101 1827 pro
3133 1762 3293 1827 parte

690 1846 939 1908 ecclesie
973 1867 1162 1928 quam
1195 1867 1310 1929 pro
1343 1865 1507 1929 parte
1542 1848 1782 1910 domini
1814 1849 2202 1930 imperatoris
2234 1866 2291 1911 et
2322 1851 2583 1932 imperii.

907 1975 1006 2034 24.
1074 1955 1290 2016 Pacem
1335 1973 1481 2017 vero
1514 1955 1844 2037 predictam
1881 1957 2182 2038 promittit
2211 1957 2513 2020 dominus
2544 1977 2699 2040 papa
2732 1978 2797 2021 se
2831 1964 3293 2022 observaturum

690 2062 752 2124 in
792 2066 984 2126 verbo
1030 2063 1296 2124 veritatis
1339 2078 1400 2122 et
1432 2082 1654 2124 omnes
1686 2061 2046 2141 cardinales,
2081 2080 2140 2125 et
2171 2064 2561 2146 privilegium
2597 2067 2739 2128 inde
2770 2067 2946 2129 faciet
2977 2087 3122 2129 cum
3151 2072 3293 2129 sub-

689 2170 1019 2252 scriptione
1065 2170 1353 2231 omnium
1398 2169 1823 2231 cardinalium.
1892 2170 2008 2251 Ipsi
2056 2172 2237 2232 etiam
2273 2172 2609 2235 cardinales
2637 2173 2937 2256 scriptum
2969 2174 3292 2237 confirma-

687 2277 875 2338 tionis
909 2277 1210 2359 praedicte
1245 2277 1408 2358 pacis
1441 2276 1664 2338 facient
1696 2296 1839 2338 cum
1875 2277 2264 2359 appositione
2295 2278 2642 2360 sigillorum
2673 2300 2953 2344 suorum.

907 2404 1007 2464 25.
1073 2384 1147 2445 Et
1178 2384 1476 2445 dominus
1510 2403 1666 2465 papa
1698 2384 1903 2445 statim
1933 2385 2233 2447 advocato
2263 2386 2549 2465 concilio,
2584 2389 2767 2469 quale
2785 2389 2995 2450 subito
3015 2391 3290 2451 advocari

693 2491 930 2572 poterit,
979 2510 1123 2552 cum
1171 2491 1581 2552 cardinalibus
1625 2491 1932 2572 episcopis
1971 2492 2231 2574 aliisque
2264 2493 2565 2572 religiosis
2594 2495 2738 2555 viris
2768 2496 2876 2576 qui
2909 2496 3291 2558 interfuerint

691 2598 1402 2659 excommunicationem
1447 2613 1665 2659 statuet
1711 2599 1776 2659 in
1823 2617 2047 2660 omnes
2093 2600 2202 2680 qui
2238 2599 2396 2662 hanc
2428 2621 2643 2683 pacem
2676 2602 3291 2685 infringeretempta-

689 2705 904 2767 verint.
974 2705 1212 2767 Deinde
1247 2705 1311 2766 in
1342 2705 1612 2786 generali
1643 2705 1909 2768 concilio
1942 2706 2108 2768 idem
2141 2707 2333 2770 faciet.

906 2816 1006 2875 26.
1069 2812 1282 2875 Plures
1314 2813 1498 2874 etiam
1531 2816 1609 2875 de
1642 2815 1958 2876 nobilibus
1992 2815 2293 2877 Romanis
2326 2833 2386 2877 et
2417 2816 2747 2898 capitaneis
2765 2818 3108 2899 Campanie
3140 2819 3297 2893 hanc

689 2920 952 2982 eandem
986 2940 1198 3001 pacem
1233 2921 1584 2982 iuramento
1618 2920 1971 2983 firmabunt.

906 3047 1003 3094 27.
1068 3027 1403 3108 Imperator
1448 3046 1595 3089 vero
1642 3029 2013 3109 praedictam
2047 3049 2260 3112 pacem
2295 3030 2542 3092 ecclesie
2575 3047 2633 3092 et
2665 3031 2789 3092 iam
2820 3032 3046 3093 dictam
3085 3052 3293 3113 pacem

691 3134 802 3194 XV
836 3153 1145 3195 annorum
1194 3134 1443 3195 illustris
1488 3134 1646 3214 regis
1679 3135 1880 3196 Sicilie
1925 3153 1985 3198 et
2026 3154 2358 3219 treuquam
2391 3138 2891 3200 Lombardorum
2940 3160 2972 3200 a
3008 3139 3295 3220 proximis

689 3239 917 3301 scilicet
949 3240 1083 3301 Kal.
1120 3241 1383 3321 Augusti
1431 3260 1633 3322 usque
1681 3242 1758 3302 ad
1791 3242 1872 3303 VI
1903 3263 2106 3305 annos
2153 3245 2418 3306 firmabit
2454 3244 2805 3307 iuramento
2835 3266 2954 3308 suo
2987 3262 3045 3308 et
3079 3246 3295 3327 princi-

689 3366 842 3429 pum
889 3363 946 3408 et
994 3348 1168 3410 faciet
1204 3349 1590 3410 Lombardos
1639 3350 1749 3430 qui
1783 3371 1857 3411 ex
1890 3367 2058 3432 parte
2089 3371 2203 3413 sua
2234 3368 2399 3430 sunt,
2429 3352 2587 3413 sicut
2618 3352 2684 3413 in
2717 3354 3041 3414 communi
3073 3354 3295 3435 scripto

686 3470 948 3534 treuque
995 3456 1363 3537 dispositum
1409 3472 1468 3518 et
1512 3458 1809 3537 scriptum
1859 3472 1966 3535 est,
2015 3460 2278 3519 eandem
2320 3474 2649 3541 treuquam
2706 3458 2953 3521 firmari.
3044 3460 3108 3521 Si
3153 3479 3295 3520 vero

687 3561 908 3641 aliquis
940 3561 1123 3624 fuerit
1155 3584 1225 3623 ex
1261 3580 1428 3643 parte
1478 3564 1862 3644 imperatoris
1907 3565 2016 3644 qui
2066 3565 2401 3646 predictam
2446 3582 2777 3647 treuquam
2822 3567 3020 3627 iurare
3055 3586 3294 3628 recusa-

687 3670 858 3747 verit,
907 3671 1238 3754 imperator
1285 3671 1577 3752 precipiet
1618 3672 1939 3750 universis,
1974 3672 2082 3753 qui
2119 3692 2190 3733 ex
2225 3689 2388 3754 parte
2422 3693 2532 3735 sua
2565 3693 2725 3753 sunt,
2760 3677 2878 3735 sub
2909 3674 3118 3736 debito
3150 3673 3296 3735 fide-

686 3777 867 3838 litatis
911 3793 971 3838 et
1015 3779 1203 3858 gratie
1249 3798 1379 3856 sue,
1449 3795 1513 3839 ut
1567 3779 1813 3841 nullum
1865 3795 2133 3860 prestent
2189 3780 2245 3841 ei
2296 3781 2592 3842 auxilium
2642 3796 2698 3842 et
2749 3780 3102 3842 volentibus
3150 3800 3293 3842 eum

689 3885 1005 3946 offendere
1056 3887 1119 3946 in
1166 3886 1345 3947 nullo
1384 3887 1685 3948 obsistant
1720 3887 1814 3947 vel
1850 3888 2289 3967 contradicant,
2324 3905 2382 3949 et
2414 3889 2462 3948 si
2499 3888 2640 3969 quis
2673 3888 3016 3962 offenderit,
3053 3906 3183 3949 non
3212 3904 3298 3949 te-

689 4007 905 4052 neatur
955 3992 1115 4053 inde.
1181 3994 1550 4054 Mandatum
1601 4009 1808 4054 autem
1861 3994 2024 4055 istud
2072 4013 2201 4055 non
2249 3994 2555 4055 revocabit
2607 3995 2902 4056 dominus
2953 3994 3298 4076 imperator,

686 4098 887 4159 donec
933 4115 1194 4178 treuqua
1238 4099 1496 4160 durabit.
1559 4100 1634 4161 Et
1678 4100 1973 4160 dominus
2035 4100 2297 4162 Hericus
2341 4120 2444 4162 rex
2493 4100 2655 4161 filius
2701 4101 2831 4162 eius
2878 4101 3148 4181 predicta
3192 4099 3293 4160 fir-

686 4206 891 4283 mabit,
938 4207 1093 4266 sicut
1140 4206 1366 4286 scripto
1415 4207 1784 4287 dispositum
1831 4222 1936 4267 est.
2001 4207 2313 4268 Dominus
2358 4207 2542 4268 etiam
2589 4209 2924 4289 imperator
2970 4207 3297 4288 predictam

688 4329 900 4392 pacem
946 4313 1196 4373 ecclesie
1243 4328 1300 4374 et
1347 4314 1597 4374 illustris
1643 4315 1800 4394 regis
1846 4312 2047 4374 Sicilie
2093 4333 2289 4394 usque
2336 4316 2409 4375 ad
2459 4315 2571 4376 XV
2616 4333 2816 4375 annos
2866 4329 2924 4375 et
2973 4330 3297 4394 treuquam

689 4420 1188 4480 Lombardorum
1223 4421 1645 4482 corroborabit
1677 4421 1905 4501 scripto
1938 4440 2054 4481 suo
2089 4439 2231 4481 cum
2254 4421 2703 4502 subscriptione
2723 4441 2835 4482 sua
2854 4436 2914 4482 et
2934 4421 3296 4502 principum.

905 4530 1002 4590 28.
1065 4528 1128 4589 Si
1177 4546 1340 4603 ver0,
1392 4529 1562 4608 quod
1611 4527 1784 4605 absit,
1830 4528 2125 4589 dominus
2174 4546 2328 4608 papa
2381 4528 2809 4609 premoriatur,
2856 4527 3156 4589 dominus
3186 4527 3295 4587 im-

690 4652 929 4717 perator
975 4652 1034 4695 et
1079 4634 1374 4696 dominus
1407 4634 1668 4695 Hericus
1718 4653 1820 4694 rex
1854 4632 2018 4693 filius
2051 4633 2182 4694 eius
2216 4650 2274 4694 et
2305 4634 2614 4716 principes
2646 4635 2808 4696 hanc
2840 4633 3107 4695 formam
3140 4632 3298 4714 pacis

689 4758 746 4803 et
792 4742 1262 4823 compositionis
1303 4740 1558 4802 firmiter
1588 4744 2006 4801 observabunt
2038 4742 2497 4803 successoribus
2530 4743 2656 4804 suis
2688 4759 2745 4803 et
2778 4741 3078 4804 universis
3107 4741 3294 4804 cardi-

688 4848 928 4910 nalibus
974 4865 1032 4909 et
1076 4848 1185 4909 toti
1234 4848 1515 4908 Romane
1576 4846 1826 4908 ecclesie
1889 4862 1948 4907 et
2012 4846 2229 4907 illustri
2295 4847 2420 4928 regi
2471 4848 2677 4910 Sicilie
2723 4866 2779 4910 et
2830 4849 3195 4910 Lombardis
3240 4864 3298 4908 et

689 4957 900 5018 ceteris
934 4956 1042 5037 qui
1077 4975 1290 5016 secum
1321 4955 1612 5016 sentiunt.
1647 4953 1959 5031 Similiter,
1994 4954 2165 5035 quod
2187 4954 2355 5034 absit,
2388 4957 2437 5017 si
2469 4957 2765 5018 dominus
2799 4957 3133 5037 imperator
3165 4974 3295 5037 pre·
