3684 5416
513 1591 560 1622 10

513 2160 557 2203 ¹5

506 2701 557 2734 20

507 3235 557 3278 25

507 3769 558 3812 30

507 4338 556 4382 35

614 323 717 379 608
1336 324 1543 379 vicarii
1583 338 1637 378 et
1678 324 2046 378 coadiutores
2087 324 2514 396 episcoporum.

614 509 812 589 cipere
862 508 1125 584 succedi,
1180 528 1258 568 ne
1310 509 1580 587 fortasse,
1630 510 1780 570 dum
1828 509 2098 590 episcopi
2149 509 2278 570 iura
2327 511 2539 571 eadem
2576 511 2789 572 ciuitas
2824 533 2951 574 non
2988 515 3224 587 habeat,

615 616 811 696 (quod
860 615 1031 691 absit)
1081 618 1155 675 ab
1205 615 1377 675 hoste
1427 616 1728 695 depereat.
1796 617 1870 676 Et
1902 617 2075 696 quod
2114 636 2424 697 nusquam
2460 637 2732 679 canones
2766 619 3128 701 precipiunt,
3164 637 3231 682 ut

614 740 727 801 pro
761 721 1102 801 egritudine
1136 722 1405 803 episcopi
1440 722 1768 803 episcopus
1802 724 2107 798 succedat,
2141 739 2200 784 et
2234 725 2373 785 ideo
2408 726 2707 786 iniustum
2744 744 2851 801 est,
2890 744 2973 803 ut,
3009 726 3057 786 si
3093 748 3232 788 mo-

614 829 783 890 lestia
832 829 1107 909 corporis
1155 829 1343 907 irruit,
1394 830 1633 889 honore
1681 850 1798 892 suo
1834 830 2111 911 priuetur
2144 849 2408 910 egrotus.
2473 832 2593 892 Sed
2628 834 3088 912 suggerendum
3124 851 3231 909 est,

614 952 680 996 ut
714 936 762 996 si
797 936 955 1015 quiS,
1006 936 1067 996 in
1118 936 1437 1014 regimine,
1488 953 1742 1016 egrotat,
1792 937 2180 1017 dispensator
2213 939 2296 998 illi
2330 939 2464 999 talis
2496 940 2861 1018 requiratur,
2896 940 3003 1019 qui
3039 942 3231 1020 possit

615 1042 747 1102 eius
796 1062 1005 1103 curam
1054 1062 1305 1103 omnem
1355 1063 1551 1124 agere,
1601 1060 1659 1104 et
1705 1044 1916 1105 locum
1965 1044 2130 1105 illius
2164 1044 2226 1104 in
2261 1045 2560 1123 regimine
2594 1046 2880 1106 ecclesiae
2916 1046 3069 1126 (ipso
3104 1067 3234 1107 non

616 1149 920 1229 deposito)
968 1168 1355 1227 conseruare,
1408 1166 1475 1210 ut
1509 1170 1709 1230 neque
1748 1152 1916 1211 Deus
1950 1151 2344 1232 omnipotens
2377 1152 2744 1229 offendatur,
2781 1172 2984 1233 neque
3018 1153 3240 1214 ciuitas

614 1255 889 1336 neglecta
922 1275 1052 1315 esse
1087 1256 1455 1317 inueuiatur.

614 1480 680 1551 b)
721 1480 1141 1551 Gregorius
1183 1482 1267 1535 ad
1309 1481 1835 1570 Eleutlierium
1874 1481 2341 1616 {pxifilcopum
2381 1484 2559 1552 (Lib.
2593 1485 2962 1567 vt1.·1-1p.49.
3004 1504 3052 1540 c.
3082 1487 3234 1557 233),

1560 1579 1616 1615 in
1657 1579 1704 1615 c.
1756 1580 1830 1631 ¹4-
1926 1604 1937 1615 .
2083 1603 2094 1613 .
2136 1580 2190 1633 q.
2242 1581 2281 1616 ι.

830 1683 856 1710 ·
899 1685 1056 1755 corp.
1097 1689 1202 1738 iar.
1241 1702 1361 1738 can.
1403 1685 1489 1737 ed.
1530 1685 1968 1756 Friedberg.
2011 1674 2183 1741 Tom.
2226 1688 2262 1741 1.
2305 1687 2411 1741 col.
2455 1704 2573 1758 57²·

854 1798 1144 1871 Episcopo
1186 1814 1430 1870 granato
1459 1799 1803 1855 infermitate
1832 1801 1973 1855 alius
2002 1803 2304 1873 subrogari
2333 1815 2525 1874 potest
2578 1806 2766 1868 (Dee-r.
2801 1806 2985 1869 (irat.)

830 1912 1140 1987 Quamuis
1188 1913 1350 1973 triste
1402 1913 1581 1972 nobis
1626 1913 1701 1973 sit
1750 1914 1929 1973 ualde
1978 1915 2149 1992 quod
2196 1914 2536 1993 loquimur,
2591 1930 2775 1994 atque
2811 1914 3072 1975 fraterna
3107 1936 3223 1976 nos

614 2019 1022 2098 conpassione
1058 2018 1262 2098 potius
1291 2035 1521 2096 arguat,
1557 2038 1743 2098 quam
1770 2019 2003 2098 aliquid
2029 2021 2104 2079 de
2126 2020 2348 2080 auditis
2370 2019 2631 2079 diffinire
2665 2020 2990 2101 permittat,
3017 2041 3232 2081 susce-

617 2124 700 2205 pti
745 2142 951 2185 tamen
1000 2125 1351 2186 sollicitudo
1400 2125 1718 2205 regiminis
1766 2144 1871 2184 cor
1907 2142 2188 2186 nostrum
2222 2125 2470 2187 instanti
2505 2128 2705 2207 pulsat
2737 2128 2972 2205 acule0,
3007 2148 3231 2206 magna

616 2251 733 2292 nos
766 2232 1034 2292 ecclesiis
1067 2252 1210 2293 cura
1244 2231 1607 2313 prospicere,
1642 2252 1718 2293 ne
1754 2252 1878 2312 qua
1912 2253 2126 2293 earum
2162 2234 2351 2313 possit
2388 2232 2615 2294 utilitas
2649 2234 2944 2314 deperire.
2999 2236 3228 2295 Perue-

617 2338 705 2399 nit
752 2339 934 2419 igitur
980 2341 1054 2399 ad
1090 2358 1203 2399 nos
1237 2340 1611 2419 quibusdam
1645 2340 2071 2412 referentibuS,
2107 2341 2444 2420 quemdam
2478 2341 2838 2421 episcopum
2876 2341 2953 2401 ita
2989 2342 3224 2422 passio-

615 2465 761 2505 nem
794 2446 1004 2526 capitis
1037 2445 1384 2519 incurrisse,
1421 2460 1489 2505 ut
1521 2447 1691 2525 quod
1729 2461 1936 2505 mente
1969 2445 2224 2506 alienata
2257 2466 2435 2522 agere
2470 2447 2662 2506 soleat
2683 2447 2949 2525 gemitus
2971 2464 3029 2508 et
3050 2448 3228 2508 fletus

613 2551 823 2612 audire
855 2553 946 2613 sit.
1009 2553 1103 2612 Ne
1142 2572 1290 2630 ergo
1338 2552 1666 2629 languente
1700 2568 1942 2631 pastore
1976 2572 2120 2632 grex
2156 2553 2349 2632 (quod
2383 2553 2552 2629 absit)
2586 2552 2957 2614 insidiatoris
2989 2554 3227 2614 lanian-

614 2659 731 2720 dus
778 2659 1063 2720 dentibus
1113 2674 1475 2740 exponatur,
1527 2659 1627 2720 uel
1660 2659 1951 2719 ecclesiae
1987 2658 2174 2740 ipsius
2210 2660 2490 2721 utilitates
2523 2660 2871 2741 depereant,
2908 2677 3079 2722 cauta
3114 2682 3231 2723 nos

612 2787 861 2829 necesse
895 2783 986 2828 est
1019 2767 1379 2846 prouisione
1415 2781 1686 2827 tractare.
1722 2768 1797 2827 Et
1831 2767 1992 2844 ideo,
2027 2767 2172 2846 quia
2208 2768 2518 2827 uiuentem
2544 2768 2910 2849 episcopum
2931 2771 3005 2828 ab
3030 2768 3229 2828 offitio

612 2893 728 2933 suo
762 2874 1088 2933 necessitas
1121 2872 1501 2946 infirmitatiS,
1553 2893 1684 2934 non
1720 2875 1954 2934 crimen
1987 2874 2252 2950 abducit,
2286 2875 2475 2934 alium
2537 2875 2678 2935 loco
2714 2875 2845 2935 eius
2879 2876 3016 2952 (nisi
3050 2896 3227 2936 recu—

612 2996 782 3039 sante
829 2977 931 3056 eo)
981 2979 1145 3039 nulla
1193 2980 1331 3039 sinit
1367 2979 1518 3039 ratio
1552 2979 1852 3048 ordinari:
1904 2982 2010 3040 sed
2045 2981 2093 3040 si
2128 2980 2448 3041 interualla
2482 2982 2845 3061 egritudinis
2880 2983 3100 3043 habere
3136 2997 3226 3041 est

613 3085 851 3161 solituS,
900 3086 1026 3164 ipse
1074 3085 1207 3146 data
1244 3085 1535 3165 petitione
1571 3105 1701 3145 non
1735 3108 1797 3146 se
1835 3087 2088 3147 ulterius
2122 3088 2199 3147 ad
2233 3087 2355 3148 hoc
2389 3088 2796 3149 ministerium
2829 3091 3226 3149 subuertente

613 3190 963 3250 infirmitate
996 3211 1177 3272 posse
1212 3192 1468 3252 fateatur
1499 3212 1839 3272 assurgere,
1876 3209 1932 3253 et
1965 3194 2173 3272 alium,
2195 3193 2336 3254 loco
2368 3213 2484 3254 suo
2519 3210 2755 3275 expetat
2788 3195 3226 3255 ordinandum.

615 3296 764 3371 Quo
800 3298 956 3358 facto
990 3298 1276 3358 omnium
1311 3298 1711 3379 solempniter
1743 3300 2039 3360 electione
2073 3300 2241 3379 alter,
2277 3301 2383 3381 qui
2416 3301 2640 3382 dignus
2676 3302 2874 3378 fuerit,
2895 3303 3226 3384 episcopus

613 3403 950 3479 ordinetur,
995 3404 1082 3464 sic
1126 3421 1354 3482 tamen,
1404 3421 1471 3466 ut
1518 3425 1850 3486 quousque
1902 3408 2172 3467 eundem
2208 3408 2568 3488 episcopum
2607 3411 2665 3468 in
2700 3409 2818 3469 hoc
2852 3408 3063 3469 seculo
3097 3410 3223 3470 uita

610 3512 891 3589 tenuerit,
912 3528 1194 3594 sumptus
1218 3512 1271 3573 ei
1297 3513 1480 3573 debiti
1508 3514 1583 3572 de
1603 3514 1820 3573 eadem
1851 3514 2100 3574 ecclesia
2122 3515 2555 3574 ministrentur.
2596 3516 2770 3575 Enim
2789 3536 2930 3575 iero
2964 3516 3013 3575 si
3039 3517 3213 3576 nullo

613 3632 886 3699 tempore
934 3620 1007 3679 ad
1057 3640 1235 3680 sanae
1285 3620 1511 3680 mentis
1558 3620 1710 3680 redit
1758 3620 2044 3696 offitium,
2079 3640 2336 3701 persona
2370 3621 2564 3681 fidelis
2599 3643 2666 3681 ac
2705 3624 2860 3682 uitae
2897 3624 3227 3702 probabilis

613 3742 701 3784 est
733 3726 1033 3805 eligenda,
1069 3746 1193 3806 que
1215 3728 1290 3786 ad
1315 3727 1589 3805 regimen
1625 3727 1910 3787 ecclesiae
1933 3727 2155 3786 idonea
2179 3728 2371 3807 possit
2391 3728 2658 3802 existere,
2681 3746 2863 3808 atque
2891 3735 2964 3788 de
2989 3729 3223 3789 anima—

614 3852 751 3892 rum
799 3833 1050 3893 utilitate
1084 3833 1369 3912 cogitare,
1417 3833 1696 3914 inquieto
1728 3835 1845 3893 sub
1880 3834 2238 3914 disciplinae
2271 3834 2523 3895 uinculo
2558 3838 2996 3913 constringere,
3034 3837 3226 3896 eccle·

613 3940 987 4000 siasticarum
1024 3960 1231 4001 rerum
1264 3961 1475 4000 curam
1505 3960 1731 4018 gerere,
1754 3956 1809 4001 et
1833 3958 2144 4001 maturum
2179 3957 2361 4022 atque
2394 3941 2707 4002 efficacem
2742 3944 2801 4002 in
2835 3944 3126 4003 omnibus
3161 3963 3223 4002 se

614 4046 917 4124 exhibere,
954 4048 1060 4127 qui
1096 4048 1278 4108 etiam
1312 4048 1627 4129 episcopO,
1667 4049 1774 4127 qui
1813 4067 1979 4108 nunc
2012 4064 2264 4126 egrotat,
2299 4064 2625 4128 supersteS,
2672 4049 2812 4109 loco
2846 4049 2976 4109 eius
3010 4050 3238 4110 debeatt

612 4172 970 4214 consecrari.

1021 4308 1149 4363 251.
1188 4307 1569 4362 YSIDORUS
1611 4307 2057 4362 ISPALENStS
2096 4308 2511 4364 EPISCOPUS
2551 4310 2621 4377 fl·
2658 4311 2812 4380 6:36).

879 4448 1249 4504 Ysidorus
1290 4449 1359 4504 in
1399 4450 1757 4522 Epistola
1796 4451 1884 4503 ad
1924 4450 2461 4517 Ludifredum,
2502 4468 2548 4505 c.
2600 4469 2638 4509 1.
2681 4452 2749 4506 D.
2789 4454 2967 4507 XXV.

827 4574 856 4602 ’
898 4575 1058 4646 Corp.
1100 4576 1207 4628 iur.
1246 4592 1368 4627 can.
1410 4575 1497 4633 ed.
1539 4574 1975 4645 Friedberg.
2029 4576 2202 4630 Tem.
2245 4576 2281 4629 1.
2323 4575 2432 4629 col.
2472 4575 2542 4648 89
2581 4593 2702 4646 seq.
2776 4576 3230 4641 HinschiuS,

612 4655 1016 4709 Kz'rchcnrecltt.
1056 4656 1229 4709 Tom.
1271 4655 1331 4708 11.
1372 4672 1425 4725 p.
1474 4655 1585 4726 185.

826 4797 854 4856 S
901 4808 916 4847 1
946 4809 993 4848 1.
1041 4786 1540 4848 Archidiaconus
1592 4787 1760 4848 enim
1794 4788 2053 4869 imperat
2086 4788 2486 4850 subdiaconis
2520 4804 2577 4849 et
2610 4788 2873 4864 Leuitis;
2924 4791 3000 4850 ad
3035 4809 3223 4870 quem

502 4925 558 4964 4)
614 4895 920 4974 pertinent
969 4894 1096 4975 ipsa
1145 4894 1518 4954 ministeria:
1570 4894 1878 4955 ordinatio
1911 4894 2215 4954 uestiendi
2249 4895 2449 4955 altaris
2483 4917 2515 4955 a
2549 4894 2782 4955 Leuitis
2816 4915 2960 4956 cura
2995 4896 3234 4955 incensi
