3684 5416
566 1531 615 1563 10

569 2067 612 2110 ¹5

563 2602 616 2634 20

565 3137 612 3180 ²5

563 3675 615 3719 30

563 4212 612 4255 35

678 362 768 416 ¹92
1277 343 1558 424 ‘Photestas
1599 344 1979 399 ecclesiastica
2018 357 2076 399 et
2113 344 2417 415 imperium
2456 343 2633 399 civile.

666 529 963 602 sidetana,
1009 528 1258 604 signum
1302 528 1574 589 vivificae
1607 529 1828 591 Crucis
1877 545 2220 590 reverenter
2252 530 2527 603 accessit,
2561 528 2950 611 profecturus
2983 529 3047 589 in
3081 529 3273 591 subsi-

669 636 844 697 dium
876 636 1103 696 Terrae
1138 633 1414 709 Sanctae,
1460 636 1536 696 ad
1584 637 1757 716 quod
1790 656 1856 697 se
1887 637 2214 718 magnifice
2248 638 2661 717 praeparabat.
2723 635 2847 697 Sed
2881 636 3141 696 humani
3172 654 3273 716 ge-

666 744 829 805 neris
871 742 1162 804 inimicus
1209 743 1316 822 qui
1369 762 1613 824 semper
1663 744 1985 806 consuevit
2034 744 2213 807 bonis
2261 745 2493 806 actibus
2539 745 2833 820 invidere,
2879 742 3007 804 suis
3040 741 3267 803 callidis

666 853 898 913 artibus
947 850 1240 912 adversus
1289 869 1435 911 eum
1500 853 1763 912 barones
1809 850 2072 931 Angliae
2118 852 2462 924 concitavit,
2507 853 2588 914 ita
2634 869 2702 913 ut
2746 851 2967 913 ordine
2998 868 3273 930 perverso

665 959 728 1019 in
772 959 952 1020 illum
998 958 1401 1035 insurgerent,
1450 974 1779 1038 postquam
1826 977 2168 1021 conversus
2199 959 2503 1021 Ecclesiae
2550 958 2858 1034 satisfecit,
2903 957 3012 1037 qui
3045 956 3272 1018 assiste-

666 1067 814 1126 bant
857 1064 1060 1127 eidem
1090 1064 1347 1144 quando
1382 1064 1721 1126 Ecclesiam
1754 1063 2122 1126 offendebat.
2188 1064 2335 1126 Orta
2370 1064 2680 1145 siquidem
2713 1065 2871 1125 inter
2900 1084 3007 1125 eos
3041 1064 3274 1125 dissen-

664 1171 853 1233 tionis
885 1172 1156 1248 materia,
1187 1190 1330 1232 cum
1363 1172 1569 1251 plures
1603 1171 1733 1232 dies
1765 1172 1969 1234 statuti
2003 1171 2256 1233 fuissent
2277 1173 2354 1233 ad
2374 1173 2763 1233 tractandum
2784 1172 2859 1232 de
2879 1190 3051 1254 pace,
3087 1170 3274 1231 utrin-

665 1299 789 1360 que
821 1280 1063 1341 interim
1097 1279 1405 1342 solemnes
1440 1279 1650 1341 nuncii
1684 1280 1761 1340 ad
1794 1295 2064 1340 nostram
2089 1279 2339 1341 fuerunt
2358 1280 2764 1360 praesentiam
2788 1278 3084 1339 destinati.
3117 1279 3276 1340 Cum

666 1388 898 1468 quibus
932 1388 1140 1448 habito
1175 1387 1447 1466 diligenti
1482 1403 1753 1464 tractatu,
1787 1403 1929 1468 post
1960 1389 2205 1469 plenam
2241 1386 2751 1448 deliberationem
2786 1386 3143 1468 scripsimus
3176 1404 3279 1467 per

668 1497 921 1559 eosdem
954 1496 1268 1577 Stephano
1300 1496 1725 1559 Cantauriensi
1771 1498 2232 1579 archiepiscopo
2266 1512 2323 1557 et
2356 1497 2659 1578 episcopis
2696 1495 3076 1575 Anglicanis,
3109 1514 3280 1575 prae·

668 1606 955 1688 cipiendo
1005 1606 1390 1679 mandantes,
1437 1620 1505 1665 ut
1550 1607 1628 1666 ad
1675 1605 2134 1668 reformandam
2180 1606 2338 1667 inter
2372 1621 2671 1685 utrosque
2705 1623 2911 1665 veram
2946 1618 3006 1664 et
3038 1604 3279 1684 plenam

669 1713 1060 1775 concordiam
1095 1711 1357 1788 diligens
1388 1712 1814 1794 impenderent
1842 1714 2120 1775 studium
2153 1729 2211 1773 et
2242 1732 2495 1793 operam
2530 1711 2861 1786 efficacem,
2884 1730 3105 1772 omnes
3127 1728 3278 1770 con-

669 1820 1007 1882 iurationes
1053 1835 1112 1880 et
1141 1820 1649 1901 conspirationes,
1695 1821 1742 1880 si
1792 1841 1954 1901 quae
2002 1821 2247 1882 fuerant
2279 1819 2435 1879 forte
2470 1834 2904 1900 praesumptae
2938 1839 2970 1878 a
3003 1832 3279 1898 tempore

671 1927 957 1987 subortae
1004 1918 1343 1988 discordiae
1389 1927 1543 1988 inter
1587 1946 1848 2008 regnum
1896 1943 1955 1988 et
1999 1927 2429 1998 sacerdotium,
2475 1927 2807 2009 apostolica
2840 1925 3283 1986 denunciantes

668 2032 1024 2093 auctoritate
1074 2048 1355 2112 cassataS,
1408 2050 1464 2094 et
1514 2052 1622 2114 per
1671 2034 2328 2096 excommunicationis
2379 2033 2745 2098 sententiam
2793 2031 3159 2106 inhibentes,
3202 2049 3281 2091 ne

668 2138 806 2199 talia
856 2139 932 2199 de
978 2155 1218 2201 caetero
1265 2156 1800 2221 praesumerentur
1846 2160 1879 2200 a
1925 2160 2270 2221 quoquam,
2306 2156 2622 2218 magnates
2657 2154 2717 2200 et
2751 2139 2991 2200 nobiles
3022 2137 3283 2218 Angliae

669 2247 989 2306 monendo
1035 2248 1384 2328 prudenter,
1428 2261 1487 2307 et
1531 2245 1853 2307 efficaciter
1898 2244 2306 2325 iniungendo,
2343 2259 2409 2305 ut
2439 2263 2547 2326 per
2578 2244 2900 2305 manifesta
2935 2241 3283 2303 devotionis

669 2367 727 2411 et
761 2353 1117 2417 humilitatis
1149 2356 1371 2417 indicia
1402 2356 1608 2435 ipsum
1641 2372 1851 2436 regem
1884 2353 1998 2416 sibi
2034 2353 2269 2434 placere
2304 2351 2659 2425 studerent;
2694 2373 2763 2412 ac
2798 2351 3025 2412 deinde
3056 2349 3103 2412 si
3127 2348 3279 2429 quid

668 2461 743 2517 ab
790 2477 868 2519 eo
912 2461 1286 2523 deducerent
1315 2461 1778 2543 postulandum,
1812 2479 1944 2520 non
1974 2459 2329 2536 insolenter,
2362 2459 2468 2521 sed
2502 2459 2816 2520 humiliter
2848 2456 3276 2539 implorarent;

669 2569 932 2646 regalem
969 2589 1398 2633 conservantes
1430 2572 1483 2633 ei
1518 2573 1845 2647 honorem,
1877 2586 1937 2631 et
1968 2570 2324 2631 exhibentes
2358 2569 2604 2631 servitia
2637 2582 2953 2644 consueta,
2986 2584 3146 2646 quae
3167 2564 3279 2646 ipsi

670 2690 727 2735 et
771 2678 1268 2758 praedecessores
1315 2700 1536 2743 eorum
1582 2679 1693 2742 sibi
1742 2695 1800 2740 et
1846 2677 2425 2760 praedecessoribus
2457 2677 2582 2739 suis
2615 2677 3087 2758 impenderunt:
3140 2693 3279 2736 cum

669 2802 742 2845 ex
772 2785 860 2846 eis
893 2785 1022 2867 ipse
1055 2806 1153 2848 rex
1188 2809 1318 2850 non
1353 2790 1569 2851 debeat
1601 2791 1833 2868 absque
1866 2788 2097 2848 iudicio
2129 2787 2399 2868 spoliari,
2442 2800 2509 2847 ut
2544 2786 2631 2848 sic
2664 2785 2836 2864 quod
2873 2783 3279 2857 intenderent,

670 2909 917 2970 possent
964 2892 1200 2956 facilius
1246 2898 1543 2959 obtinere.
1602 2897 1732 2958 Nos
1764 2896 1931 2957 enim
1963 2896 2234 2956 eundem
2266 2913 2474 2973 regem
2512 2913 2620 2974 per
2650 2892 2878 2954 litteras
2911 2908 3146 2953 nostras
3177 2910 3277 2951 ro·
3344 2897 3348 2900 ⁴

668 2999 968 3077 gavimus,
1002 3018 1059 3062 et
1091 3006 1469 3081 monuimus,
1515 3022 1574 3067 et
1605 3025 1712 3087 per
1746 3005 2046 3085 praefatos
2079 3004 2611 3084 archiepiscopum
2645 3017 2704 3062 et
2736 3000 3062 3081 episcopos
3098 2999 3277 3059 nihil-

670 3107 920 3170 ominus
970 3111 1168 3190 rogari
1221 3129 1279 3173 et
1328 3114 1565 3175 moneri
1619 3112 2053 3174 mandavimus
2098 3112 2163 3172 in
2210 3110 2633 3172 remissionem
2687 3107 2802 3168 sibi
2849 3107 3277 3189 peccaminum

669 3210 1078 3295 iniungentes,
1124 3236 1432 3298 quatenus
1479 3208 2179 3301 praedictos'magnates
2225 3233 2282 3277 et
2315 3217 2557 3278 nobiles
2598 3215 2865 3293 benigne
2898 3206 3189 3290 tractaret,
3221 3229 3277 3273 et

671 3324 858 3385 iustas
888 3344 1106 3386 eorum
1137 3328 1459 3408 petitiones
1492 3329 1823 3389 clementer
1856 3326 2215 3401 admitteret,
2246 3340 2315 3385 ut
2347 3324 2540 3404 etipsi
2565 3322 3025 3401 congaudendo
3046 3339 3275 3402 coguo-

668 3449 905 3493 scerent
936 3452 1079 3494 eum
1112 3435 1175 3496 in
1211 3436 1530 3496 meliorem
1562 3451 1785 3496 statum
1821 3434 2030 3495 divina
2064 3433 2252 3514 gratia
2286 3452 2415 3493 esse
2450 3444 2774 3507 mutatum,
2808 3449 2876 3491 ac
2898 3449 3005 3511 per
3025 3430 3145 3490 hoc
3165 3427 3275 3508 ipsi

669 3555 725 3599 et
773 3541 1064 3604 haeredes
1111 3534 1329 3604 eorum
1376 3543 1489 3604 sibi
1537 3558 1596 3603 et
1629 3542 1994 3604 haeredibus
2027 3541 2158 3617 suis
2192 3542 2485 3601 deberent
2519 3538 2870 3621 promptius
2903 3551 2961 3597 et
2993 3536 3276 3597 devotius

670 3646 979 3713 famulari:
1031 3649 1212 3729 plena
1245 3649 1331 3711 eis
1361 3649 1427 3709 in
1460 3648 1785 3725 veniendo,
1819 3648 2126 3708 morando
2160 3664 2216 3707 et
2248 3647 2596 3708 recedendo
2634 3645 2951 3706 securitate
2971 3662 3277 3713 concessa,

666 3755 746 3816 ita
792 3757 965 3836 quod
1010 3757 1057 3817 si
1109 3758 1259 3818 forte
1307 3756 1591 3837 nequiret
1634 3757 1790 3816 inter
1833 3775 1941 3816 eos
1987 3754 2321 3815 concordia
2353 3752 2695 3834 provenire,
2730 3752 2793 3812 in
2829 3751 2994 3812 curia
3031 3768 3139 3812 sua
3172 3768 3276 3830 per

668 3879 863 3942 partes
897 3883 1134 3941 eorum,
1169 3865 1518 3925 secundum
1553 3864 1715 3942 leges
1747 3879 1804 3923 et
1836 3862 2318 3923 consuetudines
2352 3860 2518 3939 regni
2554 3862 2804 3920 suborta
2839 3858 3135 3918 dissentio
3169 3875 3274 3918 so-

669 3971 914 4050 piretur.
947 3971 1177 4033 Verum
1211 3987 1546 4050 antequam
1579 3970 1791 4031 nuncii
1824 3987 1967 4031 cum
2006 3971 2124 4030 hoc
2159 3969 2420 4048 provido
2455 3983 2515 4027 et
2543 3967 2710 4028 iusto
2745 3966 3036 4026 mandato
3065 3964 3271 4025 rediis-

669 4094 823 4153 sent,
866 4078 951 4139 illi
996 4078 1341 4139 iuramento
1387 4078 1690 4138 fidelitatis
1737 4077 2000 4137 omnino
2047 4091 2422 4155 contempto,
2459 4093 2604 4135 cum
2638 4072 2747 4134 etsi
2782 4092 2885 4134 rex
2917 4092 3025 4134 eos
3056 4073 3273 4133 iniuste

667 4202 986 4264 gravasset,
1032 4187 1144 4267 ipsi
1193 4205 1395 4247 tamen
1431 4206 1556 4246 non
1591 4186 1950 4247 debuissent
1984 4185 2070 4245 sic
2104 4201 2281 4262 agere
2317 4199 2527 4244 contra
2561 4202 2727 4259 eum,
2759 4197 2827 4242 ut
2857 4182 2922 4241 in
2954 4201 3136 4242 causa
3168 4201 3273 4243 sua

670 4291 854 4352 iidem
905 4293 1138 4354 iudices
1188 4309 1244 4353 et
1290 4307 1642 4354 executores
1683 4291 2020 4361 existerent,
2068 4290 2305 4352 vassalli
2340 4304 2549 4350 contra
2584 4288 2934 4361 dominum,
2969 4303 3025 4349 et
3057 4288 3275 4348 milites

670 4417 880 4461 contra
927 4419 1132 4479 regem
1181 4400 1424 4482 publice
1458 4402 1868 4476 coniurantes,
1901 4419 2029 4461 non
2064 4399 2270 4459 solum
2302 4418 2447 4458 cum
2482 4397 2631 4472 aliis,
2664 4397 2770 4457 sed
2805 4416 2949 4457 cum
2982 4396 3115 4457 eius
3147 4416 3272 4457 ma-

669 4508 1074 4570 nifestissimis
1107 4509 1371 4571 inimicis
1404 4488 1947 4591 praesumpserunt
1978 4524 2187 4569 contra
2223 4527 2366 4568 eum
2400 4526 2563 4566 arma
2599 4522 2865 4579 movere,
2900 4518 3273 4585 occupantes

669 4631 726 4675 et
759 4618 1140 4677 devastantes
1171 4633 1357 4679 terras
1391 4617 1582 4689 illius3
1633 4617 1712 4677 ita
1747 4635 2026 4696 quoque,
2058 4615 2230 4695 quod
2266 4613 2568 4674 civitatem
2603 4611 3085 4687 Londinensem,
3117 4627 3273 4691 quae

669 4724 844 4782 sedes
877 4738 964 4783 est
997 4723 1189 4800 regni,
1225 4722 1570 4803 proditione
1603 4721 1716 4782 sibi
1748 4721 2030 4782 traditam
2062 4722 2440 4782 invaserunt.
2477 4719 2723 4779 Interim
2756 4715 3039 4799 praefatis
3072 4730 3275 4777 autem

671 4831 909 4893 nunciis
941 4832 1402 4903 revertentibuS,
1439 4850 1539 4892 rex
1571 4830 1792 4890 obtulit
1823 4829 1913 4890 eis
1945 4829 2288 4890 secundum
2313 4827 2575 4888 formam
2598 4826 2868 4887 mandati
2892 4824 3083 4886 nostri
3104 4822 3272 4884 iusti·

667 4942 780 5002 tiae
813 4940 1261 5022 plenitudinem
1294 4938 1600 5013 exhibere,
1632 4956 1819 5017 quam
1855 4937 1968 5016 ipsi
2003 4935 2264 4996 omnino
2295 4951 2666 5016 spernentes,
2698 4948 3035 5013 coeperunt
3055 4948 3274 4992 manus
