<?xml version="1.0" encoding="UTF-8"?>
<!DOCTYPE html PUBLIC "-//W3C//DTD XHTML 1.0 Transitional//EN"
    "http://www.w3.org/TR/xhtml1/DTD/xhtml1-transitional.dtd">
<html xmlns="http://www.w3.org/1999/xhtml" xml:lang="en" lang="en">
 <head>
  <title>
</title>
<meta http-equiv="Content-Type" content="text/html;charset=utf-8" />
  <meta name='ocr-system' content='tesseract 3.04.00' />
  <meta name='ocr-capabilities' content='ocr_page ocr_carea ocr_par ocr_line ocrx_word'/>
</head>
<body>
  <div class='ocr_page' id='page_1' title='image "./fontesiuriscano00unkngoog/fontesiuriscano00unkngoog_0441.png"; bbox 0 0 3684 5416; ppageno 0'>
   <div class='ocr_carea' id='block_1_1' title="bbox 368 1537 420 1570">
    <p class='ocr_par' dir='ltr' id='par_1_1' title="bbox 368 1537 420 1570">
     <span class='ocr_line' id='line_1_1' title="bbox 368 1537 420 1570; baseline -0.038 0"><span class='ocrx_word' id='word_1_1' title='bbox 368 1537 420 1570; x_wconf 81' lang='lat'>10</span> 
     </span>
    </p>
   </div>
   <div class='ocr_carea' id='block_1_2' title="bbox 370 2069 418 2114">
    <p class='ocr_par' dir='ltr' id='par_1_2' title="bbox 370 2069 418 2114">
     <span class='ocr_line' id='line_1_2' title="bbox 370 2069 418 2114; baseline 0 0"><span class='ocrx_word' id='word_1_2' title='bbox 370 2069 418 2114; x_wconf 84' lang='lat'>¹5</span> 
     </span>
    </p>
   </div>
   <div class='ocr_carea' id='block_1_3' title="bbox 367 2613 422 2645">
    <p class='ocr_par' dir='ltr' id='par_1_3' title="bbox 367 2613 422 2645">
     <span class='ocr_line' id='line_1_3' title="bbox 367 2613 422 2645; baseline 0 0"><span class='ocrx_word' id='word_1_3' title='bbox 367 2613 422 2645; x_wconf 77' lang='lat'>20</span> 
     </span>
    </p>
   </div>
   <div class='ocr_carea' id='block_1_4' title="bbox 369 3150 421 3194">
    <p class='ocr_par' dir='ltr' id='par_1_4' title="bbox 369 3150 421 3194">
     <span class='ocr_line' id='line_1_4' title="bbox 369 3150 421 3194; baseline 0 0"><span class='ocrx_word' id='word_1_4' title='bbox 369 3150 421 3194; x_wconf 80' lang='lat'>²5</span> 
     </span>
    </p>
   </div>
   <div class='ocr_carea' id='block_1_5' title="bbox 371 3684 426 3729">
    <p class='ocr_par' dir='ltr' id='par_1_5' title="bbox 371 3684 426 3729">
     <span class='ocr_line' id='line_1_5' title="bbox 371 3684 426 3729; baseline 0 -14"><span class='ocrx_word' id='word_1_5' title='bbox 371 3684 426 3729; x_wconf 72' lang='lat'>30</span> 
     </span>
    </p>
   </div>
   <div class='ocr_carea' id='block_1_6' title="bbox 372 4217 424 4262">
    <p class='ocr_par' dir='ltr' id='par_1_6' title="bbox 372 4217 424 4262">
     <span class='ocr_line' id='line_1_6' title="bbox 372 4217 424 4262; baseline -0.019 0"><span class='ocrx_word' id='word_1_6' title='bbox 372 4217 424 4262; x_wconf 82' lang='lat'>35</span> 
     </span>
    </p>
   </div>
   <div class='ocr_carea' id='block_1_7' title="bbox 1470 363 3081 443">
    <p class='ocr_par' dir='ltr' id='par_1_7' title="bbox 1470 363 3081 443">
     <span class='ocr_line' id='line_1_7' title="bbox 1470 363 3081 443; baseline -0.001 -25"><span class='ocrx_word' id='word_1_7' title='bbox 1470 363 1736 419; x_wconf 83' lang='lat' dir='ltr'>Pontifex</span> <span class='ocrx_word' id='word_1_8' title='bbox 1777 381 2070 419; x_wconf 89' lang='lat' dir='ltr'>romanus.</span> <span class='ocrx_word' id='word_1_9' title='bbox 2977 391 3049 442; x_wconf 86' lang='lat'>40</span> <span class='ocrx_word' id='word_1_10' title='bbox 3055 392 3081 443; x_wconf 76' lang='lat'>5</span> 
     </span>
    </p>
   </div>
   <div class='ocr_carea' id='block_1_8' title="bbox 2783 449 3086 457">
    <p class='ocr_par' dir='ltr' id='par_1_8' title="bbox 2783 449 3086 457">
     <span class='ocr_line' id='line_1_8' title="bbox 2783 449 3086 457; baseline -0.003 0"><span class='ocrx_word' id='word_1_11' title='bbox 2783 449 3086 457; x_wconf 60' lang='lat' dir='ltr'>v———-=—-—-</span> 
     </span>
    </p>
   </div>
   <div class='ocr_carea' id='block_1_9' title="bbox 467 547 3109 5024">
    <p class='ocr_par' dir='ltr' id='par_1_9' title="bbox 467 547 3087 736">
     <span class='ocr_line' id='line_1_9' title="bbox 467 547 3087 635; baseline 0.003 -23"><span class='ocrx_word' id='word_1_12' title='bbox 467 552 762 635; x_wconf 90' lang='lat' dir='ltr'>priaeque</span> <span class='ocrx_word' id='word_1_13' title='bbox 812 549 1249 628; x_wconf 88' lang='lat' dir='ltr'>jurisdictionis</span> <span class='ocrx_word' id='word_1_14' title='bbox 1296 547 1631 630; x_wconf 89' lang='lat' dir='ltr'>primatum</span> <span class='ocrx_word' id='word_1_15' title='bbox 1683 551 1759 608; x_wconf 88' lang='lat' dir='ltr'>ab</span> <span class='ocrx_word' id='word_1_16' title='bbox 1809 549 2034 610; x_wconf 92' lang='lat' dir='ltr'>eodem</span> <span class='ocrx_word' id='word_1_17' title='bbox 2081 549 2356 611; x_wconf 88' lang='lat' dir='ltr'>Domino</span> <span class='ocrx_word' id='word_1_18' title='bbox 2402 568 2615 613; x_wconf 87' lang='lat' dir='ltr'>nostro</span> <span class='ocrx_word' id='word_1_19' title='bbox 2660 555 2803 616; x_wconf 89' lang='lat' dir='ltr'>Jesu</span> <span class='ocrx_word' id='word_1_20' title='bbox 2839 557 3087 618; x_wconf 86' lang='lat' dir='ltr'>Christo</span> 
     </span>
     <span class='ocr_line' id='line_1_10' title="bbox 467 656 2043 736; baseline -0.003 -15"><span class='ocrx_word' id='word_1_21' title='bbox 467 659 692 722; x_wconf 87' lang='lat' dir='ltr'>directe</span> <span class='ocrx_word' id='word_1_22' title='bbox 726 674 784 719; x_wconf 90' lang='lat' dir='ltr'>et</span> <span class='ocrx_word' id='word_1_23' title='bbox 817 657 1171 719; x_wconf 80' lang='lat' dir='ltr'>immediate</span> <span class='ocrx_word' id='word_1_24' title='bbox 1202 656 1542 736; x_wconf 85' lang='lat' dir='ltr'>accepisse;</span> <span class='ocrx_word' id='word_1_25' title='bbox 1592 656 1920 717; x_wconf 89' lang='lat' dir='ltr'>anathema</span> <span class='ocrx_word' id='word_1_26' title='bbox 1952 656 2043 718; x_wconf 90' lang='lat' dir='ltr'>sit.</span> 
     </span>
    </p>

    <p class='ocr_par' dir='ltr' id='par_1_10' title="bbox 468 763 3106 2990">
     <span class='ocr_line' id='line_1_11' title="bbox 679 763 3089 848; baseline 0.002 -21"><span class='ocrx_word' id='word_1_27' title='bbox 679 767 830 847; x_wconf 89' lang='lat' dir='ltr'>Cap.</span> <span class='ocrx_word' id='word_1_28' title='bbox 868 766 931 826; x_wconf 94' lang='lat'>11.</span> <span class='ocrx_word' id='word_1_29' title='bbox 964 765 1065 826; x_wconf 78' lang='lat' dir='ltr'>De</span> <span class='ocrx_word' id='word_1_30' title='bbox 1082 766 1492 847; x_wconf 79' lang='lat' dir='ltr'>perpetuitate</span> <span class='ocrx_word' id='word_1_31' title='bbox 1510 766 1825 845; x_wconf 81' lang='lat' dir='ltr'><em>primatus</em></span> <span class='ocrx_word' id='word_1_32' title='bbox 1859 763 2025 824; x_wconf 82' lang='lat' dir='ltr'>beati</span> <span class='ocrx_word' id='word_1_33' title='bbox 2043 764 2224 825; x_wconf 75' lang='lat' dir='ltr'>Petri</span> <span class='ocrx_word' id='word_1_34' title='bbox 2250 767 2314 826; x_wconf 85' lang='lat' dir='ltr'>in</span> <span class='ocrx_word' id='word_1_35' title='bbox 2336 765 2635 828; x_wconf 82' lang='lat' dir='ltr'>Romanis</span> <span class='ocrx_word' id='word_1_36' title='bbox 2654 768 3089 848; x_wconf 54' lang='lat' dir='ltr'>Pontificibus</span> 
     </span>
     <span class='ocr_line' id='line_1_12' title="bbox 470 870 3092 959; baseline 0.002 -25"><span class='ocrx_word' id='word_1_37' title='bbox 470 873 662 949; x_wconf 91' lang='lat' dir='ltr'>Quod</span> <span class='ocrx_word' id='word_1_38' title='bbox 710 888 917 936; x_wconf 89' lang='lat' dir='ltr'>autem</span> <span class='ocrx_word' id='word_1_39' title='bbox 953 872 1016 934; x_wconf 93' lang='lat' dir='ltr'>in</span> <span class='ocrx_word' id='word_1_40' title='bbox 1061 875 1244 933; x_wconf 90' lang='lat' dir='ltr'>beato</span> <span class='ocrx_word' id='word_1_41' title='bbox 1276 870 1582 952; x_wconf 86' lang='lat' dir='ltr'>Apostolo</span> <span class='ocrx_word' id='word_1_42' title='bbox 1616 871 1798 932; x_wconf 89' lang='lat' dir='ltr'>Petro</span> <span class='ocrx_word' id='word_1_43' title='bbox 1832 870 2112 952; x_wconf 88' lang='lat' dir='ltr'>princeps</span> <span class='ocrx_word' id='word_1_44' title='bbox 2146 887 2463 953; x_wconf 89' lang='lat' dir='ltr'>pastorum</span> <span class='ocrx_word' id='word_1_45' title='bbox 2497 890 2554 934; x_wconf 92' lang='lat' dir='ltr'>et</span> <span class='ocrx_word' id='word_1_46' title='bbox 2588 892 2793 955; x_wconf 88' lang='lat' dir='ltr'>pastor</span> <span class='ocrx_word' id='word_1_47' title='bbox 2825 895 3092 959; x_wconf 85' lang='lat' dir='ltr'>magnus</span> 
     </span>
     <span class='ocr_line' id='line_1_13' title="bbox 468 976 3091 1062; baseline -0 -16"><span class='ocrx_word' id='word_1_48' title='bbox 468 983 683 1046; x_wconf 89' lang='lat' dir='ltr'>ovium</span> <span class='ocrx_word' id='word_1_49' title='bbox 717 982 1030 1043; x_wconf 84' lang='lat' dir='ltr'>Dominus</span> <span class='ocrx_word' id='word_1_50' title='bbox 1061 980 1345 1041; x_wconf 85' lang='lat' dir='ltr'>Christus</span> <span class='ocrx_word' id='word_1_51' title='bbox 1375 979 1551 1040; x_wconf 88' lang='lat' dir='ltr'>Jesus</span> <span class='ocrx_word' id='word_1_52' title='bbox 1598 976 1663 1039; x_wconf 92' lang='lat' dir='ltr'>in</span> <span class='ocrx_word' id='word_1_53' title='bbox 1711 994 2073 1060; x_wconf 90' lang='lat' dir='ltr'>perpetuam</span> <span class='ocrx_word' id='word_1_54' title='bbox 2119 980 2382 1041; x_wconf 90' lang='lat' dir='ltr'>salutem</span> <span class='ocrx_word' id='word_1_55' title='bbox 2429 1001 2497 1042; x_wconf 89' lang='lat' dir='ltr'>ac</span> <span class='ocrx_word' id='word_1_56' title='bbox 2546 1001 2817 1062; x_wconf 92' lang='lat' dir='ltr'>perenne</span> <span class='ocrx_word' id='word_1_57' title='bbox 2851 986 3091 1046; x_wconf 91' lang='lat' dir='ltr'>bonum</span> 
     </span>
     <span class='ocr_line' id='line_1_14' title="bbox 470 1086 3091 1171; baseline 0 -19"><span class='ocrx_word' id='word_1_58' title='bbox 470 1091 774 1153; x_wconf 79' lang='lat' dir='ltr'>Ecclesiae</span> <span class='ocrx_word' id='word_1_59' title='bbox 807 1089 1081 1166; x_wconf 82' lang='lat' dir='ltr'>instituit,</span> <span class='ocrx_word' id='word_1_60' title='bbox 1116 1088 1175 1149; x_wconf 90' lang='lat' dir='ltr'>id</span> <span class='ocrx_word' id='word_1_61' title='bbox 1210 1087 1434 1148; x_wconf 90' lang='lat' dir='ltr'>eodem</span> <span class='ocrx_word' id='word_1_62' title='bbox 1467 1101 1716 1147; x_wconf 90' lang='lat' dir='ltr'>auctore</span> <span class='ocrx_word' id='word_1_63' title='bbox 1751 1086 1816 1147; x_wconf 91' lang='lat' dir='ltr'>in</span> <span class='ocrx_word' id='word_1_64' title='bbox 1838 1086 2125 1166; x_wconf 85' lang='lat' dir='ltr'>Ecclesia,</span> <span class='ocrx_word' id='word_1_65' title='bbox 2159 1107 2317 1168; x_wconf 83' lang='lat' dir='ltr'>quae</span> <span class='ocrx_word' id='word_1_66' title='bbox 2352 1088 2605 1150; x_wconf 89' lang='lat' dir='ltr'>fundata</span> <span class='ocrx_word' id='word_1_67' title='bbox 2638 1109 2824 1170; x_wconf 89' lang='lat' dir='ltr'>super</span> <span class='ocrx_word' id='word_1_68' title='bbox 2856 1108 3091 1171; x_wconf 89' lang='lat' dir='ltr'>petram</span> 
     </span>
     <span class='ocr_line' id='line_1_15' title="bbox 470 1181 3092 1275; baseline 0 -17"><span class='ocrx_word' id='word_1_69' title='bbox 470 1198 546 1258; x_wconf 88' lang='lat' dir='ltr'>ad</span> <span class='ocrx_word' id='word_1_70' title='bbox 592 1196 784 1257; x_wconf 86' lang='lat' dir='ltr'>finem</span> <span class='ocrx_word' id='word_1_71' title='bbox 815 1181 1223 1257; x_wconf 48' lang='lat' dir='ltr'>&#39;saeculorum</span> <span class='ocrx_word' id='word_1_72' title='bbox 1257 1213 1459 1275; x_wconf 90' lang='lat' dir='ltr'>usque</span> <span class='ocrx_word' id='word_1_73' title='bbox 1506 1191 1680 1254; x_wconf 86' lang='lat' dir='ltr'>firma</span> <span class='ocrx_word' id='word_1_74' title='bbox 1727 1193 1925 1272; x_wconf 84' lang='lat' dir='ltr'>stabit,</span> <span class='ocrx_word' id='word_1_75' title='bbox 1958 1193 2178 1274; x_wconf 84' lang='lat' dir='ltr'>jugiter</span> <span class='ocrx_word' id='word_1_76' title='bbox 2209 1195 2428 1256; x_wconf 90' lang='lat' dir='ltr'>durare</span> <span class='ocrx_word' id='word_1_77' title='bbox 2463 1215 2710 1258; x_wconf 88' lang='lat' dir='ltr'>necesse</span> <span class='ocrx_word' id='word_1_78' title='bbox 2743 1214 2852 1259; x_wconf 90' lang='lat' dir='ltr'>est.</span> <span class='ocrx_word' id='word_1_79' title='bbox 2920 1198 3092 1260; x_wconf 89' lang='lat' dir='ltr'>Nulli</span> 
     </span>
     <span class='ocr_line' id='line_1_16' title="bbox 470 1300 3090 1382; baseline 0 -18"><span class='ocrx_word' id='word_1_80' title='bbox 470 1324 614 1365; x_wconf 89' lang='lat' dir='ltr'>sane</span> <span class='ocrx_word' id='word_1_81' title='bbox 648 1303 929 1380; x_wconf 90' lang='lat' dir='ltr'>dubium,</span> <span class='ocrx_word' id='word_1_82' title='bbox 966 1302 1162 1364; x_wconf 90' lang='lat' dir='ltr'>immo</span> <span class='ocrx_word' id='word_1_83' title='bbox 1192 1300 1451 1364; x_wconf 88' lang='lat' dir='ltr'>saeculis</span> <span class='ocrx_word' id='word_1_84' title='bbox 1483 1301 1780 1362; x_wconf 92' lang='lat' dir='ltr'>omnibus</span> <span class='ocrx_word' id='word_1_85' title='bbox 1812 1315 2035 1362; x_wconf 92' lang='lat' dir='ltr'>notum</span> <span class='ocrx_word' id='word_1_86' title='bbox 2069 1318 2176 1379; x_wconf 84' lang='lat' dir='ltr'>est,</span> <span class='ocrx_word' id='word_1_87' title='bbox 2208 1303 2385 1382; x_wconf 91' lang='lat' dir='ltr'>quod</span> <span class='ocrx_word' id='word_1_88' title='bbox 2403 1318 2654 1364; x_wconf 90' lang='lat' dir='ltr'>sanctus</span> <span class='ocrx_word' id='word_1_89' title='bbox 2674 1303 3090 1366; x_wconf 83' lang='lat' dir='ltr'>beatissimus-</span> 
     </span>
     <span class='ocr_line' id='line_1_17' title="bbox 471 1407 3086 1492; baseline 0 -20"><span class='ocrx_word' id='word_1_90' title='bbox 471 1431 593 1492; x_wconf 89' lang='lat' dir='ltr'>que</span> <span class='ocrx_word' id='word_1_91' title='bbox 627 1411 861 1488; x_wconf 89' lang='lat' dir='ltr'>Petrus,</span> <span class='ocrx_word' id='word_1_92' title='bbox 911 1410 1338 1491; x_wconf 87' lang='lat' dir='ltr'>apostolorum</span> <span class='ocrx_word' id='word_1_93' title='bbox 1374 1407 1666 1490; x_wconf 89' lang='lat' dir='ltr'>princeps</span> <span class='ocrx_word' id='word_1_94' title='bbox 1711 1424 1768 1468; x_wconf 90' lang='lat' dir='ltr'>et</span> <span class='ocrx_word' id='word_1_95' title='bbox 1812 1423 1998 1489; x_wconf 89' lang='lat' dir='ltr'>caput</span> <span class='ocrx_word' id='word_1_96' title='bbox 2039 1407 2309 1489; x_wconf 86' lang='lat' dir='ltr'>fideique</span> <span class='ocrx_word' id='word_1_97' title='bbox 2342 1410 2655 1488; x_wconf 90' lang='lat' dir='ltr'>columna,</span> <span class='ocrx_word' id='word_1_98' title='bbox 2691 1426 2749 1471; x_wconf 92' lang='lat' dir='ltr'>et</span> <span class='ocrx_word' id='word_1_99' title='bbox 2780 1409 3086 1472; x_wconf 85' lang='lat' dir='ltr'>Ecclesiae</span> 
     </span>
     <span class='ocr_line' id='line_1_18' title="bbox 472 1515 3085 1594; baseline -0.001 -15"><span class='ocrx_word' id='word_1_100' title='bbox 472 1517 804 1579; x_wconf 90' lang='lat' dir='ltr'>catholicae</span> <span class='ocrx_word' id='word_1_101' title='bbox 840 1516 1336 1594; x_wconf 89' lang='lat' dir='ltr'>fundamentum,</span> <span class='ocrx_word' id='word_1_102' title='bbox 1371 1537 1404 1576; x_wconf 90' lang='lat' dir='ltr'>a</span> <span class='ocrx_word' id='word_1_103' title='bbox 1439 1515 1716 1577; x_wconf 87' lang='lat' dir='ltr'>Domino</span> <span class='ocrx_word' id='word_1_104' title='bbox 1749 1515 1980 1576; x_wconf 90' lang='lat' dir='ltr'>Nostro</span> <span class='ocrx_word' id='word_1_105' title='bbox 2011 1516 2155 1577; x_wconf 82' lang='lat' dir='ltr'>Jesu</span> <span class='ocrx_word' id='word_1_106' title='bbox 2177 1515 2447 1594; x_wconf 90' lang='lat' dir='ltr'>Christo,</span> <span class='ocrx_word' id='word_1_107' title='bbox 2482 1515 2794 1578; x_wconf 86' lang='lat' dir='ltr'>Salvatore</span> <span class='ocrx_word' id='word_1_108' title='bbox 2828 1518 3085 1579; x_wconf 87' lang='lat' dir='ltr'>humani</span> 
     </span>
     <span class='ocr_line' id='line_1_19' title="bbox 472 1622 3106 1705; baseline 0.002 -19"><span class='ocrx_word' id='word_1_109' title='bbox 472 1624 711 1704; x_wconf 86' lang='lat' dir='ltr'>generis</span> <span class='ocrx_word' id='word_1_110' title='bbox 758 1644 827 1685; x_wconf 90' lang='lat' dir='ltr'>ac</span> <span class='ocrx_word' id='word_1_111' title='bbox 862 1624 1297 1705; x_wconf 89' lang='lat' dir='ltr'>Redemptore,</span> <span class='ocrx_word' id='word_1_112' title='bbox 1344 1623 1544 1683; x_wconf 91' lang='lat' dir='ltr'>claves</span> <span class='ocrx_word' id='word_1_113' title='bbox 1576 1622 1750 1701; x_wconf 84' lang='lat' dir='ltr'>regni</span> <span class='ocrx_word' id='word_1_114' title='bbox 1798 1622 2070 1703; x_wconf 84' lang='lat' dir='ltr'>accepit:</span> <span class='ocrx_word' id='word_1_115' title='bbox 2120 1624 2229 1703; x_wconf 86' lang='lat' dir='ltr'>qui</span> <span class='ocrx_word' id='word_1_116' title='bbox 2261 1626 2336 1685; x_wconf 90' lang='lat' dir='ltr'>ad</span> <span class='ocrx_word' id='word_1_117' title='bbox 2371 1625 2492 1685; x_wconf 92' lang='lat' dir='ltr'>hoc</span> <span class='ocrx_word' id='word_1_118' title='bbox 2526 1644 2723 1705; x_wconf 91' lang='lat' dir='ltr'>usque</span> <span class='ocrx_word' id='word_1_119' title='bbox 2756 1641 3000 1705; x_wconf 90' lang='lat' dir='ltr'>tempus</span> <span class='ocrx_word' id='word_1_120' title='bbox 3031 1642 3106 1690; x_wconf 25' lang='lat' dir='ltr'>et.</span> 
     </span>
     <span class='ocr_line' id='line_1_20' title="bbox 473 1729 3091 1813; baseline -0 -20"><span class='ocrx_word' id='word_1_121' title='bbox 473 1751 715 1813; x_wconf 85' lang='lat' dir='ltr'>semper</span> <span class='ocrx_word' id='word_1_122' title='bbox 764 1732 825 1793; x_wconf 91' lang='lat' dir='ltr'>in</span> <span class='ocrx_word' id='word_1_123' title='bbox 877 1730 1005 1792; x_wconf 91' lang='lat' dir='ltr'>suis</span> <span class='ocrx_word' id='word_1_124' title='bbox 1053 1730 1537 1806; x_wconf 90' lang='lat' dir='ltr'>successoribus,</span> <span class='ocrx_word' id='word_1_125' title='bbox 1585 1729 1890 1810; x_wconf 87' lang='lat' dir='ltr'>episcopis</span> <span class='ocrx_word' id='word_1_126' title='bbox 1936 1744 2177 1791; x_wconf 88' lang='lat' dir='ltr'>sanctae</span> <span class='ocrx_word' id='word_1_127' title='bbox 2222 1732 2547 1794; x_wconf 78' lang='lat' dir='ltr'>Romanae</span> <span class='ocrx_word' id='word_1_128' title='bbox 2591 1732 2786 1807; x_wconf 88' lang='lat' dir='ltr'>Sedis,</span> <span class='ocrx_word' id='word_1_129' title='bbox 2832 1734 2908 1792; x_wconf 93' lang='lat' dir='ltr'>ab</span> <span class='ocrx_word' id='word_1_130' title='bbox 2954 1731 3091 1813; x_wconf 90' lang='lat' dir='ltr'>ipso</span> 
     </span>
     <span class='ocr_line' id='line_1_21' title="bbox 475 1836 3090 1919; baseline 0.001 -20"><span class='ocrx_word' id='word_1_131' title='bbox 475 1838 777 1915; x_wconf 84' lang='lat' dir='ltr'>fundatae,</span> <span class='ocrx_word' id='word_1_132' title='bbox 813 1837 1071 1919; x_wconf 82' lang='lat' dir='ltr'>ejusque</span> <span class='ocrx_word' id='word_1_133' title='bbox 1106 1851 1494 1899; x_wconf 87' lang='lat' dir='ltr'>consecratae</span> <span class='ocrx_word' id='word_1_134' title='bbox 1527 1836 1845 1915; x_wconf 85' lang='lat' dir='ltr'>sanguine,</span> <span class='ocrx_word' id='word_1_135' title='bbox 1892 1837 2035 1899; x_wconf 90' lang='lat' dir='ltr'>vivit</span> <span class='ocrx_word' id='word_1_136' title='bbox 2073 1854 2131 1898; x_wconf 91' lang='lat' dir='ltr'>et</span> <span class='ocrx_word' id='word_1_137' title='bbox 2165 1838 2465 1918; x_wconf 86' lang='lat' dir='ltr'>praesidet</span> <span class='ocrx_word' id='word_1_138' title='bbox 2497 1855 2556 1900; x_wconf 92' lang='lat' dir='ltr'>et</span> <span class='ocrx_word' id='word_1_139' title='bbox 2587 1838 2890 1916; x_wconf 90' lang='lat' dir='ltr'>judicium</span> <span class='ocrx_word' id='word_1_140' title='bbox 2922 1859 3090 1901; x_wconf 80' lang='lat' dir='ltr'>exer-</span> 
     </span>
     <span class='ocr_line' id='line_1_22' title="bbox 475 1941 3091 2026; baseline 0 -20"><span class='ocrx_word' id='word_1_141' title='bbox 475 1962 584 2007; x_wconf 88' lang='lat' dir='ltr'>cet.</span> <span class='ocrx_word' id='word_1_142' title='bbox 621 1946 716 2021; x_wconf 89' lang='lat' dir='ltr'>(cf.</span> <span class='ocrx_word' id='word_1_143' title='bbox 750 1944 1047 2026; x_wconf 86' lang='lat' dir='ltr'>Ephesini</span> <span class='ocrx_word' id='word_1_144' title='bbox 1080 1943 1342 2005; x_wconf 91' lang='lat' dir='ltr'>Concilii</span> <span class='ocrx_word' id='word_1_145' title='bbox 1376 1958 1489 2004; x_wconf 83' lang='lat' dir='ltr'>act.</span> <span class='ocrx_word' id='word_1_146' title='bbox 1525 1941 1641 2018; x_wconf 91' lang='lat'>111.)</span> <span class='ocrx_word' id='word_1_147' title='bbox 1706 1943 1890 2005; x_wconf 88' lang='lat' dir='ltr'>Unde</span> <span class='ocrx_word' id='word_1_148' title='bbox 1924 1943 2308 2024; x_wconf 87' lang='lat' dir='ltr'>quicumque</span> <span class='ocrx_word' id='word_1_149' title='bbox 2342 1945 2406 2006; x_wconf 92' lang='lat' dir='ltr'>in</span> <span class='ocrx_word' id='word_1_150' title='bbox 2443 1946 2555 2006; x_wconf 86' lang='lat' dir='ltr'>hac</span> <span class='ocrx_word' id='word_1_151' title='bbox 2589 1946 2876 2007; x_wconf 85' lang='lat' dir='ltr'>cathedra</span> <span class='ocrx_word' id='word_1_152' title='bbox 2909 1947 3091 2008; x_wconf 85' lang='lat' dir='ltr'>Petro</span> 
     </span>
     <span class='ocr_line' id='line_1_23' title="bbox 474 2030 3092 2132; baseline -0 -20"><span class='ocrx_word' id='word_1_153' title='bbox 474 2053 761 2130; x_wconf 88' lang='lat' dir='ltr'>succedit,</span> <span class='ocrx_word' id='word_1_154' title='bbox 808 2053 857 2112; x_wconf 91' lang='lat' dir='ltr'>is</span> <span class='ocrx_word' id='word_1_155' title='bbox 903 2030 1250 2114; x_wconf 82' lang='lat' dir='ltr'>secundum</span> <span class='ocrx_word' id='word_1_156' title='bbox 1282 2049 1510 2112; x_wconf 89' lang='lat' dir='ltr'>Christi</span> <span class='ocrx_word' id='word_1_157' title='bbox 1558 2050 1749 2131; x_wconf 87' lang='lat' dir='ltr'>ipsius</span> <span class='ocrx_word' id='word_1_158' title='bbox 1796 2051 2245 2112; x_wconf 88' lang='lat' dir='ltr'>institutionem</span> <span class='ocrx_word' id='word_1_159' title='bbox 2291 2051 2624 2132; x_wconf 89' lang='lat' dir='ltr'>primatum</span> <span class='ocrx_word' id='word_1_160' title='bbox 2658 2052 2819 2112; x_wconf 88' lang='lat' dir='ltr'>Petri</span> <span class='ocrx_word' id='word_1_161' title='bbox 2853 2052 2916 2112; x_wconf 92' lang='lat' dir='ltr'>in</span> <span class='ocrx_word' id='word_1_162' title='bbox 2951 2051 3092 2113; x_wconf 88' lang='lat' dir='ltr'>uni-</span> 
     </span>
     <span class='ocr_line' id='line_1_24' title="bbox 475 2157 3092 2239; baseline -0 -20"><span class='ocrx_word' id='word_1_163' title='bbox 475 2178 707 2234; x_wconf 60' lang='lat' dir='ltr'>wgersam</span> <span class='ocrx_word' id='word_1_164' title='bbox 746 2157 1081 2219; x_wconf 85' lang='lat' dir='ltr'>Ecclesiam</span> <span class='ocrx_word' id='word_1_165' title='bbox 1114 2157 1366 2220; x_wconf 90' lang='lat' dir='ltr'>obtinet.</span> <span class='ocrx_word' id='word_1_166' title='bbox 1430 2157 1639 2219; x_wconf 89' lang='lat' dir='ltr'>Manet</span> <span class='ocrx_word' id='word_1_167' title='bbox 1670 2176 1818 2237; x_wconf 87' lang='lat' dir='ltr'>ergo</span> <span class='ocrx_word' id='word_1_168' title='bbox 1851 2157 2175 2239; x_wconf 86' lang='lat' dir='ltr'>dispositio</span> <span class='ocrx_word' id='word_1_169' title='bbox 2208 2157 2493 2236; x_wconf 85' lang='lat' dir='ltr'>veritatis,</span> <span class='ocrx_word' id='word_1_170' title='bbox 2540 2173 2598 2218; x_wconf 87' lang='lat' dir='ltr'>et</span> <span class='ocrx_word' id='word_1_171' title='bbox 2630 2161 2845 2220; x_wconf 90' lang='lat' dir='ltr'>beatus</span> <span class='ocrx_word' id='word_1_172' title='bbox 2879 2160 3092 2219; x_wconf 85' lang='lat' dir='ltr'>Petrus</span> 
     </span>
     <span class='ocr_line' id='line_1_25' title="bbox 474 2263 3086 2346; baseline -0 -19"><span class='ocrx_word' id='word_1_173' title='bbox 474 2266 535 2327; x_wconf 92' lang='lat' dir='ltr'>in</span> <span class='ocrx_word' id='word_1_174' title='bbox 585 2281 827 2346; x_wconf 89' lang='lat' dir='ltr'>accepta</span> <span class='ocrx_word' id='word_1_175' title='bbox 880 2264 1233 2326; x_wconf 87' lang='lat' dir='ltr'>fortitudine</span> <span class='ocrx_word' id='word_1_176' title='bbox 1285 2280 1487 2345; x_wconf 90' lang='lat' dir='ltr'>petrae</span> <span class='ocrx_word' id='word_1_177' title='bbox 1544 2282 1956 2344; x_wconf 88' lang='lat' dir='ltr'>perseverans,</span> <span class='ocrx_word' id='word_1_178' title='bbox 2002 2280 2284 2345; x_wconf 87' lang='lat' dir='ltr'>suscepta</span> <span class='ocrx_word' id='word_1_179' title='bbox 2317 2263 2622 2326; x_wconf 86' lang='lat' dir='ltr'>Ecclesiae</span> <span class='ocrx_word' id='word_1_180' title='bbox 2665 2265 3086 2344; x_wconf 82' lang='lat' dir='ltr'>gubernacula</span> 
     </span>
     <span class='ocr_line' id='line_1_26' title="bbox 475 2369 3089 2453; baseline -0 -20"><span class='ocrx_word' id='word_1_181' title='bbox 475 2393 605 2434; x_wconf 94' lang='lat' dir='ltr'>non</span> <span class='ocrx_word' id='word_1_182' title='bbox 637 2372 881 2453; x_wconf 91' lang='lat' dir='ltr'>reliquit</span> <span class='ocrx_word' id='word_1_183' title='bbox 913 2372 992 2447; x_wconf 84' lang='lat' dir='ltr'>(S.</span> <span class='ocrx_word' id='word_1_184' title='bbox 1028 2371 1156 2432; x_wconf 89' lang='lat' dir='ltr'>Leo</span> <span class='ocrx_word' id='word_1_185' title='bbox 1190 2372 1274 2433; x_wconf 90' lang='lat' dir='ltr'>M.</span> <span class='ocrx_word' id='word_1_186' title='bbox 1307 2371 1438 2432; x_wconf 90' lang='lat' dir='ltr'>Ser.</span> <span class='ocrx_word' id='word_1_187' title='bbox 1474 2370 1565 2432; x_wconf 91' lang='lat'>111.</span> <span class='ocrx_word' id='word_1_188' title='bbox 1599 2369 1690 2450; x_wconf 87' lang='lat' dir='ltr'>[al.</span> <span class='ocrx_word' id='word_1_189' title='bbox 1723 2369 1793 2450; x_wconf 90' lang='lat'>11]</span> <span class='ocrx_word' id='word_1_190' title='bbox 1827 2390 1957 2452; x_wconf 89' lang='lat' dir='ltr'>cap.</span> <span class='ocrx_word' id='word_1_191' title='bbox 1999 2372 2074 2451; x_wconf 86' lang='lat'>3).</span> <span class='ocrx_word' id='word_1_192' title='bbox 2137 2371 2272 2433; x_wconf 86' lang='lat' dir='ltr'>Hac</span> <span class='ocrx_word' id='word_1_193' title='bbox 2305 2372 2380 2432; x_wconf 93' lang='lat' dir='ltr'>de</span> <span class='ocrx_word' id='word_1_194' title='bbox 2414 2392 2594 2434; x_wconf 91' lang='lat' dir='ltr'>causa</span> <span class='ocrx_word' id='word_1_195' title='bbox 2627 2373 2701 2434; x_wconf 90' lang='lat' dir='ltr'>ad</span> <span class='ocrx_word' id='word_1_196' title='bbox 2737 2374 3089 2434; x_wconf 86' lang='lat' dir='ltr'>Romanam</span> 
     </span>
     <span class='ocr_line' id='line_1_27' title="bbox 474 2478 3090 2561; baseline -0.001 -20"><span class='ocrx_word' id='word_1_197' title='bbox 474 2480 805 2542; x_wconf 84' lang='lat' dir='ltr'>Ecclesiam</span> <span class='ocrx_word' id='word_1_198' title='bbox 826 2494 1078 2561; x_wconf 91' lang='lat' dir='ltr'>propter</span> <span class='ocrx_word' id='word_1_199' title='bbox 1108 2478 1521 2560; x_wconf 86' lang='lat' dir='ltr'>potentiorem</span> <span class='ocrx_word' id='word_1_200' title='bbox 1555 2478 2063 2559; x_wconf 87' lang='lat' dir='ltr'>principalitatem</span> <span class='ocrx_word' id='word_1_201' title='bbox 2101 2498 2350 2542; x_wconf 88' lang='lat' dir='ltr'>necesse</span> <span class='ocrx_word' id='word_1_202' title='bbox 2385 2499 2626 2561; x_wconf 87' lang='lat' dir='ltr'>semper</span> <span class='ocrx_word' id='word_1_203' title='bbox 2658 2479 2791 2556; x_wconf 82' lang='lat' dir='ltr'>fuit,</span> <span class='ocrx_word' id='word_1_204' title='bbox 2833 2497 3090 2541; x_wconf 90' lang='lat' dir='ltr'>omnem</span> 
     </span>
     <span class='ocr_line' id='line_1_28' title="bbox 475 2582 3089 2666; baseline -0.001 -18"><span class='ocrx_word' id='word_1_205' title='bbox 475 2587 805 2649; x_wconf 85' lang='lat' dir='ltr'>convenire</span> <span class='ocrx_word' id='word_1_206' title='bbox 853 2586 1195 2664; x_wconf 89' lang='lat' dir='ltr'>ecclesiam,</span> <span class='ocrx_word' id='word_1_207' title='bbox 1245 2585 1367 2648; x_wconf 90' lang='lat' dir='ltr'>hoc</span> <span class='ocrx_word' id='word_1_208' title='bbox 1412 2601 1522 2664; x_wconf 87' lang='lat' dir='ltr'>est,</span> <span class='ocrx_word' id='word_1_209' title='bbox 1573 2605 1700 2663; x_wconf 87' lang='lat' dir='ltr'>eos,</span> <span class='ocrx_word' id='word_1_210' title='bbox 1731 2585 1841 2666; x_wconf 94' lang='lat' dir='ltr'>qui</span> <span class='ocrx_word' id='word_1_211' title='bbox 1874 2601 2018 2646; x_wconf 89' lang='lat' dir='ltr'>sunt</span> <span class='ocrx_word' id='word_1_212' title='bbox 2051 2586 2332 2666; x_wconf 93' lang='lat' dir='ltr'>undique</span> <span class='ocrx_word' id='word_1_213' title='bbox 2365 2586 2594 2663; x_wconf 77' lang='lat' dir='ltr'>fideleS,</span> <span class='ocrx_word' id='word_1_214' title='bbox 2630 2603 2694 2648; x_wconf 94' lang='lat' dir='ltr'>ut</span> <span class='ocrx_word' id='word_1_215' title='bbox 2725 2588 2791 2649; x_wconf 91' lang='lat' dir='ltr'>in</span> <span class='ocrx_word' id='word_1_216' title='bbox 2824 2607 2892 2648; x_wconf 90' lang='lat' dir='ltr'>ea</span> <span class='ocrx_word' id='word_1_217' title='bbox 2925 2582 3089 2649; x_wconf 90' lang='lat' dir='ltr'>Sede</span> 
     </span>
     <span class='ocr_line' id='line_1_29' title="bbox 475 2691 3090 2776; baseline -0.001 -20"><span class='ocrx_word' id='word_1_218' title='bbox 475 2714 508 2756; x_wconf 92' lang='lat' dir='ltr'>e</span> <span class='ocrx_word' id='word_1_219' title='bbox 540 2715 664 2775; x_wconf 90' lang='lat' dir='ltr'>qua</span> <span class='ocrx_word' id='word_1_220' title='bbox 695 2694 1077 2756; x_wconf 88' lang='lat' dir='ltr'>venerandae</span> <span class='ocrx_word' id='word_1_221' title='bbox 1113 2692 1576 2756; x_wconf 87' lang='lat' dir='ltr'>communionis</span> <span class='ocrx_word' id='word_1_222' title='bbox 1610 2691 1739 2772; x_wconf 90' lang='lat' dir='ltr'>jura</span> <span class='ocrx_word' id='word_1_223' title='bbox 1773 2693 1836 2755; x_wconf 91' lang='lat' dir='ltr'>in</span> <span class='ocrx_word' id='word_1_224' title='bbox 1871 2714 2090 2757; x_wconf 90' lang='lat' dir='ltr'>omnes</span> <span class='ocrx_word' id='word_1_225' title='bbox 2122 2693 2460 2776; x_wconf 87' lang='lat' dir='ltr'>dimanant,</span> <span class='ocrx_word' id='word_1_226' title='bbox 2485 2713 2779 2776; x_wconf 89' lang='lat' dir='ltr'>tanquam</span> <span class='ocrx_word' id='word_1_227' title='bbox 2812 2696 3090 2756; x_wconf 89' lang='lat' dir='ltr'>membra</span> 
     </span>
     <span class='ocr_line' id='line_1_30' title="bbox 478 2800 3087 2884; baseline -0.001 -21"><span class='ocrx_word' id='word_1_228' title='bbox 478 2802 542 2863; x_wconf 92' lang='lat' dir='ltr'>in</span> <span class='ocrx_word' id='word_1_229' title='bbox 575 2802 767 2884; x_wconf 89' lang='lat' dir='ltr'>capite</span> <span class='ocrx_word' id='word_1_230' title='bbox 800 2800 1166 2880; x_wconf 84' lang='lat' dir='ltr'>consociata,</span> <span class='ocrx_word' id='word_1_231' title='bbox 1198 2802 1263 2863; x_wconf 95' lang='lat' dir='ltr'>in</span> <span class='ocrx_word' id='word_1_232' title='bbox 1296 2820 1486 2863; x_wconf 90' lang='lat' dir='ltr'>unam</span> <span class='ocrx_word' id='word_1_233' title='bbox 1518 2801 1793 2883; x_wconf 89' lang='lat' dir='ltr'>corporis</span> <span class='ocrx_word' id='word_1_234' title='bbox 1823 2820 2191 2884; x_wconf 84' lang='lat' dir='ltr'>compagem</span> <span class='ocrx_word' id='word_1_235' title='bbox 2213 2802 2623 2866; x_wconf 87' lang='lat' dir='ltr'>coalescerent</span> <span class='ocrx_word' id='word_1_236' title='bbox 2656 2801 2905 2877; x_wconf 80' lang='lat' dir='ltr'>(S.1ren.</span> <span class='ocrx_word' id='word_1_237' title='bbox 2929 2800 3087 2862; x_wconf 86' lang='lat' dir='ltr'>Adv.</span> 
     </span>
     <span class='ocr_line' id='line_1_31' title="bbox 476 2907 2908 2990; baseline -0 -20"><span class='ocrx_word' id='word_1_238' title='bbox 476 2910 638 2970; x_wconf 87' lang='lat' dir='ltr'>haer.</span> <span class='ocrx_word' id='word_1_239' title='bbox 671 2911 708 2970; x_wconf 90' lang='lat'>1.</span> <span class='ocrx_word' id='word_1_240' title='bbox 740 2908 834 2971; x_wconf 93' lang='lat' dir='ltr'>lll.</span> <span class='ocrx_word' id='word_1_241' title='bbox 869 2930 920 2969; x_wconf 95' lang='lat' dir='ltr'>c.</span> <span class='ocrx_word' id='word_1_242' title='bbox 960 2930 1013 2990; x_wconf 85' lang='lat'>3.</span> <span class='ocrx_word' id='word_1_243' title='bbox 1047 2925 1105 2969; x_wconf 93' lang='lat' dir='ltr'>et</span> <span class='ocrx_word' id='word_1_244' title='bbox 1136 2907 1376 2970; x_wconf 91' lang='lat' dir='ltr'>Concil.</span> <span class='ocrx_word' id='word_1_245' title='bbox 1408 2907 1620 2989; x_wconf 90' lang='lat' dir='ltr'>Aquil.</span> <span class='ocrx_word' id='word_1_246' title='bbox 1655 2930 1708 2971; x_wconf 88' lang='lat' dir='ltr'>a.</span> <span class='ocrx_word' id='word_1_247' title='bbox 1749 2910 1892 2989; x_wconf 82' lang='lat'>381.</span> <span class='ocrx_word' id='word_1_248' title='bbox 1928 2910 2081 2972; x_wconf 90' lang='lat' dir='ltr'>inter</span> <span class='ocrx_word' id='word_1_249' title='bbox 2113 2929 2206 2990; x_wconf 89' lang='lat' dir='ltr'>ep.</span> <span class='ocrx_word' id='word_1_250' title='bbox 2238 2910 2300 2970; x_wconf 89' lang='lat' dir='ltr'>S.</span> <span class='ocrx_word' id='word_1_251' title='bbox 2336 2912 2621 2971; x_wconf 88' lang='lat' dir='ltr'>Ambros.</span> <span class='ocrx_word' id='word_1_252' title='bbox 2656 2930 2752 2990; x_wconf 91' lang='lat' dir='ltr'>ep.</span> <span class='ocrx_word' id='word_1_253' title='bbox 2788 2909 2908 2987; x_wconf 84' lang='lat' dir='ltr'>xl).</span> 
     </span>
    </p>

    <p class='ocr_par' dir='ltr' id='par_1_11' title="bbox 475 3015 3092 3418">
     <span class='ocr_line' id='line_1_32' title="bbox 690 3015 3091 3097; baseline 0 -21"><span class='ocrx_word' id='word_1_254' title='bbox 690 3015 755 3078; x_wconf 89' lang='lat' dir='ltr'>Si</span> <span class='ocrx_word' id='word_1_255' title='bbox 801 3017 942 3097; x_wconf 89' lang='lat' dir='ltr'>quis</span> <span class='ocrx_word' id='word_1_256' title='bbox 988 3035 1136 3095; x_wconf 81' lang='lat' dir='ltr'>ergo</span> <span class='ocrx_word' id='word_1_257' title='bbox 1182 3015 1415 3089; x_wconf 86' lang='lat' dir='ltr'>dixerit,</span> <span class='ocrx_word' id='word_1_258' title='bbox 1462 3035 1590 3078; x_wconf 88' lang='lat' dir='ltr'>non</span> <span class='ocrx_word' id='word_1_259' title='bbox 1638 3036 1770 3079; x_wconf 87' lang='lat' dir='ltr'>esse</span> <span class='ocrx_word' id='word_1_260' title='bbox 1803 3036 1874 3078; x_wconf 88' lang='lat' dir='ltr'>ex</span> <span class='ocrx_word' id='word_1_261' title='bbox 1910 3016 2104 3097; x_wconf 90' lang='lat' dir='ltr'>ipsius</span> <span class='ocrx_word' id='word_1_262' title='bbox 2136 3016 2365 3078; x_wconf 88' lang='lat' dir='ltr'>Christi</span> <span class='ocrx_word' id='word_1_263' title='bbox 2396 3016 2651 3078; x_wconf 89' lang='lat' dir='ltr'>Domini</span> <span class='ocrx_word' id='word_1_264' title='bbox 2685 3015 3091 3094; x_wconf 87' lang='lat' dir='ltr'>institutione,</span> 
     </span>
     <span class='ocr_line' id='line_1_33' title="bbox 475 3123 3090 3205; baseline -0.001 -20"><span class='ocrx_word' id='word_1_265' title='bbox 475 3144 584 3185; x_wconf 87' lang='lat' dir='ltr'>seu</span> <span class='ocrx_word' id='word_1_266' title='bbox 630 3123 763 3202; x_wconf 88' lang='lat' dir='ltr'>jure</span> <span class='ocrx_word' id='word_1_267' title='bbox 813 3124 1042 3199; x_wconf 85' lang='lat' dir='ltr'>divino,</span> <span class='ocrx_word' id='word_1_268' title='bbox 1092 3138 1160 3183; x_wconf 92' lang='lat' dir='ltr'>ut</span> <span class='ocrx_word' id='word_1_269' title='bbox 1209 3124 1425 3184; x_wconf 91' lang='lat' dir='ltr'>beatus</span> <span class='ocrx_word' id='word_1_270' title='bbox 1471 3124 1685 3186; x_wconf 88' lang='lat' dir='ltr'>Petrus</span> <span class='ocrx_word' id='word_1_271' title='bbox 1736 3123 1802 3184; x_wconf 92' lang='lat' dir='ltr'>in</span> <span class='ocrx_word' id='word_1_272' title='bbox 1854 3124 2120 3205; x_wconf 87' lang='lat' dir='ltr'>primatu</span> <span class='ocrx_word' id='word_1_273' title='bbox 2169 3143 2355 3205; x_wconf 91' lang='lat' dir='ltr'>super</span> <span class='ocrx_word' id='word_1_274' title='bbox 2386 3123 2740 3185; x_wconf 88' lang='lat' dir='ltr'>universam</span> <span class='ocrx_word' id='word_1_275' title='bbox 2772 3123 3090 3185; x_wconf 89' lang='lat' dir='ltr'>ecclesiam</span> 
     </span>
     <span class='ocr_line' id='line_1_34' title="bbox 476 3231 3092 3312; baseline -0.001 -19"><span class='ocrx_word' id='word_1_276' title='bbox 476 3232 695 3293; x_wconf 90' lang='lat' dir='ltr'>habeat</span> <span class='ocrx_word' id='word_1_277' title='bbox 746 3246 1071 3312; x_wconf 86' lang='lat' dir='ltr'>perpetuos</span> <span class='ocrx_word' id='word_1_278' title='bbox 1121 3249 1538 3304; x_wconf 86' lang='lat' dir='ltr'>successores;</span> <span class='ocrx_word' id='word_1_279' title='bbox 1592 3247 1697 3292; x_wconf 88' lang='lat' dir='ltr'>aut</span> <span class='ocrx_word' id='word_1_280' title='bbox 1750 3232 2110 3293; x_wconf 90' lang='lat' dir='ltr'>Romanum</span> <span class='ocrx_word' id='word_1_281' title='bbox 2158 3232 2517 3293; x_wconf 86' lang='lat' dir='ltr'>Pontificem</span> <span class='ocrx_word' id='word_1_282' title='bbox 2571 3250 2698 3292; x_wconf 93' lang='lat' dir='ltr'>non</span> <span class='ocrx_word' id='word_1_283' title='bbox 2751 3251 2881 3292; x_wconf 88' lang='lat' dir='ltr'>esse</span> <span class='ocrx_word' id='word_1_284' title='bbox 2933 3231 3092 3291; x_wconf 90' lang='lat' dir='ltr'>beati</span> 
     </span>
     <span class='ocr_line' id='line_1_35' title="bbox 479 3336 2277 3418; baseline 0 -19"><span class='ocrx_word' id='word_1_285' title='bbox 479 3338 633 3399; x_wconf 85' lang='lat' dir='ltr'>Petri</span> <span class='ocrx_word' id='word_1_286' title='bbox 670 3338 731 3399; x_wconf 91' lang='lat' dir='ltr'>in</span> <span class='ocrx_word' id='word_1_287' title='bbox 763 3338 983 3399; x_wconf 90' lang='lat' dir='ltr'>eodem</span> <span class='ocrx_word' id='word_1_288' title='bbox 1019 3336 1280 3418; x_wconf 90' lang='lat' dir='ltr'>primatu</span> <span class='ocrx_word' id='word_1_289' title='bbox 1316 3357 1770 3411; x_wconf 86' lang='lat' dir='ltr'>successorem;</span> <span class='ocrx_word' id='word_1_290' title='bbox 1823 3339 2150 3399; x_wconf 89' lang='lat' dir='ltr'>anathema</span> <span class='ocrx_word' id='word_1_291' title='bbox 2184 3338 2277 3399; x_wconf 90' lang='lat' dir='ltr'>sit.</span> 
     </span>
    </p>

    <p class='ocr_par' dir='ltr' id='par_1_12' title="bbox 478 3443 3100 4704">
     <span class='ocr_line' id='line_1_36' title="bbox 690 3443 3094 3526; baseline -0.002 -19"><span class='ocrx_word' id='word_1_292' title='bbox 690 3446 839 3526; x_wconf 86' lang='lat' dir='ltr'>Cap.</span> <span class='ocrx_word' id='word_1_293' title='bbox 872 3444 958 3506; x_wconf 91' lang='lat' dir='ltr'>lll.</span> <span class='ocrx_word' id='word_1_294' title='bbox 1006 3444 1106 3504; x_wconf 82' lang='lat' dir='ltr'>De</span> <span class='ocrx_word' id='word_1_295' title='bbox 1149 3448 1214 3505; x_wconf 84' lang='lat' dir='ltr'>vi</span> <span class='ocrx_word' id='word_1_296' title='bbox 1255 3451 1314 3505; x_wconf 82' lang='lat' dir='ltr'>et</span> <span class='ocrx_word' id='word_1_297' title='bbox 1358 3448 1595 3505; x_wconf 80' lang='lat' dir='ltr'>ratione</span> <span class='ocrx_word' id='word_1_298' title='bbox 1630 3448 1945 3526; x_wconf 83' lang='lat' dir='ltr'>primatus</span> <span class='ocrx_word' id='word_1_299' title='bbox 1978 3444 2247 3507; x_wconf 81' lang='lat' dir='ltr'>Romani</span> <span class='ocrx_word' id='word_1_300' title='bbox 2279 3445 2626 3524; x_wconf 60' lang='lat' dir='ltr'>Ponlg&#39;ficis.</span> <span class='ocrx_word' id='word_1_301' title='bbox 2693 3443 3094 3524; x_wconf 88' lang='lat' dir='ltr'>Quapropter</span> 
     </span>
     <span class='ocr_line' id='line_1_37' title="bbox 478 3550 3095 3633; baseline -0.002 -20"><span class='ocrx_word' id='word_1_302' title='bbox 478 3553 697 3633; x_wconf 87' lang='lat' dir='ltr'>apertis</span> <span class='ocrx_word' id='word_1_303' title='bbox 727 3551 920 3614; x_wconf 87' lang='lat' dir='ltr'>innixi</span> <span class='ocrx_word' id='word_1_304' title='bbox 954 3570 1265 3613; x_wconf 87' lang='lat' dir='ltr'>sacrarum</span> <span class='ocrx_word' id='word_1_305' title='bbox 1296 3552 1638 3614; x_wconf 89' lang='lat' dir='ltr'>litterarum</span> <span class='ocrx_word' id='word_1_306' title='bbox 1670 3552 2034 3625; x_wconf 73' lang='lat' dir='ltr'>testimoniis</span> <span class='ocrx_word' id='word_1_307' title='bbox 2066 3567 2124 3613; x_wconf 91' lang='lat' dir='ltr'>et</span> <span class='ocrx_word' id='word_1_308' title='bbox 2158 3552 2547 3613; x_wconf 87' lang='lat' dir='ltr'>inhaerentes</span> <span class='ocrx_word' id='word_1_309' title='bbox 2579 3567 2714 3611; x_wconf 93' lang='lat' dir='ltr'>tum</span> <span class='ocrx_word' id='word_1_310' title='bbox 2737 3550 3095 3631; x_wconf 88' lang='lat' dir='ltr'>praedeces-</span> 
     </span>
     <span class='ocr_line' id='line_1_38' title="bbox 479 3654 3093 3737; baseline -0.002 -17"><span class='ocrx_word' id='word_1_311' title='bbox 479 3678 694 3720; x_wconf 88' lang='lat' dir='ltr'>sorum</span> <span class='ocrx_word' id='word_1_312' title='bbox 744 3674 1101 3720; x_wconf 90' lang='lat' dir='ltr'>nostrorum</span> <span class='ocrx_word' id='word_1_313' title='bbox 1150 3659 1582 3720; x_wconf 89' lang='lat' dir='ltr'>Romanorum</span> <span class='ocrx_word' id='word_1_314' title='bbox 1628 3658 2020 3737; x_wconf 83' lang='lat' dir='ltr'>Pontificum,</span> <span class='ocrx_word' id='word_1_315' title='bbox 2069 3673 2203 3718; x_wconf 91' lang='lat' dir='ltr'>tum</span> <span class='ocrx_word' id='word_1_316' title='bbox 2237 3657 2669 3719; x_wconf 90' lang='lat' dir='ltr'>Conciliorum</span> <span class='ocrx_word' id='word_1_317' title='bbox 2712 3654 3093 3737; x_wconf 84' lang='lat' dir='ltr'>generalium</span> 
     </span>
     <span class='ocr_line' id='line_1_39' title="bbox 479 3762 3095 3847; baseline -0.002 -20"><span class='ocrx_word' id='word_1_318' title='bbox 479 3766 713 3827; x_wconf 89' lang='lat' dir='ltr'>disertis</span> <span class='ocrx_word' id='word_1_319' title='bbox 761 3763 1222 3847; x_wconf 87' lang='lat' dir='ltr'>perspicuisque</span> <span class='ocrx_word' id='word_1_320' title='bbox 1269 3765 1544 3840; x_wconf 89' lang='lat' dir='ltr'>decretis,</span> <span class='ocrx_word' id='word_1_321' title='bbox 1594 3765 1967 3826; x_wconf 84' lang='lat' dir='ltr'>innovamus</span> <span class='ocrx_word' id='word_1_322' title='bbox 2019 3764 2404 3826; x_wconf 89' lang='lat' dir='ltr'>oecumenici</span> <span class='ocrx_word' id='word_1_323' title='bbox 2454 3763 2716 3825; x_wconf 90' lang='lat' dir='ltr'>Concilii</span> <span class='ocrx_word' id='word_1_324' title='bbox 2753 3762 3095 3824; x_wconf 87' lang='lat' dir='ltr'>Florentini</span> 
     </span>
     <span class='ocr_line' id='line_1_40' title="bbox 480 3870 3095 3953; baseline -0.002 -19"><span class='ocrx_word' id='word_1_325' title='bbox 480 3873 923 3949; x_wconf 87' lang='lat' dir='ltr'>definitionem,</span> <span class='ocrx_word' id='word_1_326' title='bbox 974 3893 1095 3953; x_wconf 87' lang='lat' dir='ltr'>qua</span> <span class='ocrx_word' id='word_1_327' title='bbox 1147 3873 1528 3934; x_wconf 88' lang='lat' dir='ltr'>credendum</span> <span class='ocrx_word' id='word_1_328' title='bbox 1578 3873 1653 3933; x_wconf 87' lang='lat' dir='ltr'>ab</span> <span class='ocrx_word' id='word_1_329' title='bbox 1706 3873 2000 3935; x_wconf 91' lang='lat' dir='ltr'>omnibus</span> <span class='ocrx_word' id='word_1_330' title='bbox 2049 3870 2275 3933; x_wconf 90' lang='lat' dir='ltr'>Christi</span> <span class='ocrx_word' id='word_1_331' title='bbox 2327 3870 2614 3931; x_wconf 89' lang='lat' dir='ltr'>fidelibus</span> <span class='ocrx_word' id='word_1_332' title='bbox 2664 3886 2773 3948; x_wconf 88' lang='lat' dir='ltr'>est,</span> <span class='ocrx_word' id='word_1_333' title='bbox 2824 3885 3095 3930; x_wconf 90' lang='lat' dir='ltr'>sanctam</span> 
     </span>
     <span class='ocr_line' id='line_1_41' title="bbox 481 3977 3098 4061; baseline -0.002 -18"><span class='ocrx_word' id='word_1_334' title='bbox 481 3980 901 4061; x_wconf 85' lang='lat' dir='ltr'>Apostolicam</span> <span class='ocrx_word' id='word_1_335' title='bbox 936 3978 1181 4057; x_wconf 90' lang='lat' dir='ltr'>Sedem,</span> <span class='ocrx_word' id='word_1_336' title='bbox 1231 3995 1290 4041; x_wconf 89' lang='lat' dir='ltr'>et</span> <span class='ocrx_word' id='word_1_337' title='bbox 1325 3979 1682 4040; x_wconf 89' lang='lat' dir='ltr'>Romanum</span> <span class='ocrx_word' id='word_1_338' title='bbox 1719 3978 2083 4040; x_wconf 87' lang='lat' dir='ltr'>Pontificem</span> <span class='ocrx_word' id='word_1_339' title='bbox 2129 3978 2197 4039; x_wconf 91' lang='lat' dir='ltr'>in</span> <span class='ocrx_word' id='word_1_340' title='bbox 2248 3977 2605 4040; x_wconf 83' lang='lat' dir='ltr'>universum</span> <span class='ocrx_word' id='word_1_341' title='bbox 2641 3979 2858 4037; x_wconf 90' lang='lat' dir='ltr'>orbem</span> <span class='ocrx_word' id='word_1_342' title='bbox 2892 3991 3098 4037; x_wconf 92' lang='lat' dir='ltr'>tenere</span> 
     </span>
     <span class='ocr_line' id='line_1_42' title="bbox 480 4082 3093 4168; baseline -0.002 -22"><span class='ocrx_word' id='word_1_343' title='bbox 480 4086 831 4168; x_wconf 85' lang='lat' dir='ltr'>primatum,</span> <span class='ocrx_word' id='word_1_344' title='bbox 885 4102 942 4147; x_wconf 93' lang='lat' dir='ltr'>et</span> <span class='ocrx_word' id='word_1_345' title='bbox 990 4086 1196 4167; x_wconf 90' lang='lat' dir='ltr'>ipsum</span> <span class='ocrx_word' id='word_1_346' title='bbox 1245 4085 1607 4147; x_wconf 89' lang='lat' dir='ltr'>Pontificem</span> <span class='ocrx_word' id='word_1_347' title='bbox 1659 4086 2017 4147; x_wconf 91' lang='lat' dir='ltr'>Romanum</span> <span class='ocrx_word' id='word_1_348' title='bbox 2066 4103 2484 4146; x_wconf 89' lang='lat' dir='ltr'>successorem</span> <span class='ocrx_word' id='word_1_349' title='bbox 2537 4101 2667 4144; x_wconf 87' lang='lat' dir='ltr'>esse</span> <span class='ocrx_word' id='word_1_350' title='bbox 2719 4082 2877 4143; x_wconf 88' lang='lat' dir='ltr'>beati</span> <span class='ocrx_word' id='word_1_351' title='bbox 2933 4082 3093 4143; x_wconf 88' lang='lat' dir='ltr'>Petri</span> 
     </span>
     <span class='ocr_line' id='line_1_43' title="bbox 480 4189 3098 4274; baseline -0.001 -21"><span class='ocrx_word' id='word_1_352' title='bbox 480 4192 769 4274; x_wconf 90' lang='lat' dir='ltr'>principis</span> <span class='ocrx_word' id='word_1_353' title='bbox 801 4193 1248 4274; x_wconf 89' lang='lat' dir='ltr'>apostolorum,</span> <span class='ocrx_word' id='word_1_354' title='bbox 1283 4208 1342 4253; x_wconf 95' lang='lat' dir='ltr'>et</span> <span class='ocrx_word' id='word_1_355' title='bbox 1374 4212 1589 4253; x_wconf 85' lang='lat' dir='ltr'>verum</span> <span class='ocrx_word' id='word_1_356' title='bbox 1612 4193 1842 4254; x_wconf 89' lang='lat' dir='ltr'>Christi</span> <span class='ocrx_word' id='word_1_357' title='bbox 1874 4193 2193 4271; x_wconf 86' lang='lat' dir='ltr'>vicarium,</span> <span class='ocrx_word' id='word_1_358' title='bbox 2227 4192 2541 4273; x_wconf 90' lang='lat' dir='ltr'>totiusque</span> <span class='ocrx_word' id='word_1_359' title='bbox 2562 4189 2867 4251; x_wconf 86' lang='lat' dir='ltr'>Ecclesiae</span> <span class='ocrx_word' id='word_1_360' title='bbox 2900 4205 3098 4272; x_wconf 88' lang='lat' dir='ltr'>caput,</span> 
     </span>
     <span class='ocr_line' id='line_1_44' title="bbox 481 4297 3097 4380; baseline -0 -21"><span class='ocrx_word' id='word_1_361' title='bbox 481 4316 539 4360; x_wconf 88' lang='lat' dir='ltr'>et</span> <span class='ocrx_word' id='word_1_362' title='bbox 585 4301 872 4361; x_wconf 91' lang='lat' dir='ltr'>omnium</span> <span class='ocrx_word' id='word_1_363' title='bbox 907 4299 1409 4361; x_wconf 89' lang='lat' dir='ltr'>Christianorum</span> <span class='ocrx_word' id='word_1_364' title='bbox 1456 4314 1688 4380; x_wconf 90' lang='lat' dir='ltr'>patrem</span> <span class='ocrx_word' id='word_1_365' title='bbox 1734 4318 1804 4360; x_wconf 92' lang='lat' dir='ltr'>ac</span> <span class='ocrx_word' id='word_1_366' title='bbox 1852 4300 2172 4361; x_wconf 90' lang='lat' dir='ltr'>doctorem</span> <span class='ocrx_word' id='word_1_367' title='bbox 2220 4298 2505 4372; x_wconf 83' lang='lat' dir='ltr'>existere3</span> <span class='ocrx_word' id='word_1_368' title='bbox 2556 4313 2615 4358; x_wconf 92' lang='lat' dir='ltr'>et</span> <span class='ocrx_word' id='word_1_369' title='bbox 2662 4297 2773 4379; x_wconf 91' lang='lat' dir='ltr'>ipsi</span> <span class='ocrx_word' id='word_1_370' title='bbox 2819 4297 2883 4358; x_wconf 92' lang='lat' dir='ltr'>in</span> <span class='ocrx_word' id='word_1_371' title='bbox 2916 4300 3097 4359; x_wconf 90' lang='lat' dir='ltr'>beato</span> 
     </span>
     <span class='ocr_line' id='line_1_45' title="bbox 482 4404 3099 4487; baseline -0.001 -20"><span class='ocrx_word' id='word_1_372' title='bbox 482 4406 661 4467; x_wconf 89' lang='lat' dir='ltr'>Petro</span> <span class='ocrx_word' id='word_1_373' title='bbox 712 4407 1022 4487; x_wconf 86' lang='lat' dir='ltr'>pascendi,</span> <span class='ocrx_word' id='word_1_374' title='bbox 1076 4406 1331 4487; x_wconf 85' lang='lat' dir='ltr'>regendi</span> <span class='ocrx_word' id='word_1_375' title='bbox 1376 4426 1448 4467; x_wconf 90' lang='lat' dir='ltr'>ac</span> <span class='ocrx_word' id='word_1_376' title='bbox 1495 4407 1886 4487; x_wconf 82' lang='lat' dir='ltr'>gubernandi</span> <span class='ocrx_word' id='word_1_377' title='bbox 1934 4404 2340 4469; x_wconf 88' lang='lat' dir='ltr'>universalem</span> <span class='ocrx_word' id='word_1_378' title='bbox 2387 4404 2722 4466; x_wconf 87' lang='lat' dir='ltr'>Ecclesiam</span> <span class='ocrx_word' id='word_1_379' title='bbox 2756 4426 2789 4466; x_wconf 89' lang='lat' dir='ltr'>a</span> <span class='ocrx_word' id='word_1_380' title='bbox 2823 4404 3099 4466; x_wconf 89' lang='lat' dir='ltr'>Domino</span> 
     </span>
     <span class='ocr_line' id='line_1_46' title="bbox 484 4511 3099 4596; baseline -0.001 -22"><span class='ocrx_word' id='word_1_381' title='bbox 484 4530 695 4575; x_wconf 89' lang='lat' dir='ltr'>nostro</span> <span class='ocrx_word' id='word_1_382' title='bbox 727 4515 871 4575; x_wconf 88' lang='lat' dir='ltr'>Jesu</span> <span class='ocrx_word' id='word_1_383' title='bbox 904 4513 1153 4576; x_wconf 89' lang='lat' dir='ltr'>Christo</span> <span class='ocrx_word' id='word_1_384' title='bbox 1186 4515 1431 4596; x_wconf 89' lang='lat' dir='ltr'>plenam</span> <span class='ocrx_word' id='word_1_385' title='bbox 1464 4530 1827 4596; x_wconf 90' lang='lat' dir='ltr'>potestatem</span> <span class='ocrx_word' id='word_1_386' title='bbox 1849 4514 2130 4576; x_wconf 87' lang='lat' dir='ltr'>traditam</span> <span class='ocrx_word' id='word_1_387' title='bbox 2153 4533 2315 4589; x_wconf 87' lang='lat' dir='ltr'>esse;</span> <span class='ocrx_word' id='word_1_388' title='bbox 2353 4512 2893 4595; x_wconf 90' lang='lat' dir='ltr'>quemadmodum</span> <span class='ocrx_word' id='word_1_389' title='bbox 2915 4511 3099 4573; x_wconf 87' lang='lat' dir='ltr'>etiam</span> 
     </span>
     <span class='ocr_line' id='line_1_47' title="bbox 483 4617 3100 4704; baseline -0.002 -22"><span class='ocrx_word' id='word_1_390' title='bbox 483 4620 547 4682; x_wconf 92' lang='lat' dir='ltr'>in</span> <span class='ocrx_word' id='word_1_391' title='bbox 593 4621 780 4704; x_wconf 84' lang='lat' dir='ltr'>gestis</span> <span class='ocrx_word' id='word_1_392' title='bbox 813 4622 1363 4683; x_wconf 88' lang='lat' dir='ltr'>oecumenicorum</span> <span class='ocrx_word' id='word_1_393' title='bbox 1409 4621 1838 4684; x_wconf 91' lang='lat' dir='ltr'>Conciliorum</span> <span class='ocrx_word' id='word_1_394' title='bbox 1891 4638 1949 4684; x_wconf 93' lang='lat' dir='ltr'>et</span> <span class='ocrx_word' id='word_1_395' title='bbox 1999 4622 2062 4684; x_wconf 88' lang='lat' dir='ltr'>in</span> <span class='ocrx_word' id='word_1_396' title='bbox 2111 4621 2295 4683; x_wconf 90' lang='lat' dir='ltr'>sacris</span> <span class='ocrx_word' id='word_1_397' title='bbox 2343 4620 2685 4682; x_wconf 88' lang='lat' dir='ltr'>canonibus</span> <span class='ocrx_word' id='word_1_398' title='bbox 2730 4617 3100 4680; x_wconf 88' lang='lat' dir='ltr'>continetur.</span> 
     </span>
    </p>

    <p class='ocr_par' dir='ltr' id='par_1_13' title="bbox 485 4725 3109 5024">
     <span class='ocr_line' id='line_1_48' title="bbox 699 4725 3101 4810; baseline -0.002 -20"><span class='ocrx_word' id='word_1_399' title='bbox 699 4730 1016 4790; x_wconf 90' lang='lat' dir='ltr'>Docemus</span> <span class='ocrx_word' id='word_1_400' title='bbox 1063 4728 1323 4810; x_wconf 90' lang='lat' dir='ltr'>proinde</span> <span class='ocrx_word' id='word_1_401' title='bbox 1371 4744 1425 4789; x_wconf 93' lang='lat' dir='ltr'>et</span> <span class='ocrx_word' id='word_1_402' title='bbox 1474 4728 1877 4806; x_wconf 77' lang='lat' dir='ltr'>declaramuS,</span> <span class='ocrx_word' id='word_1_403' title='bbox 1925 4727 2263 4790; x_wconf 90' lang='lat' dir='ltr'>Ecclesiam</span> <span class='ocrx_word' id='word_1_404' title='bbox 2309 4729 2680 4804; x_wconf 86' lang='lat' dir='ltr'>Romanam,</span> <span class='ocrx_word' id='word_1_405' title='bbox 2732 4725 3101 4805; x_wconf 89' lang='lat' dir='ltr'>disponente</span> 
     </span>
     <span class='ocr_line' id='line_1_49' title="bbox 485 4831 3109 4917; baseline -0.002 -21"><span class='ocrx_word' id='word_1_406' title='bbox 485 4836 785 4914; x_wconf 81' lang='lat' dir='ltr'>Domino,</span> <span class='ocrx_word' id='word_1_407' title='bbox 833 4855 1020 4917; x_wconf 90' lang='lat' dir='ltr'>super</span> <span class='ocrx_word' id='word_1_408' title='bbox 1064 4854 1282 4897; x_wconf 90' lang='lat' dir='ltr'>omnes</span> <span class='ocrx_word' id='word_1_409' title='bbox 1328 4835 1474 4896; x_wconf 85' lang='lat' dir='ltr'>alias</span> <span class='ocrx_word' id='word_1_410' title='bbox 1521 4835 1866 4896; x_wconf 89' lang='lat' dir='ltr'>ordinariae</span> <span class='ocrx_word' id='word_1_411' title='bbox 1912 4834 2224 4917; x_wconf 88' lang='lat' dir='ltr'>potestatis</span> <span class='ocrx_word' id='word_1_412' title='bbox 2270 4835 2549 4896; x_wconf 88' lang='lat' dir='ltr'>obtinere</span> <span class='ocrx_word' id='word_1_413' title='bbox 2597 4831 3012 4913; x_wconf 89' lang='lat' dir='ltr'>principatum</span> <span class='ocrx_word' id='word_1_414' title='bbox 3042 4846 3109 4892; x_wconf 85' lang='lat' dir='ltr'>et</span> 
     </span>
     <span class='ocr_line' id='line_1_50' title="bbox 485 4938 3102 5024; baseline -0.002 -21"><span class='ocrx_word' id='word_1_415' title='bbox 485 4943 644 5003; x_wconf 90' lang='lat' dir='ltr'>hanc</span> <span class='ocrx_word' id='word_1_416' title='bbox 692 4943 959 5004; x_wconf 89' lang='lat' dir='ltr'>Romani</span> <span class='ocrx_word' id='word_1_417' title='bbox 1007 4942 1311 5022; x_wconf 84' lang='lat' dir='ltr'>pontificis</span> <span class='ocrx_word' id='word_1_418' title='bbox 1355 4941 1792 5020; x_wconf 88' lang='lat' dir='ltr'>jurisdictionis</span> <span class='ocrx_word' id='word_1_419' title='bbox 1825 4958 2210 5024; x_wconf 89' lang='lat' dir='ltr'>potestatem,</span> <span class='ocrx_word' id='word_1_420' title='bbox 2246 4961 2405 5023; x_wconf 85' lang='lat' dir='ltr'>quae</span> <span class='ocrx_word' id='word_1_421' title='bbox 2440 4959 2581 5001; x_wconf 89' lang='lat' dir='ltr'>vere</span> <span class='ocrx_word' id='word_1_422' title='bbox 2615 4938 2976 5021; x_wconf 89' lang='lat' dir='ltr'>episcopalis</span> <span class='ocrx_word' id='word_1_423' title='bbox 3009 4954 3102 4999; x_wconf 90' lang='lat' dir='ltr'>est</span> 
     </span>
    </p>
   </div>
  </div>
 </body>
</html>
