3684 5416
523 1525 571 1557 to

523 2067 569 2111 ¹5

523 2600 576 2632 ²0

531 3670 583 3709 ἰο

533 4202 584 4249 35

538 4738 591 4777 40

620 349 723 422 632
1488 350 1733 404 Ordines
1773 363 1829 405 et
1870 349 2378 423 congregationes.

621 533 755 597 sibi.
819 532 947 608 Qui
995 549 1201 594 tamen
1238 534 1533 615 patienter
1566 534 1853 614 portandi
1887 552 2063 610 sunt.)
2115 536 2261 614 quia
2295 536 2370 596 de
2404 534 2625 595 talibus
2659 532 2971 615 copiosior
3004 552 3233 594 merces

621 636 971 718 acquiritur.
1038 639 1202 720 Ergo
1250 659 1395 700 cura
1434 639 1695 701 maxima
1728 641 1803 700 sit
1836 641 2080 716 Abbati,
2118 659 2194 701 ne
2228 640 2499 721 aliquam
2535 640 2974 720 negligentiam
3007 641 3228 721 patian-

622 761 738 806 tur.
803 745 1050 821 Quibus
1084 745 1367 807 fratribus
1400 746 1658 807 infirmis
1689 747 1764 808 sit
1798 748 1945 810 cella
1979 767 2166 829 super
2198 767 2262 808 se
2295 748 2602 828 deputata,
2636 764 2694 807 et
2726 741 2983 809 servitor
3014 747 3234 808 timens

626 854 850 931 Deum,
887 870 945 915 et
979 854 1261 932 diligens,
1294 875 1362 914 ac
1394 853 1686 916 solicitus,

834 961 1207 1023 Balneorum
1243 982 1393 1023 usus
1425 961 1705 1038 infirmis,
1742 962 1986 1042 quoties
2020 962 2277 1043 expedit,
2331 962 2645 1023 offeratur.
2707 961 2884 1023 Sanis
2916 977 3143 1035 autem,
3177 976 3235 1020 et

623 1067 885 1128 maxime
934 1066 1280 1145 juvenibus,
1326 1070 1558 1129 tardius
1604 1070 1994 1130 concedatur.
2058 1068 2178 1128 Sed
2225 1085 2282 1128 et
2315 1069 2596 1129 carnium
2633 1088 2776 1129 esus
2809 1068 3068 1129 infirmis
3099 1086 3236 1128 om-

623 1173 774 1234 nino
808 1174 1110 1243 debilibus
1145 1195 1257 1256 pro
1291 1176 1674 1256 reparatione
1709 1176 2101 1238 concedatur.
2166 1182 2247 1235 At
2286 1176 2391 1236 ubi
2428 1175 2728 1237 meliorati
2765 1176 3009 1245 fuerint,
3041 1195 3074 1234 a
3107 1194 3238 1235 car-

624 1282 808 1341 nibus
842 1300 1014 1343 more
1048 1282 1231 1349 solito
1264 1301 1482 1342 omnes
1515 1281 1875 1343 abstineant.
1909 1283 2142 1344 Curam
2176 1296 2384 1341 autem
2419 1281 2747 1342 maximam
2785 1283 3002 1342 habeat
3026 1282 3246 1341 Abbas·

626 1407 704 1447 ne
737 1408 768 1447 a
804 1387 1077 1465 cellariiS,
1125 1403 1231 1449 aut
1276 1389 1674 1449 servitoribus
1709 1389 2101 1469 negligantur
2134 1386 2399 1449 infirmi:
2451 1389 2595 1468 quia
2630 1390 2705 1449 ad
2739 1389 2941 1470 ipsum
2977 1387 3238 1467 respicit,

627 1494 935 1574 quidquid
969 1516 1001 1554 a
1037 1495 1355 1575 discipulis
1389 1496 1784 1575 delinquitur.

838 1602 990 1682 Cap.
1023 1602 1322 1663 XXXVII.
1371 1602 1473 1663 De
1504 1604 1775 1677 senibuS,
1807 1605 1907 1664 vel
1935 1603 2290 1682 infantibus.
2355 1604 2524 1664 Licet
2557 1603 2684 1683 ipsa
2719 1618 2934 1664 natura
2971 1604 3243 1663 humana

626 1708 899 1768 trahatur
950 1710 1025 1770 ad
1077 1708 1562 1770 misericordiam
1615 1710 1677 1770 in
1727 1710 1822 1770 his
1871 1710 2188 1785 aetatibuS,
2235 1730 2457 1770 senum
2497 1710 2777 1771 videlicet
2809 1725 2868 1771 et
2901 1710 3242 1777 infantum;

627 1832 835 1876 tamen
882 1833 938 1876 et
974 1816 1245 1896 Regulae
1292 1817 1616 1877 auctoritas
1648 1818 1703 1877 ei
1740 1817 2087 1898 prospiciat.
2154 1816 2602 1878 Consideretur
2639 1836 2883 1897 semper
2914 1816 2978 1879 in
3012 1816 3098 1876 eis
3128 1814 3245 1876 im·

628 1921 940 1997 becillitaS,
989 1938 1047 1982 et
1084 1923 1434 1984 nullatenus
1468 1924 1552 1984 eis
1586 1924 1878 1984 districtio
1913 1924 2185 2001 Regulae
2218 1940 2498 1985 teneatur
2532 1925 2596 1984 in
2630 1923 2970 1984 alimentis:
3022 1923 3128 1983 sed
3165 1923 3243 1982 sit

629 2028 692 2089 in
726 2029 812 2088 eis
846 2028 940 2110 pia
974 2029 1400 2105 consideratio,
1436 2046 1493 2090 et
1528 2030 1925 2110 praeveniant
1956 2031 2159 2090 Horas
2192 2030 2563 2092 Canonicas.

841 2136 989 2217 Cap.
1020 2137 1346 2197 XXXVIII.
1391 2137 1494 2198 De
1539 2137 2013 2198 hebdomadario
2045 2137 2284 2198 lectore.
2349 2136 2582 2197 Mensis
2629 2136 2880 2197 fratrum
2925 2136 3244 2196 edentium

627 2242 806 2303 lectio
852 2243 1060 2304 deesse
1109 2263 1236 2304 non
1283 2243 1493 2305 debet:
1544 2264 1657 2304 nec
1706 2243 1960 2305 fortuito
2008 2263 2151 2304 casu
2199 2244 2306 2324 qui
2352 2244 2674 2323 arripuerit
2705 2244 3004 2316 codicem,
3038 2242 3244 2323 legere

630 2351 851 2410 audeat
896 2350 1009 2417 ibi:
1061 2351 1167 2411 sed
1201 2351 1469 2411 lecturus
1515 2367 1640 2411 tota
1688 2352 2098 2426 hebdomada,
2148 2350 2246 2411 die
2285 2350 2612 2411 Dominica
2647 2351 3044 2432 ingrediatur.
3108 2348 3241 2425 Qui

630 2456 981 2535 ingrediens
1015 2474 1154 2538 post
1187 2458 1402 2518 missas
1434 2475 1492 2518 et
1523 2458 2058 2529 communionem,
2092 2473 2253 2538 petat
2284 2459 2359 2517 ab
2395 2459 2689 2518 omnibus
2722 2477 2835 2538 pro
2868 2475 2932 2517 se
2964 2454 3142 2532 orari,
3178 2472 3248 2517 ut

629 2579 855 2623 avertat
900 2566 973 2623 ab
1021 2564 1155 2644 ipso
1194 2565 1361 2624 Deus
1407 2564 1688 2644 spiritum
1740 2565 2036 2624 elationis.
2103 2564 2173 2623 Et
2220 2564 2456 2624 dicatur
2505 2565 2603 2623 hic
2635 2583 2845 2624 versus
2877 2563 2940 2622 in
2975 2563 3248 2622 oratorio

631 2670 808 2731 tertio
853 2675 928 2732 ab
977 2671 1285 2748 omnibuS,
1320 2672 1455 2752 ipso
1488 2688 1695 2733 tamen
1728 2672 2090 2750 incipiente:
2126 2671 2395 2732 Domine
2427 2672 2596 2733 labia
2628 2691 2760 2731 mea
2790 2672 3054 2751 aperies,
3087 2678 3148 2730 et
3178 2690 3247 2731 ος

633 2799 826 2839 meum
873 2779 1281 2840 annunciabit
1324 2780 1562 2840 laudem
1617 2787 1798 2840 tuam.
1859 2780 1935 2840 Et
1981 2781 2065 2839 sic
2111 2795 2352 2860 accepta
2388 2779 2835 2852 benedictione,
2871 2778 3248 2857 ingrediatur

634 2886 709 2945 ad
744 2885 1110 2963 legendum:
1148 2903 1206 2946 et
1237 2907 1556 2948 summum
1595 2888 1695 2946 liat
1729 2887 2041 2947 silentium
2075 2886 2150 2946 ad
2185 2905 2483 2952 mensam,
2521 2904 2586 2946 ut
2619 2885 2853 2946 nullius
2887 2884 3247 2956 mussitatiO,

638 2992 729 3049 vel
765 3010 880 3050 vox
918 2992 1030 3051 nisi
1065 2993 1260 3054 solius
1294 2993 1572 3074 legentis,
1607 2993 1688 3053 ibi
1723 2993 2025 3054 audiatur.
2091 2991 2270 3069 Quae
2316 3012 2462 3052 vero
2497 2994 2830 3053 necessaria
2863 3008 3003 3052 sunt
3037 3009 3250 3052 come-

561 3134 576 3144 ·
636 3096 924 3157 dentibus
970 3114 1029 3158 et
1075 3099 1445 3172 bibentibus,
1495 3100 1580 3159 sic
1627 3100 1739 3160 sibi
1787 3100 2056 3161 vicissim
2102 3100 2448 3160 ministrent
2481 3098 2710 3172 fratres,
2747 3115 2814 3158 ut
2849 3099 3058 3159 nullus
3091 3098 3252 3159 indi-

635 3221 771 3283 geat
824 3221 1024 3284 petere
1073 3206 1324 3286 aliquid.
1388 3206 1450 3267 Si
1499 3207 1647 3287 quid
1698 3222 1903 3269 tamen
1937 3228 2095 3288 opus
2131 3206 2331 3284 fuerit,
2367 3206 2573 3267 sonitu
2608 3205 3057 3286 cujuscumque
3090 3204 3249 3283 signi

639 3311 843 3392 potius
891 3328 1149 3393 petatur,
1199 3332 1386 3393 quam
1422 3333 1587 3377 voce.
1653 3316 1782 3374 Nec
1815 3330 2165 3396 praesumat
2198 3314 2277 3375 ibi
2311 3314 2531 3394 aliquis
2564 3315 2640 3373 de
2675 3315 2803 3393 ipsa
2837 3314 3114 3389 lectione,
3148 3330 3254 3374 aut

637 3418 883 3480 aliunde
936 3420 1281 3500 quidquam
1334 3420 1663 3500 requirere,
1718 3440 1795 3481 ne
1849 3423 2028 3482 detur
2079 3422 2321 3482 occasio
2368 3420 2676 3498 maligno:
2730 3419 2846 3480 nisi
2893 3418 3045 3480 forte
3081 3419 3254 3479 Prior

637 3529 896 3590 voluerit
929 3548 1040 3609 pro
1074 3528 1495 3591 aedificatione
1528 3529 1756 3610 aliquid
1815 3529 2078 3590 breviter
2125 3530 2344 3590 dicere.
2410 3529 2617 3589 Frater
2662 3545 2867 3589 autem
2913 3528 3252 3588 hebdoma-

638 3637 843 3697 darius
889 3637 1142 3717 accipiat
1190 3637 1448 3697 mixtum
1502 3636 1866 3717 priusquam
1914 3636 2162 3717 incipiat
2193 3636 2413 3712 legere,
2453 3651 2701 3715 propter
2733 3635 3250 3693 communionem

638 3762 928 3818 sanctam,
963 3760 1020 3804 et
1055 3765 1131 3805 ne
1168 3745 1322 3805 forte
1353 3764 1551 3823 grave
1567 3744 1641 3803 sit
1676 3744 1727 3804 ei
1764 3743 2070 3820 jejunium
2103 3744 2418 3804 sustinere
2485 3743 2698 3803 Postea
2731 3757 2937 3801 autem
2970 3760 3110 3800 cum
3146 3757 3253 3800 co-

639 3853 865 3931 quinae
901 3852 1415 3926 hebdomadariiS,
1451 3867 1509 3911 et
1532 3847 1939 3911 servitoribus
1973 3851 2221 3911 reficiat.
2280 3851 2516 3911 Fratres
2549 3866 2756 3910 autem
2789 3867 2913 3909 non
2947 3866 3055 3928 per
3086 3846 3253 3905 ordi-

641 3977 784 4019 nem
815 3959 1040 4039 legant,
1074 3975 1176 4019 aut
1210 3974 1489 4031 cantent;
1539 3959 1645 4018 sed
1680 3958 1788 4037 qui
1821 3957 2145 4017 aedificent
2178 3958 2514 4017 audientes.

855 4067 1004 4146 Cap.
1040 4066 1313 4128 XXXIX.
1360 4065 1463 4126 De
1508 4084 1794 4124 mensura
1841 4064 2134 4125 ciborum.
2200 4063 2496 4125 Sufficere
2529 4063 2836 4123 credimus
2870 4063 2945 4123 ad
2978 4059 3255 4121 refectio-

643 4194 788 4236 nem
835 4176 1279 4255 quotidianam,
1329 4193 1451 4234 tam
1486 4174 1718 4246 Sextae,
1768 4191 1957 4252 quam
1995 4173 2236 4247 Nonae,
2286 4171 2582 4231 omnibus
2631 4169 2859 4229 mensis
2906 4183 3074 4229 cocta
3125 4167 3254 4226 duo

645 4282 1064 4364 pulmentaria,
1099 4297 1343 4362 propter
1376 4282 1762 4342 diversorum
1796 4278 2212 4351 infirmitates;
2265 4293 2333 4337 ut
2367 4278 2541 4342 forte.
2577 4276 2687 4356 qui
2720 4295 2792 4335 ex
2825 4293 2951 4336 uno
2985 4294 3110 4335 non
3143 4292 3255 4353 po-

642 4390 824 4451 tuerit
856 4389 1056 4464 edere,
1091 4408 1160 4447 ex
1192 4389 1314 4449 alio
1347 4388 1665 4448 reficiatur.
1732 4388 1895 4464 Ergo
1930 4388 2058 4447 duo
2094 4385 2497 4466 pulmentaria
2531 4399 2699 4445 cocta
2736 4383 3018 4443 fratribus
3050 4381 3255 4442 omni-

644 4500 761 4558 bus
793 4495 1132 4564 sufficiant:
1185 4513 1239 4554 et
1273 4495 1321 4554 si
1356 4495 1585 4556 fuerint
1616 4496 1761 4556 inde
1796 4513 2018 4575 poma:
2068 4508 2172 4554 aut
2207 4492 2513 4553 nascentia
2548 4489 2960 4569 leguminum,
2992 4489 3252 4549 addatur

645 4624 701 4668 et
751 4605 1016 4666 tertium.
1081 4603 1260 4663 Panis
1307 4602 1457 4662 libra
1505 4621 1627 4662 una
1679 4621 1983 4683 propensa
2016 4599 2279 4662 sufficiat
2313 4600 2374 4661 in
2409 4600 2529 4676 die,
2565 4598 2690 4659 sive
2725 4617 2848 4657 una
2880 4597 2955 4657 sit
2988 4595 3258 4666 refecti0,

645 4714 768 4774 sive
804 4711 1058 4793 prandii,
1091 4725 1148 4770 et
1180 4729 1427 4770 coenae.
1491 4706 1682 4784 Quod
1716 4710 1763 4769 si
1800 4708 2113 4770 coenaturi
2148 4723 2308 4780 sunt,
2353 4707 2429 4766 de
2462 4707 2678 4766 eadem
2710 4705 2876 4778 libra,
2909 4704 3081 4764 tertia
3117 4721 3257 4783 pars

647 4844 677 4882 a
714 4819 977 4880 Cellario
1025 4833 1313 4893 servetur,
1366 4816 1673 4876 reddenda
1718 4815 2080 4877 coenaturis,
2144 4814 2336 4889 Quod
2369 4813 2417 4873 si
2453 4814 2624 4873 labor
2659 4812 2814 4873 forte
2850 4810 3040 4871 factus
3074 4808 3255 4869 fuerit

648 4926 860 5005 major,
909 4927 970 4987 in
1024 4924 1270 4986 arbitrio
1319 4939 1375 4984 et
1423 4937 1714 5004 potestate
1750 4924 2001 4983 Abbatis
2048 4922 2177 5001 erit,
2226 4921 2274 4981 si
2309 4921 2587 5001 expediat
2620 4919 2849 4998 aliquid
2886 4936 3128 4996 augere,
3162 4934 3255 4975 re-
