3684 5416
549 2069 593 2112 ¹5

546 3137 596 3180 25

549 4311 597 4354 35

644 367 715 433 84
1280 367 1546 421 Potestas
1584 365 1961 421 ecclesiastica
2003 377 2059 420 et
2094 364 2399 435 imperium
2439 364 2619 419 civile.

646 546 708 608 οἱ
741 546 959 609 λοιποὶ
991 544 1434 629 ὁμοθυμαδὸν
1462 547 1926 627 συναπεφθέγ-
1980 547 2110 611 tias.
2161 566 2220 611 et
2264 550 2467 611 statim
2498 549 2782 610 decollati
2814 547 2962 610 sunt
2994 569 3108 630 pro
3142 569 3259 612 nod

646 654 870 728 ξαντο.
935 653 1090 716 τότε
1135 653 1604 731 Σατουρνῖνος
1649 654 1690 714 ὁ
1723 653 1924 717 ἀνθύ-
1981 657 2151 718 mine
2184 657 2434 720 Christi.

647 780 860 838 πατος
918 760 1038 839 τὴν
1089 760 1239 838 περὶ
1299 762 1524 824 αὐτῶν
1567 763 1803 843 ψῆφον
1850 760 2280 842 ἐξεφώνησεν
2338 760 2516 823 οὕτω
2566 760 3036 838 περιέχουσαν·
3116 759 3261 821 Τὸν

649 867 1031 945 Σπερᾶτον,
1097 869 1156 930 N
1164 868 1556 945 ἀρτζαλλον
1597 868 1710 930 καὶ
1770 869 2099 942 Κιττίνον,
2148 870 2466 932 Δονᾶτάν
2527 888 2600 930 τε
2644 865 2918 929 Ἑστίαν
2973 865 3087 928 καὶ
3137 865 3259 928 Σε-

646 973 948 1037 κούνδαν
991 974 1104 1037 καὶ
1136 973 1300 1052 τοὺς
1333 976 1702 1056 ἀφάντους,
1737 975 1894 1038 ὅσοι
1925 977 2016 1057 τῷ
2049 975 2496 1055 Χριστιανικῷ
2530 974 2763 1057 θεσμῷ
2793 972 3085 1050 ἑαυτοὺς
3113 993 3260 1035 κατ-

649 1081 1133 1163 επηγγείλαντο
1152 1080 1644 1156 πολιτεύεσθαι,
1676 1083 1818 1145 ἐπεὶ
1836 1082 1951 1145 καὶ
1983 1082 2424 1161 χαρισθείσης
2443 1084 2680 1159 αὐτοῖς
2697 1081 3120 1162 προθεσμίας
3140 1081 3264 1144 τοῦ

647 1188 822 1266 πρὸς
853 1187 972 1268 τὴν
1002 1189 1134 1251 τῶν
1162 1186 1502 1270 Ῥωμαίων
1532 1191 1930 1253 ἐπανελθεῖν
1960 1189 2348 1268 παράδοσιν
2379 1189 2670 1266 ἀκλινεῐς
2702 1187 2821 1267 τὴν
2849 1186 3119 1269 γνώμην
3137 1185 3266 1248 ow:-

645 1315 897 1377 μειναν,
944 1295 1117 1377 ξίφει
1161 1294 1449 1373 τούτους
1492 1297 1939 1376 ἀναιρεθῆναι
1987 1296 2306 1361 δέδοκται
2351 1298 2507 1376 παρ’
2544 1297 2714 1378 ἡμῖν.
2778 1296 2934 1359 τότε
2960 1295 3189 1358 τοίνυν
3219 1294 3265 1356 ὁ

649 1403 1050 1485 ἀθλοφόρος
1096 1406 1218 1466 τοῦ
1265 1404 1566 1482 Χριστοῦ
1614 1405 1979 1482 Σπερᾶτος
2025 1405 2485 1488 ἐπαλλόμενος
2532 1401 2963 1483 εὐχαριστίαν
3002 1403 3093 1482 τῷ
3124 1401 3267 1481 θεῷ

567 1536 595 1565 ο
647 1509 832 1590 ἡμῶν
862 1510 952 1591 τῷ
985 1510 1520 1590 προσκεκληκότι
1554 1510 1810 1589 αὐτοὺς
1841 1514 1939 1590 εἰς
1968 1511 2086 1576 τὸν
2105 1511 2278 1590 ὑπὲρ
2299 1514 2512 1576 αὐτοῦ
2531 1513 2834 1575 θάνατον
2853 1512 3259 1592 ἀνέπεμψεν.

649 1616 690 1677 ὁ
736 1613 818 1678 δὲ
864 1618 1064 1696 ἅγιος
1108 1620 1166 1680 Ν
1174 1619 1555 1696 άρτζαλλος
1599 1617 1853 1697 χαίρων
1898 1618 2096 1682 εἶπεν·
2130 1619 2452 1701 Σήμερον
2496 1619 2771 1697 ἀληθῶς
2816 1618 3158 1700 μάρτυρες
3191 1617 3267 1677 ἐν

649 1725 974 1801 οὐρανοῖς
1019 1726 1436 1807 τυγχάνομεν
1482 1727 1845 1803 εὐάρεστοι
1891 1726 1980 1808 τῷ
2020 1727 2179 1807 θεῷ.
2251 1727 2432 1789 Τότε
2462 1725 2688 1789 τοίνυν
2720 1725 3189 1801 Σατουρνῖνος
3221 1722 3267 1784 ὁ

651 1828 1042 1907 ἀνθύπατος
1061 1830 1178 1893 διὰ
1207 1834 1328 1894 τοῦ
1359 1831 1663 1911 κήρυκος
1692 1834 1778 1895 τὰ
1807 1834 1939 1895 τῶν
1971 1833 2181 1911 ἁγίων
2210 1831 2569 1916 μαρτύρων
2599 1831 2907 1915 ὀνόματα
2935 1830 3267 1908 κηρυχθή·

649 1955 760 1998 ναι
804 1938 1244 2014 προσέταξεν.
1284 1940 1587 2002 τουτέστι
1631 1939 1751 2003 τὸν
1797 1940 2180 2018 Σπερᾶτον,
2230 1941 2692 2019 Νάρτζαλλον,
2735 1939 3062 2010 Κιττίνον,
3098 1935 3263 2000 Οὐε-

650 2041 944 2121 τούριον,
997 2044 1284 2123 Φήλικα,
1327 2047 1770 2122 Ἀκουιλῑνον,
1819 2049 2285 2121 Καιλεστὶνον,
2336 2047 2787 2125 Ἰανουαρίαν,
2850 2046 2889 2107 Γ
2893 2044 3268 2122 ενερῶσαν,

654 2146 943 2226 Ἑστίαν,
990 2153 1308 2214 Δονᾶταν
1350 2153 1463 2215 καὶ
1510 2153 1933 2218 Σεκούνδαν.
1981 2158 2346 2234 τηνικαῦτα
2389 2153 2514 2217 οῦν
2549 2155 2798 2230 πάντες
2836 2152 2899 2213 οἱ
2933 2153 3113 2230 ἃγιοι
3146 2148 3266 2211 τὸν

649 2257 818 2320 θεὸν
849 2256 1390 2339 δοξολογοῦντες
1422 2259 1795 2343 ὁμοφώνως
1825 2262 2154 2343 ἔφασκον·
2219 2261 2347 2325 Σοὶ
2380 2263 2928 2343 εὐχαριστοῦμεν,
2960 2257 3269 2336 τρισάγιε

649 2362 861 2442 κύριε,
899 2365 1011 2427 καὶ
1059 2365 1141 2429 σε’
1186 2366 1668 2450 μεγαλύνομεν,
1718 2369 1818 2431 ὅτι
1865 2368 1983 2430 τὸν
2016 2370 2254 2448 ἀγῶνα
2297 2370 2417 2447 τῆς
2462 2366 2834 2449 ὁμολογίας
2881 2366 3084 2441 ἵλεως
3136 2364 3267 2424 ἐτε-

647 2470 962 2550 λείωσας,
1020 2473 1132 2535 καὶ
1178 2473 1476 2555 διαμένει
1521 2491 1652 2538 σου
1700 2476 1738 2554 ἡ
1793 2476 2105 2561 βασιλεία
2150 2477 2248 2554 εἰς
2293 2474 2456 2553 τοὺς
2501 2475 2756 2551 αἰῶνας
2804 2473 2936 2535 τῶν
2980 2467 3263 2533 αἰώνων.

570 2603 598 2632 0
651 2578 844 2660 ἀμήν.
874 2579 985 2642 καὶ
1021 2582 1562 2663 ἀναπεμψάντων
1594 2584 1817 2646 αὐτῶν
1861 2584 1939 2646 τὸ
1986 2584 2162 2665 ἀμὴν
2207 2581 2701 2661 ἐτελειώθησαν
2745 2581 2833 2660 τῷ
2882 2579 3072 2660 ξίφει,
3118 2574 3262 2658 μηνὶ

655 2685 909 2769 Ἰουλίῳ
956 2685 1052 2762 ιζ’.
1112 2685 1338 2751 Ἦσαν
1382 2688 1507 2752 οῦν
1552 2688 1929 2772 ὁρμώμενοι
1975 2689 2038 2753 οἱ
2085 2692 2263 2770 ἅγιοι
2296 2689 2432 2753 ἀπὸ
2469 2688 2689 2768 Ἰσκλὴ
2721 2690 2841 2768 τῆς
2870 2682 3267 2771 Νουμιδίας,

649 2794 1080 2856 κατάκεινται
1125 2794 1206 2857 δὲ
1250 2795 1532 2875 πλησίον
1574 2798 2077 2877 Καρθαγέννης
2122 2796 2620 2879 μητροπόλεως·
2673 2794 3153 2878 ἐμαρτύρησαν
3185 2790 3264 2856 δὲ

654 2899 755 2962 ἐπὶ
795 2901 1202 2979 Πέρσαντος
1232 2902 1345 2964 καὶ
1382 2904 1822 2967 Κλαυδιανοῦ
1842 2906 1973 2966 τῶν
2004 2905 2275 2968 ὑπάτων
2317 2905 2432 2967 καὶ
2467 2903 2938 2982 Σατουρνίνου
2971 2900 3264 2964 ἀνθυπά·

653 3027 794 3081 του,
841 3009 995 3070 καθ’
1033 3009 1209 3091 ἡμᾶς
1255 3009 1336 3072 δὲ
1371 3010 1856 3095 βασιλεύοντος
1903 3014 2024 3074 τοῦ
2055 3012 2296 3090 κυρίου
2328 3012 2513 3093 ἡμῶν
2549 3013 2775 3091 Ἰησοῦ
2812 3009 3147 3087 Χριστοῦ·
3210 3002 3268 3085 ᾧ

652 3113 888 3191 πρέπει
936 3117 1127 3178 πᾶσα
1172 3115 1367 3190 δόξα,
1418 3118 1562 3199 τιμὴ
1612 3118 1727 3180 καὶ
1777 3117 2241 3197 προσκύνησις
2282 3117 2415 3181 σὺν
2459 3120 2550 3201 τῷ
2597 3116 2903 3199 παναγίῳ
2948 3117 3061 3178 καὶ
3106 3117 3267 3191 ζωο·

654 3223 820 3303 ποιῷ
852 3223 1170 3306 πνεύματι
1202 3225 1323 3285 νῦν
1353 3224 1464 3286 καὶ
1499 3225 1604 3287 ἀεὶ
1636 3225 1748 3288 καὶ
1784 3225 1881 3302 εὶς
1915 3224 2076 3303 τοὺς
2108 3227 2363 3303 αἰῶνας
2395 3226 2526 3287 τῶν
2559 3224 2839 3299 αἰώνων,
2874 3223 3067 3305 ἀμήν.

1228 3454 1320 3512 ffl-
1376 3456 1569 3511 ACTA
1607 3456 2199 3513 BISPUTATIOMS
2237 3458 2298 3514 S.
2337 3458 2679 3513 ACHATII.

868 3598 897 3628 ‘
923 3598 1107 3653 Ruin
1124 3616 1155 3653 a
1173 3617 1199 3653 r
1217 3610 1264 3667 t,
1291 3602 1428 3653 Acta
1453 3603 1760 3671 primorum
1788 3607 2097 3672 martyrum
2123 3604 2337 3655 sincera
2365 3607 2421 3656 et
2442 3604 2657 3657 selecta.
2689 3601 3059 3655 Amsterdam
3090 3606 3263 3674 ¹7¹3*-

655 3695 1109 3753 pag.152—155.
1161 3698 1211 3734 v.
1241 3679 1594 3749 Gebhart,
1634 3698 1680 3739 ο.
1709 3704 1755 3735 c.
1794 3698 1925 3752 pag.
1964 3699 2074 3753 ¹¹5·
2138 3681 2476 3751 Aehelis,
2513 3684 2616 3737 Die
2653 3683 3109 3753 Martyrologien,
3145 3682 3269 3737 ihre

573 3780 600 3808 o
654 3761 981 3815 Geschichte
1029 3764 1149 3816 und
1177 3762 1267 3817 ihr
1316 3763 1489 3816 Wert.
1545 3761 1736 3817 Berlin
1785 3780 1933 3833 ¹900·
2009 3763 2106 3817 Le
2145 3761 2275 3816 Bla
2302 3775 2403 3832 nt,
2455 3765 2556 3816 Les
2593 3765 2757 3817 Actes
2792 3764 2860 3816 de
2894 3764 3173 3833 Martyrs,
3208 3761 3264 3816 in

652 3844 945 3899 Mdmoires
978 3844 1046 3895 de
1081 3845 1120 3895 l’
1137 3844 1358 3897 Institut
1391 3848 1503 3896 nat.
1540 3844 1607 3896 de
1645 3843 1872 3900 France.
1914 3844 2077 3898 Acad.
2115 3845 2213 3897 des
2252 3845 2429 3899 Inscr.
2457 3849 2514 3897 et
2534 3845 2710 3897 Belles
2736 3844 2964 3899 Lettres.
3005 3842 3184 3898 XXX.
3213 3860 3267 3909 2,

654 3922 848 3996 (1883),
877 3940 1140 3995 57—347.
1204 3923 1602 3978 Bardenhe
1624 3940 1792 3991 wer,
1820 3925 1856 3993 ξ
1886 3941 1968 3995 59.

1295 4058 1484 4114 Acta
1532 4054 2124 4139 disput-ationis
2172 4054 2233 4114 S.
2286 4054 2626 4116 Achatii.

867 4180 908 4241 1.
943 4179 1523 4259 Quotienscumque
1555 4199 1883 4241 seruorum
1917 4181 2014 4241 dei
2045 4180 2314 4261 gloriosa
2347 4180 2500 4243 facta
2530 4201 2970 4259 memoramus,
3008 4181 3088 4243 illi
3112 4181 3268 4242 refe-

654 4286 846 4347 rimus
877 4286 1135 4364 gratiam
1168 4287 1277 4367 qui
1307 4303 1367 4347 et
1400 4286 1736 4367 patientem
1757 4302 1964 4349 tuetur
1986 4288 2046 4349 in
2068 4308 2268 4369 poena
2290 4304 2347 4350 et
2369 4289 2672 4352 uictorem
2690 4305 2948 4352 coronat
2969 4290 3029 4350 in
3050 4288 3265 4368 gloria.

660 4413 714 4457 2.
739 4393 1076 4454 Martianus
1096 4393 1300 4474 itaque
1321 4394 1661 4455 consularis
1681 4414 1714 4454 a
1737 4394 1929 4456 Decio
1949 4395 2313 4476 imperatore
2334 4396 2698 4477 praefectus,
2714 4396 3096 4461 Christianae
3116 4395 3269 4475 legis

654 4500 955 4578 inimicuS‚
989 4500 1318 4562 Achatium
1348 4502 1425 4562 ad
1458 4521 1523 4562 se
1558 4501 1728 4562 iussit
1760 4503 2002 4578 adduci,
2038 4521 2229 4582 quem
2259 4517 2504 4563 scutum
2526 4504 2845 4583 quoddam
2867 4523 2936 4565 ac
2958 4504 3268 4582 refugium

653 4608 813 4669 illius
846 4608 1157 4689 religionis
1188 4608 1479 4686 audierat,
1526 4625 1584 4670 et
1616 4629 1693 4670 eo
1727 4609 2081 4671 introducto
2114 4610 2190 4670 ad
2222 4629 2287 4670 se
2319 4610 2434 4671 aitz
2485 4609 2688 4672 Debes
2721 4630 2922 4672 amare
2959 4610 3268 4692 principes

653 4732 918 4792 nostros,
953 4718 1147 4777 homo
1180 4715 1481 4777 Romanis
1511 4716 1750 4796 legibus
1783 4717 2023 4777 uiuens.
2065 4738 2120 4796 3.
2151 4717 2471 4798 respondit
2494 4719 2823 4779 Achatius:
2856 4719 2934 4781 Et
2953 4718 3053 4778 cui
3073 4718 3269 4796 magis

572 4846 598 4875 o
653 4823 823 4885 cordi
869 4839 960 4884 est
1005 4823 1105 4884 uel
1152 4845 1185 4884 a
1231 4843 1361 4903 quo
1407 4823 1490 4883 sic
1524 4822 1794 4901 diligitur
1824 4823 2185 4903 imperator,
2213 4825 2755 4903 quemadmodum
2789 4827 2864 4886 ab
2900 4824 3269 4886 hominihus

653 4929 1054 4993 Christianis?
1104 4929 1346 4991 assidua
1397 4930 1563 4991 enim
1616 4930 1796 4990 nobis
1847 4945 1937 4989 est
1986 4949 2101 5011 pro
2147 4950 2225 4991 eo
2272 4951 2340 4991 ac
2388 4931 2543 5012 iugis
2590 4931 2803 5015 oratio,
2851 4948 2917 4992 ut
2951 4932 3267 5013 prolixum
