3684 5416
289 1541 342 1570 10

287 2609 349 2639 ‘20

290 4213 346 4256 35

294 4750 353 4786 ⁴0

1373 375 1619 430 Ecclesia
1650 378 2060 450 antiquissima.
2956 402 3012 454 5¹

620 556 775 617 Can.
809 555 958 617 VIII.
992 556 1096 617 De
1116 559 1410 633 foeminis
1441 581 1596 641 quae
1628 562 1867 623 relictis
1900 566 2054 623 viris
2085 566 2217 623 suis
2251 563 2401 623 aliis
2420 563 2672 624 nubunt.
2704 564 2852 625 Item
2889 566 3019 627 foe-

406 661 631 738 minae,
666 682 824 741 quae
856 663 1027 724 nulla
1060 665 1461 745 praecedente
1492 686 1673 727 causa
1706 669 2066 748 reliquerim
2087 669 2252 730 viros
2272 688 2419 730 suos
2441 686 2498 730 et
2517 670 2717 732 alteris
2737 692 2800 732 se
2822 691 3017 753 copu-

404 768 679 844 laverint,
714 788 826 829 nec
858 769 924 829 in
956 769 1144 831 finem
1177 772 1474 852 accipiant
1507 776 2045 836 communionem.
2101 774 2170 854 [c.
2211 778 2269 837 8.
2304 777 2374 837 C.
2408 776 2650 841 XXXII.
2685 797 2741 857 q.
2777 777 2858 857 7.]

619 876 770 938 Can.
801 877 903 938 IX.
956 877 1059 938 De
1093 880 1385 953 foeminis
1416 900 1571 960 quae
1599 882 1914 943 adulteros
1946 886 2202 943 maritos
2236 883 2597 964 relinquunt
2623 891 2684 944 et
2711 885 2862 946 aliis
2895 907 3017 946 nu-

407 984 573 1046 bunt.
634 984 782 1045 Item
832 984 1102 1046 foemina
1147 984 1363 1063 fidelis,
1411 1007 1569 1067 quae
1615 987 1966 1050 adulterum
2015 989 2305 1050 maritum
2338 989 2648 1069 reliquerit
2681 990 2925 1051 fidelem
2961 1007 3021 1052 et

405 1091 661 1152 alterum
696 1091 883 1167 ducit,
918 1092 1320 1173 prohibeatur
1352 1114 1430 1154 ne
1464 1095 1677 1169 ducat;
1713 1096 1763 1156 si
1797 1096 2057 1173 duxerit,
2092 1116 2220 1158 non
2255 1097 2425 1178 prius
2457 1097 2708 1177 accipiat
2733 1117 3020 1159 commu-

406 1197 683 1275 nionem,
709 1198 825 1259 nisi
852 1196 940 1277 [is]
976 1218 1162 1279 quem
1187 1199 1450 1280 reliquit,
1474 1202 1549 1262 de
1570 1202 1816 1263 saeculo
1837 1202 2065 1279 exierit,
2087 1203 2201 1263 nisi
2226 1202 2477 1264 forsitan
2500 1181 2822 1265 necessitas
2845 1204 3018 1266 infir-

406 1304 631 1364 mitatis
665 1305 808 1366 dare
842 1305 1230 1386 compulerit.

618 1413 772 1473 Can.
795 1413 871 1474 X.
905 1413 1009 1474 De
1041 1414 1260 1474 relicta
1290 1414 1711 1477 catechumeni
1736 1420 1799 1476 si
1824 1417 2086 1478 alterum
2119 1418 2378 1477 duxerit.
2413 1416 2474 1477 Si
2508 1437 2597 1495 ea,
2631 1437 2822 1499 quam
2856 1435 3021 1480 cate-

406 1520 757 1580 chumenus
795 1519 1105 1600 relinquit,
1142 1522 1384 1582 duxerit
1414 1523 1726 1597 maritum,
1751 1539 1949 1604 potest
1980 1524 2057 1583 ad
2081 1524 2315 1585 fontem
2341 1524 2560 1585 lavacri
2592 1526 2863 1587 admitti:
2900 1527 3021 1588 hoc

402 1643 461 1685 et
495 1626 649 1687 circa
683 1626 985 1687 foeminas
1018 1629 1490 1689 catechumenas
1510 1630 1621 1690 erit
1641 1631 2097 1692 observandum
2153 1630 2398 1705 Quodsi
2422 1631 2599 1692 fuerit
2620 1632 2836 1705 fidelis»,
2858 1652 3019 1713 quae

403 1732 647 1793 ducitur
677 1735 752 1794 ab
784 1754 859 1795 eo
892 1735 1001 1815 qui
1036 1754 1294 1796 uxorem
1328 1735 1703 1818 inculpatam
1738 1737 2002 1818 reliquit,
2035 1753 2093 1799 et
2126 1758 2324 1818 quum
2361 1739 2559 1799 scierit
2590 1739 2766 1799 illum
2793 1739 3017 1801 habere

405 1859 683 1912 uxorem,
730 1861 920 1921 quam
967 1842 1098 1902 sine
1146 1863 1327 1904 causa
1374 1844 1633 1924 reliquit,
1683 1845 1911 1925 placuit
1960 1844 2245 1906 ini-inem
2281 1845 2642 1906 huiusmodi
2677 1846 2804 1907 dari
2842 1866 3018 1907 e‘czm-

404 1948 792 2009 munionem.

617 2054 770 2117 Can.
806 2056 901 2117 XI.
954 2057 1058 2117 De
1086 2058 1515 2119 catechumena
1546 2061 1607 2119 si
1625 2061 1910 2138 graviter
1940 2061 2365 2138 aegrotaverit.
2405 2058 2560 2118 Intra
2595 2058 3009 2138 quinquennii

404 2178 613 2224 autem
660 2179 939 2244 tempora
974 2165 1418 2225 catechumena
1449 2165 1498 2225 si
1531 2166 1791 2245 graviter
1825 2163 2004 2225 fuerit
2038 2163 2357 2237 infirmata,
2390 2165 2667 2225 dandum
2703 2166 2756 2225 ei
2792 2166 3018 2245 baptis-

406 2289 581 2329 mum
619 2269 844 2350 placuit
876 2290 1009 2332 non
1043 2272 1357 2351 denegari.

622 2378 770 2439 Can.
805 2378 928 2438 XII.
979 2378 1082 2439 De
1114 2379 1478 2439 mulieribus
1510 2400 1664 2459 quae
1694 2380 2071 2440 lenocinmm
2088 2381 2383 2457 fecerint.
2449 2380 2642 2439 Mater
2672 2377 2768 2437 vel
2803 2397 3021 2458 parens

407 2484 500 2544 vel
548 2484 855 2563 quaelibet
914 2483 1139 2557 fidelis»,
1185 2485 1233 2546 si
1279 2484 1658 2547 lenocinium
1710 2486 2066 2557 exercuerit,
2115 2506 2191 2546 eo
2240 2486 2411 2566 quod
2464 2485 2738 2545 alienum
2802 2484 3017 2545 vendi-

406 2591 559 2650 derit
607 2610 831 2670 corpus
879 2592 973 2651 vel
1019 2593 1223 2672 potius
1271 2612 1477 2671 suum,
1529 2593 1752 2673 placuit
1789 2613 1927 2653 eam
1963 2612 2075 2654 nec
2107 2593 2172 2654 in
2207 2592 2395 2654 finem
2429 2592 2699 2673 accipere
2731 2610 3017 2652 commu-

407 2700 680 2762 nionem.

618 2808 769 2868 Can.
790 2807 942 2869 XIII.
979 2807 1081 2867 De
1099 2807 1446 2887 virginibus
1465 2807 1603 2868 Deo
1622 2811 1888 2868 sacratis
1907 2811 1970 2869 si
1985 2808 2485 2870 adulteraverint.
2521 2807 2823 2888 VirgineS,
2857 2828 3017 2888 quae

406 2936 470 2974 se
495 2915 628 2976 Deo
649 2914 1027 2990 dicaverunt,
1062 2914 1110 2975 si
1149 2929 1396 2995 pactum
1430 2914 1804 2994 perdiderint
1826 2914 2182 2994 virginitatis
2203 2930 2384 2993 atque
2406 2914 2608 2974 eidem
2634 2915 2871 2975 libidini
2893 2934 3021 2974 ser-

408 3022 650 3098 vierint,
687 3041 816 3083 non
849 3021 1258 3102 intelligentes
1290 3022 1442 3102 quid
1476 3022 1857 3096 admiserint,
1901 3022 2129 3103 placuit
2163 3041 2280 3082 nec
2312 3023 2374 3083 in
2408 3021 2598 3082 finem
2634 3021 2720 3081 eis
2753 3022 3020 3082 dandam

322 3144 343 3186 3
408 3149 540 3190 esse
587 3130 1121 3190 communionem.
1200 3127 1443 3203 Quodsi
1490 3129 1683 3191 semel
1729 3148 2052 3210 persuasae
2098 3145 2204 3190 aut
2249 3127 2474 3189 infirmi
2523 3129 2797 3208 corporis
2846 3128 3021 3209 lapsu

410 3237 642 3296 vitiatae
677 3236 851 3296 omni
882 3251 1163 3315 tempore
1197 3235 1352 3296 vitae
1386 3255 1530 3296 suae
1566 3236 1928 3297 huiusmodi
1965 3235 2271 3296 foeminae
2292 3236 2527 3315 egerint
2549 3235 3022 3315 poenitentiam,

408 3359 475 3404 ut
526 3343 868 3403 abstineant
914 3362 978 3402 se
1025 3364 1059 3402 a
1106 3342 1293 3418 coitu,
1344 3362 1419 3404 eo
1468 3343 1640 3423 quod
1689 3343 1893 3423 lapsae
1926 3343 2132 3424 potius
2164 3342 2505 3416 videantur,
2561 3342 2792 3422 placuit
2823 3362 2925 3402 eas
2960 3342 3023 3403 in

407 3451 597 3511 finem
629 3450 1143 3511 communionem
1180 3448 1452 3530 accipere
1486 3450 1723 3511 debere.
1799 3448 1871 3528 [c.
1912 3468 2008 3518 27.
2043 3450 2117 3510 C.
2152 3449 2393 3510 XXVII.
2427 3470 2485 3529 q.
2530 3446 2600 3527 1.]

622 3558 771 3618 Can.
805 3555 965 3617 XIV.
1001 3557 1102 3616 De
1131 3557 1480 3636 virginibus
1511 3556 1936 3616 saecularibus
1964 3558 2026 3616 si
2042 3555 2502 3616 moechaverint.
2538 3555 2841 3634 Virgines,
2866 3576 3024 3635 quae

407 3663 817 3743 virginitatem
851 3682 1027 3723 suam
1061 3682 1191 3724 non
1225 3662 1648 3739 custodierint,
1684 3662 1733 3722 si
1754 3663 2031 3738 eosdem,
2067 3662 2175 3742 qui
2196 3682 2297 3722 eas
2318 3661 2700 3736 violaverint,
2735 3662 3023 3723 duxerint

407 3786 466 3830 et
516 3771 826 3831 tenuerint
876 3770 1145 3845 maritos,
1199 3790 1274 3831 eo
1324 3771 1495 3850 quod
1543 3771 1703 3830 solas
1755 3769 2001 3849 nuptias
2036 3769 2411 3846 violaverint,
2451 3786 2589 3849 post
2620 3788 2858 3829 annum
2894 3769 3023 3830 sine

408 3877 785 3957 poenitentia
834 3876 1209 3937 reconciliari
1258 3878 1605 3952 debebunt;
1660 3877 1753 3936 vel
1800 3876 1848 3936 si
1896 3876 2048 3937 alios
2081 3876 2484 3954 cognoverint
2515 3876 2700 3951 virOS,
2737 3896 2813 3937 eo
2846 3877 3023 3955 quod

410 3985 769 4045 moechatae
800 3998 965 4061 sunt,
1017 3983 1242 4064 placuit
1278 4003 1385 4063 per
1417 3983 1834 4064 quinquennii
1870 3999 2146 4064 tempora
2180 3999 2304 4043 acta
2340 3983 2611 4063 legitima
2645 3983 3022 4063 poenitentia

407 4091 643 4151 admitti
679 4111 779 4151 eas
811 4092 887 4151 ad
923 4091 1434 4152 communionem
1473 4106 1775 4171 oportere.

622 4199 776 4259 Can.
822 4198 954 4259 XV.
1019 4199 1121 4258 De
1152 4201 1438 4277 coniugio
1487 4218 1719 4272 eorum,
1770 4201 1881 4280 qui
1923 4219 1995 4257 ex
2028 4197 2386 4277 gentilitate
2427 4200 2694 4257 veniunt.
2766 4197 3026 4277 Propter

409 4305 652 4386 copiam
688 4305 1032 4385 puellarum
1065 4305 1398 4385 gentilibus
1429 4304 1685 4366 minime
1718 4307 1780 4367 in
1814 4304 2280 4366 matrimonium
2314 4305 2552 4366 dandae
2585 4318 2730 4365 sunt
2765 4303 3028 4382 virgines

409 4412 814 4488 Christianae,
852 4432 928 4473 ne
960 4428 1121 4473 aetas
1154 4412 1218 4473 in
1253 4412 1402 4473 flore
1434 4428 1685 4473 tumens
1718 4412 1782 4473 in
1815 4411 2190 4473 adulterium
2225 4412 2464 4472 animae
2500 4410 2856 4472 resolvatur.

623 4520 779 4581 Can.
811 4518 971 4580 XVI.
1006 4520 1110 4580 De
1125 4519 1361 4600 puellis
1373 4519 1684 4598 fidelibus
1717 4541 1792 4579 ne
1824 4517 2184 4588 infidelibus
2215 4521 2687 4598 coniungantur.
2720 4513 3026 4578 Haeretici

411 4629 458 4687 si
490 4648 553 4688 se
587 4626 913 4688 transferre
947 4626 1262 4688 noluerint
1293 4627 1368 4686 ad
1403 4625 1716 4687 ecclesiam
1749 4625 2133 4701 catholicam,
2170 4644 2247 4685 ne
2279 4624 2424 4705 ipsis
2443 4624 2771 4685 catholicas
2793 4625 3026 4684 dandas

411 4755 541 4795 esse
574 4735 847 4816 puellas;
883 4734 990 4794 sed
1024 4752 1232 4812 neque
1266 4733 1503 4794 ludaeis
1538 4751 1740 4812 neque
1774 4732 2090 4793 haereticis
2111 4732 2253 4792 dare
2277 4731 2520 4812 placuit,
2556 4749 2631 4791 eo
2653 4732 2823 4811 quod
2850 4729 3020 4791 nulla

413 4842 604 4922 possit
636 4862 767 4902 esse
801 4841 1055 4902 societas
1102 4839 1266 4901 fideli
1314 4859 1457 4900 cum
1506 4837 1767 4900 infideli:
1835 4838 1884 4897 si
1933 4855 2143 4899 contra
2193 4838 2591 4899 interdictum
2636 4837 2888 4898 fecerint
2921 4857 3028 4918 pa-

414 4966 631 5024 rente3‚
666 4948 951 5010 abstineri
984 4968 1091 5029 per
1123 4947 1625 5028 quinquennium
1663 4946 1874 5027 placet.

2676 5062 2704 5090 Φ

2634 5086 2668 5131 4
