3684 5416
466 1526 515 1558 to

454 2700 507 2732 20

456 3237 505 3281 25

462 4303 507 4344 25

580 351 685 422 508
1651 353 1820 406 Curia
1862 348 2119 408 romana.

577 536 810 597 nullius
855 538 976 597 sint
1024 537 1283 612 roboris,
1334 538 1426 598 vel
1480 537 1799 614 momenti,
1849 557 1916 598 ac
1952 557 2061 617 per
2093 538 2712 619 praeoccupationem
2747 553 3016 599 extortae
3051 558 3194 599 cen-

573 658 841 718 seantur,
894 644 1135 723 illisque
1183 643 1427 703 Judices
1478 644 1706 723 quibus
1753 663 1854 704 eas
1904 645 2270 724 praesentari
2320 644 2657 724 contigerit,
2694 643 2951 706 minime
2986 664 3192 726 parere

550 766 917 815 teneantur.
969 751 1193 833 Sicque
1228 772 1337 834 per
1369 772 1801 833 quoscumque
1832 753 2096 830 Judices,
2132 768 2188 814 et
2218 754 2696 815 commissarios
2729 753 2946 834 quavis
2978 769 3192 814 aucto-

574 860 743 920 ritate
796 859 1141 938 fungentes,
1190 861 1427 922 sublata
1477 861 1582 936 eis,
1628 877 1683 921 et
1736 880 1956 921 eorum
2007 860 2254 921 cuilibet
2299 861 2514 940 quavis
2562 861 2733 921 aliter
2765 858 3098 938 judicandi,
3134 877 3196 921 et

573 966 1011 1048 interpretandi
1065 968 1362 1045 facultate,
1412 984 1470 1027 et
1519 968 1896 1039 auctoritate,
1950 966 2225 1044 judicari,
2275 984 2333 1027 et
2384 967 2644 1029 definiri
2671 968 2914 1042 debere,
2956 967 3192 1028 irritum

573 1091 851 1153 quoque,
884 1090 942 1135 et
975 1074 1174 1152 inane,
1210 1075 1258 1134 si
1293 1093 1470 1136 secus
1502 1094 1690 1155 super
1723 1074 1817 1135 his
1850 1095 1884 1135 a
1917 1094 2245 1154 quoquam
2286 1074 2502 1154 quavis
2536 1074 2912 1150 auctoritate,
2936 1074 3194 1134 scienter

574 1179 666 1239 vel
702 1180 1056 1258 ignoranter
1087 1183 1413 1261 contigerit
1444 1182 1739 1261 attentari,
1774 1182 2185 1243 decernimus.

786 1296 815 1356 s
860 1307 951 1367 15.
993 1289 1137 1350 Non
1170 1288 1557 1350 obstantibus
1590 1287 2158 1367 constitutionibuS,
2194 1304 2251 1349 et
2285 1288 2785 1349 ordinationibus
2819 1288 3192 1368 Apostolicis

572 1393 888 1454 contrariis
922 1394 1445 1476 quibuscumque.

786 1511 814 1570 S
860 1505 953 1564 16.
1000 1503 1171 1564 Nulli
1207 1523 1355 1583 ergo
1390 1504 1655 1564 omnino
1689 1504 2025 1565 bominum
2058 1504 2232 1565 liceat
2265 1519 2377 1567 etc.

787 1610 1014 1670 Datum
1051 1612 1289 1671 Romae
1322 1611 1487 1692 apud
1523 1611 1583 1673 S.
1620 1612 1892 1687 Petrum,
1926 1617 2116 1673 Anno
2150 1611 2596 1673 Incarnationis
2631 1610 3017 1686 Dominicae,
3054 1611 3189 1671 rnil-

571 1715 786 1776 lesimo
820 1718 1325 1798 quingentesimo
1359 1718 1737 1797 sexagesimo
1769 1719 2068 1797 secund0,
2102 1719 2361 1779 Kalend.
2382 1718 2544 1794 Julii,
2570 1718 2964 1779 pontificatus
2999 1719 3188 1777 nostri

572 1829 759 1882 Anno
792 1824 990 1886 tertio,
1045 1824 1101 1903 [1.
1136 1846 1183 1886 c.
1220 1845 1353 1906 pag.
1389 1805 1688 1905 9o—91.]

1350 2069 1478 2124 209.
1538 2069 1813 2125 Stxrtts
1856 2070 1924 2125 v.
1968 2070 2401 2139 (issa—1590).

567 2227 969 2284 Institutio
1024 2229 1458 2301 quindecim
1512 2229 2227 2301 Congregationum
2282 2231 2339 2284 S.
2394 2229 2455 2282 R.
2512 2230 2574 2282 E.
2629 2227 3184 2291 Cardinalium,

567 2327 725 2364 cum
765 2308 1391 2381 jurisdictionum
1434 2321 1503 2364 et
1542 2310 2025 2365 Facultatum
2064 2309 2348 2380 partita
2389 2308 2919 2372 concessione,
2962 2309 3046 2362 ad
3088 2307 3188 2362 fa-

566 2390 2910 2462 cilioremUniversaeReipublicaeChristianae,Statusque
2952 2388 3189 2443 eccle-

566 2471 866 2526 siastici
922 2484 990 2525 et
1032 2472 1407 2526 Romanae
1446 2471 1754 2541 Curiae,
1806 2470 2301 2541 negotiorum
2343 2484 2413 2525 et
2451 2488 2848 2525 causarum
2887 2470 3185 2541 expedi-

1720 2562 2025 2606 nonem.

778 2679 807 2707 ⁴
866 2680 1139 2748 Magnum
1192 2678 1509 2732 Bullatium
1564 2678 1891 2731 Romanum.
1945 2677 2120 2733 Tom.
2164 2675 2224 2731 11.
2265 2693 2319 2747 p.
2363 2676 2469 2730 666
2510 2692 2630 2747 seq.
2709 2676 3046 2747 Bangen‚
3085 2678 3186 2729 Dic

564 2768 700 2813 rime.
743 2762 925 2813 Kurie.
965 2775 1018 2829 p.
1048 2758 1119 2827 84
1155 2775 1274 2829 seq.
1328 2757 1772 2821 Hinschius‚
1811 2757 2227 2813 Kirchenreclet.
2268 2758 2436 2812 Tom.
2465 2757 2500 2809 1.
2540 2774 2593 2827 p.
2620 2756 2743 2827 448.

779 2889 1083 2949 Immensa
1134 2888 1362 2949 aeterni
1397 2889 1509 2948 Dei
1546 2888 1832 2949 omnium
1866 2888 2069 2968 opifex
2104 2887 2399 2969 sapientia
2432 2908 2466 2947 a
2499 2886 2619 2947 fine
2652 2906 2855 2967 usque
2890 2888 2964 2947 ad
2999 2886 3188 2948 finem

566 2995 796 3056 fortiter
843 2996 1167 3072 attingens,
1221 2994 1307 3054 sic
1339 3010 1558 3055 cuncta
1593 2995 1750 3054 inter
1781 3015 1845 3056 se
1881 2994 2225 3055 admirabili
2258 2994 2626 3055 concordiae
2661 3013 2822 3055 nexu
2858 2993 3184 3074 copulavit,

562 3102 952 3180 suaviterque
1000 3101 1323 3181 disposuit,
1356 3116 1423 3161 ut
1447 3101 1722 3161 vicissim
1757 3102 1832 3162 ad
1866 3121 2127 3163 suorum
2159 3122 2223 3163 se
2260 3120 2598 3163 numerum
2635 3101 2982 3162 functiones
3016 3121 3187 3161 exer-

564 3209 791 3269 cendas
821 3208 1059 3269 mutuis
1089 3207 1328 3268 auxiliis
1358 3208 1765 3271 sublevarent.
1831 3209 1965 3290 Ipsa
2000 3209 2065 3269 in
2101 3209 2345 3270 coelesti
2385 3209 2771 3270 Hierusalem
2808 3209 3007 3269 varios
3041 3211 3180 3268 bea-

566 3330 773 3374 torum
806 3313 1136 3394 spirituum
1170 3314 1421 3376 ordines
1452 3316 1740 3391 distinxit,
1776 3334 2053 3396 quorum
2087 3316 2436 3396 superiores
2467 3317 2544 3375 de
2577 3315 2820 3377 divinae
2855 3315 3184 3398 providen-

563 3423 677 3482 tiae
734 3424 915 3482 rebus
966 3421 1288 3482 inferiores
1338 3422 1772 3485 illuminarent.
1838 3423 1970 3503 lpsa
2031 3422 2343 3483 militantis
2378 3423 2699 3498 Ecclesiae,
2759 3442 2918 3503 quae
2966 3423 3180 3483 trium-

566 3529 812 3609 phantis
858 3530 1019 3591 illius
1069 3530 1280 3611 imago
1324 3545 1430 3605 est,
1479 3550 1707 3611 corpus
1753 3530 1933 3590 variis
1983 3530 2277 3590 membris
2324 3530 2624 3605 discrevit,
2665 3549 2825 3609 quae
2859 3528 3038 3610 capiti
3071 3548 3185 3589 suo

563 3637 796 3714 glutine
830 3637 1135 3697 charitatis
1168 3652 1503 3717 compacta,
1536 3654 1593 3697 et
1626 3656 1921 3714 connexa,
1960 3653 2183 3697 mutuo
2217 3657 2280 3697 se
2314 3635 2691 3713 adjuvarent,
2727 3656 2800 3697 ex
2837 3656 2966 3716 quo
2997 3636 3185 3697 totius

567 3745 844 3824 corporis
876 3747 1040 3805 salus
1074 3762 1132 3805 et
1165 3745 1549 3806 conservatio
1582 3746 1881 3806 existeret.

778 3860 807 3919 S
853 3873 899 3913 ι.
952 3850 1163 3926 Quare
1196 3851 1328 3929 jure
1362 3853 1605 3932 optimo
1640 3853 1962 3914 Romanus
1997 3851 2296 3924 Pontifex,
2333 3869 2520 3930 quem
2556 3852 2841 3912 Christus
2880 3852 3186 3912 Dominus

566 3959 843 4038 corporis
878 3959 994 4033 sui,
1031 3959 1203 4038 quod
1239 3975 1327 4019 est
1362 3959 1646 4036 Ecclesia,
1681 3958 1914 4019 visibile
1951 3974 2133 4039 caput
2167 3957 2498 4037 constituit,
2528 3958 2947 4038 omniumque
2983 3958 3189 4018 Eccle-

564 4066 795 4126 siarum
843 4065 1297 4127 solicitudinem
1345 4084 1555 4146 gerere
1604 4065 1817 4140 voluit,
1865 4066 2096 4126 multos
2143 4065 2256 4125 sibi
2291 4080 2415 4125 tam
2458 4064 2744 4125 immensi
2777 4065 2982 4125 oneris
3013 4062 3186 4141 adju-

564 4191 728 4234 tores
780 4174 1054 4247 advocat,
1105 4188 1289 4253 atque
1342 4172 1640 4249 adsciscit,
1694 4191 1836 4231 cum
1883 4172 2277 4234 Venerabiles
2326 4173 2670 4253 Episcopos
2731 4172 2971 4232 Fratres
3020 4191 3185 4239 suos,

566 4300 727 4359 quos
774 4294 905 4339 toto
951 4295 1253 4341 terrarum
1300 4282 1447 4340 orbe
1480 4281 1554 4340 ad
1591 4279 1877 4358 singulos
1914 4299 2130 4359 greges
2164 4280 2506 4360 pascendos
2540 4279 2738 4355 mittit,
2772 4294 2904 4338 tum
2939 4279 3187 4358 amplis-

564 4387 793 4445 simum
847 4386 1132 4447 ordinem
1185 4387 1442 4447 Sanctae
1500 4386 1819 4462 Roman-ae
1873 4386 2178 4447 Ecclesiae
2229 4386 2677 4461 Cardinalium‚
2731 4385 2842 4466 qui
2893 4401 3190 4465 tanquam

566 4492 947 4554 nobilissima
998 4496 1273 4554 membra
1322 4494 1498 4574 capiti
1548 4495 1832 4574 proprius
1881 4495 2291 4573 cohaerentia,
2347 4494 2546 4554 eidem
2589 4492 2856 4554 Summo
2891 4491 3186 4569 Pontifici,

565 4600 718 4660 sicut
753 4599 1002 4660 Christo
1040 4598 1314 4660 Domino
1351 4600 1635 4681 Apostoli
1684 4621 1926 4682 semper
1959 4600 2268 4677 assistunt,
2324 4601 2561 4682 quique
2597 4599 2779 4681 primi
2813 4600 3097 4660 laborum
3131 4614 3188 4658 et

564 4707 964 4768 consiliorum
1000 4706 1147 4767 socii
1180 4722 1322 4767 sunt
1355 4724 1412 4767 et
1447 4707 1790 4788 participeS,
1838 4725 1904 4767 ut
1938 4708 2148 4788 partita
2183 4709 2342 4768 inter
2376 4729 2502 4779 eos,
2551 4707 2830 4787 aliosque
2867 4708 3186 4768 Romanae

563 4813 788 4875 Curiae
825 4814 1232 4891 Magistratus,
1281 4814 1511 4893 ingenti
1559 4834 1848 4875 curarum
1896 4816 2420 4895 negotiorumque
2456 4813 2638 4889 mole,
2672 4813 2799 4894 ipse
2835 4829 3041 4874 tantae
3076 4832 3185 4893 po-

564 4921 788 4980 testatis
821 4920 1063 4981 clavum
1097 4938 1328 4998 tenens,
1362 4921 1564 4982 divina
1600 4922 1788 5002 gratia
1823 4922 2136 4998 adjutrice,
2171 4942 2298 4982 non
2331 4923 2709 4982 succumbat.
