3684 5416
363 1565 412 1596 10

364 2105 410 2147 ¹5

358 3178 410 3222 25

360 3712 413 3754 3⁰

361 4250 411 4294 35

1543 395 1711 451 Curia
1753 415 2011 452 romana.
2978 418 3076 470 49¹

466 581 818 642 Notariatus
864 579 1139 642 officium
1187 582 1540 643 exercuerit.
1640 581 1855 661 Sitque
1894 583 2038 643 boni
2082 583 2381 658 nominis,
2419 600 2475 644 et
2508 584 2830 645 laudabilis
2864 584 3084 662 famae,

464 708 532 749 ac
578 687 912 764 sufficienS,
945 704 1003 747 et
1039 687 1303 748 idoneus
1336 689 1410 749 ad
1446 688 1799 750 Notariatus
1831 687 2106 750 officium
2139 683 2466 750 causarum
2498 682 2640 750 dicti
2675 690 2882 751 Palatii
2914 711 3084 752 exer-

463 796 755 872 cendum,
792 811 849 856 et
882 811 1021 876 post
1052 795 1411 873 diligentem
1442 795 1983 873 examinationem,
2013 812 2071 856 et
2092 795 2593 858 informationem
2614 817 2798 878 super
2818 798 3084 859 habitam

464 923 571 985 per
604 903 808 985 ipsum
828 902 1407 964 Vicecancellarium
1440 918 1549 964 aut
1581 903 2020 985 deputandum
2054 905 2129 964 ab
2162 898 2345 964 eo‘de
2369 903 2713 984 praemissis
2734 905 3086 980 constiterit,

462 1010 832 1071 admittatur.

678 1125 707 1185 s
743 1117 799 1177 6.
847 1114 1169 1195 Quodque
1200 1116 1435 1177 Notarii
1470 1115 1778 1177 dictorum
1798 1115 2176 1177 Auditorum
2208 1137 2319 1178 sua
2339 1113 2926 1179 Notariatus‘officia
2958 1138 3085 1180 non

463 1223 685 1297 locent,
734 1243 849 1284 nec
896 1223 1187 1300 vendant,
1236 1222 1556 1302 alioquim,
1606 1237 1666 1282 et
1709 1221 2009 1301 officium,
2052 1239 2109 1283 et
2142 1224 2409 1304 pretium
2443 1225 2720 1305 perdant,
2754 1224 3085 1306 ipsumque

466 1329 728 1410 pretium
764 1329 1158 1411 Apostolicae
1197 1328 1495 1391 Gamerae
1541 1329 1902 1410 applicetur,
1953 1345 2011 1390 et
2059 1329 2339 1391 officium
2374 1329 2545 1391 alteri
2580 1331 2946 1392 conferatur.
3014 1333 3085 1392 Et

464 1436 515 1496 si
547 1435 687 1516 quis
721 1455 793 1496 ex
825 1436 1056 1497 eisdem
1077 1436 1348 1497 Notariis
1381 1451 1656 1497 cessante
1687 1456 1870 1497 causa
1905 1438 2261 1514 necessaria,
2285 1437 2380 1498 vel
2399 1439 2633 1518 absque
2654 1438 2748 1498 sui
2771 1438 3087 1500 Auditoris

464 1542 703 1603 licentia
738 1561 845 1624 per
876 1557 996 1602 tres
1028 1561 1273 1603 menses
1305 1543 1634 1603 continuos
1669 1544 1742 1603 ab
1764 1542 1983 1604 eadem
2002 1542 2195 1605 Curia
2227 1546 2446 1605 absens
2469 1543 2666 1622 fuerit,
2691 1545 2857 1606 dicto
2878 1545 3086 1607 officio

464 1668 537 1709 eo
570 1649 709 1729 ipso
739 1650 1011 1730 privatus
1044 1648 1272 1710 existat.

676 1765 705 1825 s
740 1777 797 1822 7.
844 1756 1156 1816 Volumus
1202 1756 1475 1837 insuper,
1524 1756 1701 1836 quod
1736 1755 1989 1836 praefati
2027 1756 2267 1816 Notarii
2299 1757 2365 1817 in
2399 1757 2614 1818 habitu
2648 1758 2885 1819 decenti
2918 1758 3084 1820 ince-

463 1863 630 1940 dant,
664 1865 946 1938 honestO,
979 1878 1035 1923 et
1082 1862 1469 1924 convenienti
1502 1861 1747 1923 Clerico
1780 1863 2095 1924 saeculari.
2160 1863 2476 1924 Tabernas
2508 1884 2636 1925 non
2673 1865 3086 1946 frequentent,

463 1989 575 2031 nec
607 1969 1030 2031 concubinarii
1061 1969 1337 2045 existant,
1368 1988 1514 2030 cum
1545 1989 1653 2050 per
1687 1970 1807 2029 hoc
1838 1987 2058 2030 eorum
2094 1969 2340 2030 vilescat
2370 1969 2666 2046 officium,
2699 1987 2757 2031 et
2776 1991 2848 2032 ex
2871 1972 3085 2048 hujus·

464 2076 635 2138 modi
667 2076 1129 2155 incontinentia,
1165 2078 1319 2138 vitae
1358 2075 1674 2137 infamiam
1711 2091 2197 2157 consequantur,
2232 2091 2289 2137 et
2322 2076 2370 2138 si
2411 2077 2788 2138 contrarium
2811 2077 3084 2155 fecerint,

464 2183 593 2246 suis
625 2184 945 2266 priventur
976 2183 1214 2244 officiis.
1300 2234 1304 2237 .

679 2301 708 2361 s
756 2291 815 2351 8.
881 2290 1201 2370 Quodque
1235 2290 1549 2369 Notarius,
1595 2290 1704 2371 qui
1754 2305 2003 2352 notatus
2049 2305 2154 2351 aut
2198 2289 2551 2351 diffamatus
2597 2289 2871 2360 extiterit,
2912 2291 3084 2370 quod

467 2398 783 2474 malitiose,
833 2397 1231 2477 negligenter,
1281 2397 1375 2457 vel
1419 2415 1529 2478 per
1573 2396 1796 2457 dolum
1844 2396 2078 2476 aliquid
2113 2397 2323 2475 egerit,
2356 2396 2450 2456 vel
2482 2397 2785 2477 scripserit
2817 2397 2988 2477 quod
3026 2399 3086 2458 in

466 2524 779 2588 processu,
816 2504 906 2564 vel
940 2503 1169 2583 judicio
1202 2504 1560 2580 deductum,
1591 2504 1686 2564 vel
1719 2519 1927 2564 actum
1964 2522 2094 2564 non
2129 2502 2310 2563 fuerit
2342 2502 2498 2564 inter
2532 2520 2748 2584 partes,
2780 2523 2888 2564 seu
2909 2505 3084 2584 quod

466 2613 592 2694 ipse
626 2630 1032 2693 personarum
1070 2611 1132 2670 in
1166 2629 1435 2690 quarum
1468 2609 1668 2671 causis
1701 2609 1907 2671 scribit
1929 2625 2216 2690 acceptor
2247 2609 2322 2670 sit
2353 2610 2440 2670 eis
2472 2626 2699 2671 secreta
2730 2629 2945 2671 causae
2979 2611 3088 2672 de-

465 2721 754 2801 tegendO,
805 2735 909 2781 aut
955 2719 1100 2779 alias
1149 2718 1211 2779 in
1258 2718 1504 2779 alterius
1537 2718 1724 2800 partis
1756 2717 2206 2798 praejudicium
2241 2718 2476 2798 aliquid
2511 2718 2978 2792 committendo,
3013 2738 3088 2779 eo

466 2830 601 2910 ipso
645 2829 741 2889 sui
776 2826 1129 2888 Notariatus
1176 2823 1385 2887 officio
1432 2825 1509 2885 sit
1554 2825 1842 2906 privatus.
1906 2826 1982 2886 Et
2028 2827 2107 2886 de
2155 2824 2519 2904 hujusmodi
2566 2825 2835 2899 infamia,
2869 2843 2926 2888 et
2959 2827 3088 2888 aliis

468 2935 815 3018 praemissis
846 2953 955 3016 per
987 2932 1222 2994 dictum
1256 2932 1863 3008 Vicecancellarium,
1897 2933 1989 2993 vel
2023 2935 2098 2993 ab
2133 2951 2210 2994 eo
2249 2933 2701 3014 deputandum,
2731 2935 3086 3011 summarie,

465 3042 834 3123 simpliciter,
870 3057 927 3102 et
958 3042 1035 3103 de
1070 3042 1253 3122 plano
1287 3041 1388 3103 fiat
1408 3042 1670 3122 diligens
1691 3042 2032 3123 inquisiti0.
2067 3042 2139 3103 Et
2161 3042 2208 3102 si
2232 3061 2340 3122 per
2361 3040 2828 3121 inquisitionem
2865 3040 3082 3117 hujus-

467 3151 635 3212 modi
683 3151 810 3230 ipse
843 3149 1135 3211 Notarius
1180 3149 1502 3229 culpabilis
1537 3165 1814 3231 repertus
1849 3149 2044 3223 fuerit,
2092 3164 2198 3209 aut
2231 3149 2280 3211 si
2313 3147 2601 3230 purgatio
2638 3149 2892 3209 extiterit
2928 3148 3088 3207 indi-

467 3258 678 3331 cenda,
728 3273 783 3317 et
832 3260 893 3317 in
940 3256 1098 3317 dicta
1147 3276 1214 3319 se
1259 3256 1459 3317 debite
1507 3276 1637 3318 non
1691 3257 2060 3337 purgaverit,
2111 3256 2379 3337 privetur
2425 3255 2922 3335 quibuscumque
2956 3255 3090 3315 aliis

468 3364 687 3425 officiis
720 3383 878 3444 quae
911 3363 974 3424 in
1007 3364 1223 3423 eadem
1257 3363 1424 3424 curia
1456 3363 1769 3425 obtinebit.
1836 3364 1911 3423 Et
1943 3363 2111 3423 idem
2144 3363 2437 3423 volumus
2470 3362 2546 3422 de
2580 3362 3089 3442 quibusqumque

470 3469 734 3532 Notariis
767 3489 1315 3550 quorumcumque
1349 3468 1410 3530 S.
1437 3471 1508 3530 R.
1533 3470 1598 3529 E.
1623 3468 2070 3545 Cardinalium,
2089 3469 2398 3544 Judicum,
2420 3483 2476 3527 et
2496 3464 3089 3528 Commissariorum

470 3579 533 3638 in
566 3578 780 3639 eadem
816 3576 1003 3639 Curia
1036 3597 1148 3657 pro
1181 3592 1461 3657 tempore
1494 3577 1931 3656 deputatorum
1969 3575 2399 3636 inviolabiliter
2429 3573 2756 3635 observari.

681 3694 710 3754 s
759 3706 816 3762 9.
890 3684 963 3745 Et
1010 3683 1423 3744 nihilominus
1469 3683 1641 3763 quod
1692 3682 1834 3743 dicti
1883 3682 2122 3743 Notarii
2169 3682 2232 3742 in
2272 3680 2693 3742 exactionibus
2726 3678 3087 3739 salarorium

468 3812 726 3852 suorum
773 3811 887 3872 pro
932 3791 1060 3852 suis
1110 3791 1519 3872 processibus,
1568 3806 1625 3850 et
1673 3790 1987 3869 scripturis
2032 3805 2197 3849 taxas
2243 3808 2428 3870 super
2474 3789 2595 3847 hoc
2640 3787 2951 3846 ordinatas
2985 3805 3091 3866 per

469 3900 701 3960 dictum
743 3899 1049 3960 Joannem
1098 3898 1278 3959 XXII.
1326 3917 1466 3958 cum
1515 3897 1759 3958 illarum
1808 3896 2332 3957 moderationibus
2377 3896 2703 3955 observare
2749 3908 3089 3953 teneantur.

469 4006 660 4081 Quod
696 4006 744 4066 si
780 4006 935 4066 ultra
969 4005 1193 4066 dictam
1226 4020 1448 4082 taxam,
1481 4004 1715 4084 aliquid
1749 4020 1974 4084 petere,
2008 4018 2111 4063 aut
2148 4002 2386 4082 exigere
2422 4000 2750 4081 quomodo
2770 4017 3091 4079 praesum-

469 4114 700 4192 pserint
731 4132 918 4193 super
949 4131 1198 4172 excessu
1236 4110 1597 4188 hujusmodi
1632 4110 1709 4170 ad
1742 4107 2353 4187 Vicecancellarium,
2405 4108 2499 4167 vel
2533 4107 3090 4167 Locumtenentem

470 4219 851 4301 praedictum
884 4220 1178 4279 habeatur
1211 4237 1510 4279 recursus.
1545 4217 1652 4297 qui
1687 4217 1917 4277 vocatis
1950 4235 2136 4297 super
2170 4217 2290 4277 hoc
2323 4214 2552 4296 peritis,
2585 4210 2950 4289 hujusmodi
2984 4231 3087 4271 ex-

468 4346 675 4387 cessus
706 4324 869 4403 ,iuxta
901 4342 1065 4387 taxas
1098 4326 1431 4407 praedictas
1468 4326 1717 4385 reducat
1751 4325 1825 4384 ad
1849 4324 2127 4384 debitum
2150 4323 2579 4384 moderamen.
2634 4321 2704 4380 Et
2724 4319 2773 4379 si
2795 4319 3090 4380 Notarius

468 4432 598 4514 ipse
631 4434 706 4494 de
730 4432 887 4494 facto
909 4433 1050 4513 plus
1072 4432 1380 4514 receperit,
1402 4432 1664 4512 duplum
1687 4430 1838 4512 parti
1862 4431 2058 4491 laesae
2080 4430 2404 4490 refundere
2426 4443 2722 4488 teneatur.
2771 4425 3090 4505 Quodque

469 4558 581 4620 pro
628 4540 1038 4615 citationibus,
1088 4540 1542 4620 compulsoriiS‚
1590 4554 1650 4598 et
1699 4537 2200 4613 inhibitionibus,
2237 4535 2492 4597 decretis
2524 4535 2588 4595 in
2622 4534 2914 4616 partibus,
2948 4552 3090 4612 pro-

469 4647 801 4719 curatoriis,
836 4646 1276 4724 instrumentiS,
1310 4666 1378 4706 ac
1413 4644 1882 4705 remissionibus
1914 4644 1990 4704 ad
2026 4658 2227 4725 partes
2248 4641 2806 4704 examinationibus
2826 4640 3092 4714 testium,

469 4769 528 4814 et
573 4753 1074 4834 quibuscumque
1121 4752 1251 4813 aliis
1283 4751 1619 4833 scripturis,
1656 4751 1748 4811 bis
1781 4750 2017 4832 scriptis
2050 4750 2112 4811 in
2148 4750 2368 4810 eodem
2404 4767 2719 4830 processu,
2753 4746 2866 4805 nisi
2901 4746 3091 4805 semel

469 4861 781 4921 dumtaxat
815 4860 1038 4921 taxatio
1075 4859 1194 4921 fiat.
