3684 5416
530 1528 581 1560 to

529 2062 577 2105 ⁸5

520 2595 580 2627 20

519 3130 577 3174 25

520 3672 580 3718 30

521 4206 577 4252 35

523 4740 581 4783 40

637 378 743 432 270
1278 363 1540 418 Potestas
1581 363 1961 419 ecclesiastica
2003 378 2058 420 et
2096 364 2396 436 imperium
2438 364 2612 420 civile.

638 564 713 625 pe
775 544 1107 606 sententiae
1169 545 1563 607 Nunciorum
1623 562 1914 608 emanent

637 671 778 711 cum
825 666 967 712 voto
1001 651 1265 713 aliorum
1295 653 1625 714 doctorum
1656 673 1724 714 ac
1758 673 1912 734 qua-

633 757 1007 820 lificatorum
1052 758 1326 821 virorum
1373 761 1447 820 ab
1492 760 1638 841 ipsis
1673 780 1911 822 assum-

636 881 875 939 torum;
924 881 1110 948 prout
1141 866 1263 927 iam
1294 866 1358 927 in
1392 867 1590 929 causis
1618 867 1907 947 graviori-

638 975 752 1033 bus
825 973 1155 1034 exercitum
1217 989 1307 1034 est
1366 993 1477 1054 per
1536 976 1913 1036 modernum

637 1080 958 1141 Nuncium
990 1080 1424 1143 Viennensem.
2055 1080 2154 1140 Ad
2200 1082 2259 1143 6.
2321 1081 2529 1142 Relate
2578 1082 2656 1142 ad
2706 1081 2999 1143 beneficia
3052 1082 3239 1142 Lom-

726 1189 764 1248 6
857 1186 1085 1261 Quoad
1148 1188 1444 1249 beneficia
1507 1189 1912 1250 Lombardiae

635 1294 1020 1355 Austriacae:
1087 1313 1203 1356 nos
1266 1295 1564 1374 eligemus
1626 1315 1827 1356 unum
1880 1316 1912 1357 e

636 1415 903 1479 quatuor
920 1401 1252 1464 individuis
1272 1422 1432 1482 quae
1455 1401 1598 1481 Maj.
1623 1403 1745 1463 Vra
1766 1421 1911 1482 pro-

1968 1186 2211 1248 bardiae
2244 1206 2577 1269 provocare
2609 1188 2806 1252 debeo
2838 1188 2914 1248 ad
2948 1188 3027 1258 id,
3060 1189 3232 1268 quod

1968 1293 2029 1354 in
2074 1295 2263 1356 altero
2308 1314 2450 1355 meo
2495 1313 2792 1375 responso
2837 1295 2956 1355 iam
3000 1294 3239 1356 dicendi

1969 1401 2275 1462 honorem
2307 1400 2524 1476 habui3
2574 1417 2632 1462 et
2661 1417 2861 1463 totum
2894 1402 3016 1463 hoc
3049 1403 3239 1463 dicta-

637 1508 907 1589 posuerit
941 1508 1005 1569 in
1038 1509 1296 1587 singulis
1319 1508 1602 1570 vacantiis
1624 1509 1913 1590 Eppatus,
1968 1525 2100 1568 tum
2149 1508 2300 1568 mihi
2346 1509 2540 1568 fuerat
2573 1509 2753 1570 unice
2786 1531 2818 1570 a
2852 1526 3056 1570 tenera
3090 1508 3240 1569 ami·

638 1630 889 1696 excepto
911 1615 1213 1697 AEppatu
1241 1615 1714 1692 Mediolanensi,
1749 1631 1911 1676 stan-
1968 1614 2103 1674 citia
2166 1630 2222 1675 et
2283 1614 2531 1676 sublimi
2588 1616 2996 1692 veneratione,
3050 1634 3238 1696 quam

635 1721 797 1782 tibus
843 1722 1248 1802 peculiaribus
1280 1722 1715 1803 praerogativis
1747 1722 1911 1784 Civi-
1969 1721 2227 1802 concepi
2278 1739 2334 1782 et
2382 1742 2625 1804 semper
2673 1725 3047 1785 conservabo
3098 1742 3240 1803 erga

636 1828 740 1889 tati
786 1829 870 1889 illi
903 1829 1413 1910 competentibus.
1477 1828 1805 1903 Quantum
1836 1828 1913 1888 ad
1970 1828 2360 1889 Sanctitatem
2424 1830 2644 1898 Vram;
2728 1831 2951 1891 addam
3011 1830 3237 1904 adhuc,

636 1936 935 1996 Ecclesias
985 1936 1504 2017 Praepositurales
1566 1952 1670 1996 aut
1726 1937 1912 1998 Paro·
1970 1936 2197 2014 quodsi
2232 1936 2463 1998 Eadem
2512 1937 2663 2000 mihi
2697 1937 3239 1998 recommendave-

637 2042 882 2118 chialeS,
929 2058 987 2102 et
1032 2044 1108 2104 ad
1142 2044 1548 2120 Praebendas,
1598 2061 1759 2123 quae
1791 2042 1911 2102 exi·
1968 2042 2044 2103 rit
2077 2043 2415 2124 quodpiam
2450 2043 2840 2105 individuum
2875 2044 2938 2105 in
2972 2063 3114 2103 casu
3138 2062 3240 2103 va-

634 2164 789 2228 gunt
840 2170 1211 2212 concursum
1274 2151 1348 2210 ad
1401 2151 1665 2212 formam
1717 2150 1910 2211 Conc.
1968 2150 2199 2212 cantiae
2248 2151 2433 2212 unius
2470 2171 2541 2212 ex
2573 2150 2910 2232 Eppatibus
2942 2151 3243 2212 Lombar-

633 2256 1001 2334 Tridentini,
1016 2257 1261 2319 collatio
1277 2257 1546 2318 manebit
1562 2276 1748 2338 penes
1767 2275 1910 2317 nor-

636 2383 804 2424 mam
836 2363 994 2424 inter
1025 2364 1084 2425 S.
1118 2363 1342 2425 Sedem
1375 2379 1433 2425 et
1465 2365 1674 2444 Eppos
1706 2364 1911 2424 hacte-

635 2489 754 2531 nus
800 2473 1201 2531 observatam.
1265 2470 1458 2545 Quod
1491 2470 1800 2545 AbbatiaS,
1844 2468 1910 2530 in

634 2593 940 2656 quantum
973 2577 1266 2637 hactenus
1296 2579 1411 2638 sub
1446 2577 1625 2658 plena
1646 2593 1705 2637 et
1724 2577 1910 2638 libera

636 2699 843 2744 nostra
891 2682 1295 2765 dispositione
1341 2682 1599 2763 fuerant,
1653 2703 1782 2744 non
1814 2703 1908 2746 se-

632 2806 743 2851 cus
763 2789 1178 2851 Canonicatus
1211 2808 1270 2852 et
1300 2792 1415 2853 alia
1447 2792 1743 2853 beneficia
1777 2811 1908 2853 non

632 2913 855 2974 curata,
878 2918 1038 2978 quae
1059 2915 1338 2959 vacatura
1358 2915 1503 2959 sunt
1522 2919 1629 2980 per
1648 2898 1906 2977 obitum,

635 3004 791 3065 inter
823 3005 885 3065 S.
920 3003 1145 3066 Sedem
1191 3022 1249 3066 et
1283 3004 1427 3084 Maj.
1464 3005 1652 3066 Vram
1698 3008 1908 3066 obser-

634 3111 872 3172 vabitur
909 3111 1263 3172 alternativa
1294 3112 1626 3189 mensium,
1662 3112 1909 3194 expedi-

633 3218 802 3279 tione
850 3217 1158 3280 bullarum
1205 3219 1481 3280 Datariae
1527 3233 1771 3280 nostrae
1816 3238 1908 3280 re-

631 3341 880 3387 servata.

725 3883 782 3928 7.
849 3862 933 3923 Ut
964 3861 1028 3922 in
1064 3860 1361 3938 facultate,
1397 3881 1556 3941 quae
1589 3883 1623 3922 a
1657 3862 1716 3922 S.
1750 3861 1906 3923 Sede

635 3968 949 4046 delegatur
965 3968 1172 4048 Eppis‚
1187 3968 1578 4049 dispensandi
1594 3988 1735 4029 cum
1756 3987 1908 4048 pau-

637 4074 883 4155 peribus
915 4074 980 4136 in
1010 4074 1466 4155 impedimentis
1485 4076 1909 4137 matrimonia-

633 4182 813 4259 libus,
862 4182 1470 4261 comprehendantur
1514 4183 1697 4243 etiam
1729 4183 1909 4243 nobi-

1968 2256 2121 2334 diae,
2168 2257 2437 2338 primum
2483 2276 2724 2339 semper
2757 2274 3100 2338 respectum
3135 2258 3240 2318 ba-

1968 2363 2205 2423 biturus
2256 2364 2371 2424 sim
2420 2365 2484 2425 in
2529 2365 3035 2426 denominatione
3070 2383 3242 2424 com-

1967 2470 2255 2531 mendati.
2320 2471 2643 2547 Quantum
2695 2472 2772 2532 ad
2817 2471 3138 2551 dignitates
3184 2486 3242 2532 et

1965 2576 2078 2638 alia
2129 2577 2438 2654 beneficia,
2487 2598 2646 2658 quae
2693 2597 3066 2639 concursum
3114 2578 3238 2639 exi-

1964 2701 2135 2765 gunt,
2180 2699 2283 2746 aut
2316 2704 2473 2765 quae
2506 2684 2909 2767 hucadusque
2943 2687 3017 2746 ab
3048 2685 3238 2767 Eppis

1964 2793 2268 2853 ordinaria
2331 2812 2548 2854 eorum
2609 2794 2961 2854 auctoritate
3019 2793 3236 2854 collata

1965 2915 2150 2977 erant,
2181 2901 2454 2981 profecto
2487 2902 2673 2980 longe
2702 2901 2872 2961 abest
2891 2922 2922 2961 a
2945 2920 3063 2976 me,
3085 2899 3236 2960 velle

1967 3026 2242 3086 unquam
2293 3007 2591 3088 impedire
2641 3009 2880 3068 bonum
2931 3026 3136 3081 usum,
3180 3022 3238 3066 et

1964 3114 2261 3175 Sanctitas
2296 3115 2414 3175 Vra
2461 3133 2747 3195 persuasa
2794 3114 3015 3194 pariter
3054 3114 3129 3174 sit
3160 3113 3235 3173 de

1964 3240 2099 3282 mea
2133 3221 2513 3301 providentia
2546 3237 2604 3281 et
2623 3219 3054 3297 sollicitudine,
3078 3239 3237 3301 quo-

1965 3329 2131 3389 niam
2180 3327 2475 3389 beneficia
2514 3344 2718 3389 curata
2750 3327 2964 3388 collata
2995 3346 3237 3408 semper

1966 3435 2190 3497 suerint
2237 3426 2567 3496 individuis
2612 3434 2851 3495 idoneis
2895 3435 2971 3495 ad
3010 3453 3237 3515 coope-

1962 3543 2228 3603 randum
2276 3561 2388 3623 pro
2421 3544 2590 3603 bono
2624 3541 2951 3621 religionis,
2980 3541 3111 3602 sine
3142 3560 3236 3601 re-

1962 3666 2175 3731 spectu
2206 3664 2313 3710 aut
2342 3648 2831 3710 consideratione
2865 3666 3238 3729 quacunque

1963 3757 2207 3819 alterius
2237 3755 2498 3836 generi&

2051 3864 2152 3926 Ad
2188 3885 2244 3930 7.
2287 3863 2614 3939 Quantum
2645 3863 2724 3925 ad
2755 3862 3239 3944 dispensationes

1964 3969 2469 4033 matrimoniales:
2505 3970 2809 4031 removeri
2831 3989 2961 4030 non
2981 3987 3235 4050 possum

1964 4100 1998 4139 a
2031 4077 2333 4158 principio
2384 4077 2507 4138 iam
2554 4076 2868 4157 adoptat0‚
2918 4075 3236 4149 nimirum,

1965 4200 2031 4244 ut
2065 4184 2242 4265 Eppi,
2289 4184 2398 4264 qui
2442 4183 2730 4247 dubitant
2775 4183 3001 4243 habere
3046 4202 3110 4243 se
3141 4180 3238 4241 ius

635 4290 742 4361 les,
789 4302 847 4348 et
888 4288 952 4348 in
986 4302 1117 4349 toto
1152 4304 1460 4349 remaneat
1489 4304 1666 4350 tenor
1697 4290 1909 4351 solitae
1964 4291 2358 4372 dispensandi
2403 4290 2647 4372 propria
2694 4288 3067 4366 auctoritate,
3116 4285 3238 4369 pri-

635 4394 957 4473 formulae,
991 4411 1047 4454 et
1081 4411 1148 4456 ut
1180 4397 1406 4457 dentur
1438 4396 1574 4457 illae
1597 4396 1909 4458 facultates
1964 4399 2147 4461 vatim
2198 4391 2434 4479 possint
2477 4416 2802 4459 recurrere.
2834 4396 2908 4456 ad
2942 4394 3236 4457 Sanctita-

634 4504 709 4563 ad
742 4502 1157 4583 septennium,
1190 4503 1550 4564 renovando
1581 4524 1679 4565 eas
1700 4505 1907 4585 elapso

632 4609 986 4690 septennio;
1023 4629 1136 4690 pro
1169 4609 1623 4691 impedimentis
1652 4630 1799 4671 vero
1831 4613 1906 4672 ab

634 4716 992 4778 arctioribus
1053 4717 1344 4796 gradibus
1407 4718 1908 4798 provenientibus

1963 4521 2085 4565 tem
2120 4506 2326 4583 Vram,
2367 4520 2424 4565 et
2456 4504 2576 4565 hoc
2607 4519 2733 4564 tam
2766 4504 2829 4564 in
2864 4522 3017 4579 un0,
3047 4519 3238 4581 quam

1960 4613 2026 4673 in
2076 4611 2207 4672 aliis
2255 4612 2548 4692 gradibus
2599 4629 2768 4673 cons.
2821 4624 2878 4670 et
2926 4608 3094 4671 affin.
3171 4607 3236 4667 Id

1963 4718 2134 4798 quod
2181 4718 2601 4781 desiderabam
2645 4717 2710 4778 in
2756 4716 2982 4796 scripto
3013 4735 3048 4778 a
3081 4715 3236 4776 San-

637 4823 777 4902 Maj.
800 4825 922 4885 Vra
956 4824 1261 4904 permittat
1293 4823 1563 4904 partibus
1591 4844 1907 4886 recursum
1963 4824 2160 4887 ctitate
2184 4825 2305 4885 Vra
2339 4825 2532 4886 semel
2564 4844 2677 4906 pro
2710 4843 2954 4906 semper
2984 4842 3101 4905 pro
3120 4841 3236 4885 no-

632 4933 707 4991 ad
743 4930 804 4992 S.
840 4931 1082 4994 Sedem.

1965 4932 2188 4994 bilibus
2235 4948 2292 4992 et
2339 4932 2683 5010 ditioribus,
2730 4946 2857 4993 erat
2890 4951 2922 4992 e
2955 4930 3091 4992 solo
3123 4931 3236 4992 ob·—
