3684 5416
355 1560 405 1591 to

356 2094 402 2137 ι5

354 2628 408 2659 20

353 3171 404 3215 25

354 3705 410 3747 30

358 4240 409 4285 35

359 4780 413 4818 40

1334 389 1581 445 Ordines
1622 402 1678 445 et
1717 389 2220 459 congregationes,
2970 391 3071 473 53—33

456 593 625 637 mota
674 595 814 657 prae
860 576 1157 636 omnibus
1203 573 1473 655 crapula,
1505 591 1563 635 et
1598 590 1666 635 ut
1696 578 2024 655 nunquam
2058 573 2342 655 surripiat
2375 575 2694 636 Monacho
2726 573 3079 653 indigeries(

459 681 625 756 Quia
675 682 828 743 nihil
876 682 960 742 sic
993 682 1372 743 contrarium
1406 697 1496 742 est
1529 681 1703 742 omni
1736 681 2112 760 Christian0,
2147 682 2476 762 quomodo
2509 682 2773 762 crapula,
2806 681 2964 741 sicut
2994 681 3075 741 ait

461 789 768 850 Dominus
799 804 1036 849 noster:
1105 789 1307 850 Videte
1337 810 1412 848 ne
1434 794 1776 868 graventur
1797 789 1997 849 >corda
2028 795 2229 849 vestra
2259 790 2325 847 in
2358 787 2635 869 crapula.
2684 787 2897 849 Pueris
2929 807 3078 848 vero

458 896 685 957 minori
730 911 924 957 aetate
970 916 1103 959 non
1151 899 1367 957 eadem
1414 910 1689 956 servetur
1734 894 2060 975 quantitas,
2109 895 2214 956 sed
2249 894 2457 956 minor
2487 914 2678 975 quam
2714 893 3073 971 majoribus,

459 1021 692 1064 servata
724 1003 789 1063 in
824 1002 1114 1065 omnibus
1149 1003 1451 1084 parcitate.
1500 1002 1804 1063 Carnium
1838 1020 1986 1062 vero
2019 1002 2501 1083 quadrupedum
2532 1004 2607 1062 ab
2642 1002 2937 1063 omnibus
2968 1003 3073 1062 ab·

458 1110 754 1171 stineatur
785 1111 1103 1187 comesti0,
1138 1126 1375 1192 praeter
1405 1111 1667 1172 omnino
1701 1110 1935 1171 debiles
1968 1126 2028 1171 et
2059 1125 2361 1188 aegrotos.

671 1217 823 1298 Cap.
856 1218 983 1280 XL.
1046 1218 1148 1278 De
1192 1239 1481 1279 mensura
1510 1223 1715 1299 points,
1800 1216 2232 1298 Unusquisque
2262 1218 2591 1297 proprium
2638 1216 2819 1277 habet
2854 1218 3075 1277 donum

459 1350 530 1387 ex
573 1328 757 1399 De0‚·
803 1327 968 1388 alius
1012 1331 1130 1401 sic,
1182 1328 1345 1389 alius
1395 1349 1535 1389 vero
1586 1330 1695 1388 sic.
1776 1329 1850 1389 Et
1902 1328 2068 1388 ideo.
2093 1346 2234 1387 cum
2270 1322 2476 1406 aliqua
2522 1325 2992 1406 scrupulositate
3036 1349 3069 1388 a

460 1435 641 1494 nobis
687 1452 977 1494 mensura
1027 1434 1221 1495 victus
1267 1435 1531 1505 aliorum
1568 1433 1997 1509 constituitur3
2048 1449 2256 1494 tamen
2291 1431 2677 1493 infirmorum
2715 1449 3077 1495 contuentes

459 1540 955 1616 imbecillitatem,
1007 1541 1314 1602 credimus
1367 1541 1680 1602 heminam
1736 1541 1859 1601 vini
1913 1560 2020 1621 per
2069 1539 2352 1618 singulos
2402 1540 2682 1601 sufficere
2735 1559 2841 1622 per
2889 1543 3073 1603 diem.

460 1648 710 1723 Quibus
757 1665 964 1708 autem
997 1650 1187 1708 donat
1221 1649 1392 1709 Deus
1423 1648 1810 1709 tolerantiam
1846 1647 2265 1719 abstinentiae,
2320 1647 2633 1728 propriam
2665 1668 2729 1709 se
2764 1650 3079 1710 babituros

460 1754 807 1816 mercedem
856 1755 1065 1815 sciant.
1131 1754 1321 1830 Quod
1372 1756 1421 1815 si
1470 1770 1574 1816 aut
1606 1754 1728 1817 loci
1762 1754 2106 1838 necessitas,
2138 1756 2234 1815 vel
2268 1755 2460 1832 labor,
2493 1771 2598 1816 aut
2628 1757 2810 1816 ardor
2842 1757 3081 1817 aestatis

459 1863 724 1943 amplius
758 1862 1139 1944 poposcerit:
1192 1863 1255 1921 in
1301 1862 1550 1922 arbitrio
1585 1862 1810 1922 Prioris
1861 1862 2181 1922 consistat:
2235 1861 2634 1922 considerans
2666 1862 2731 1922 in
2763 1863 3076 1931 omnibus,

461 1988 538 2029 ne
571 1985 847 2050 surrepat
878 1969 1139 2045 satietaS,
1172 1984 1278 2028 aut
1310 1969 1591 2029 ebrietas.
1654 1968 1821 2029 Licet
1855 1970 2151 2047 legamuS,
2186 1968 2403 2029 vinum
2437 1969 2701 2028 omnino
2736 1969 3077 2029 Monacho-

460 2095 600 2138 rum
651 2095 780 2136 nou
833 2095 997 2149 esse:
1047 2077 1153 2136 sed
1202 2075 1345 2155 quia
1393 2076 1614 2136 nostris
1647 2075 2032 2157 temporibus
2077 2075 2138 2135 id
2180 2075 2505 2136 Monachis
2556 2077 2908 2155 persuaderi
2942 2092 3073 2137 non

460 2198 678 2266 potest,
712 2182 926 2243 saltem
962 2184 1055 2243 vel
1092 2184 1212 2243 boc
1244 2183 1725 2261 consentiamuS,
1773 2199 1840 2244 ut
1891 2202 2021 2244 non
2064 2201 2260 2263 usque
2294 2183 2370 2242 ad
2404 2183 2737 2243 satietatem
2773 2180 3078 2251 bibamus,

460 2293 565 2352 sed
602 2290 874 2371 parcius:
910 2292 1055 2370 quia
1090 2291 1306 2351 vinum
1344 2306 1681 2371 apostatare
1716 2290 1855 2365 facit
1888 2291 2069 2350 etiam
2103 2290 2426 2370 sapientes.
2470 2289 2592 2351 Ubi
2626 2304 2834 2350 autem
2868 2308 3078 2349 neces-

459 2398 599 2458 sitas
631 2397 749 2459 loci
782 2397 1069 2477 exposcit,
1105 2412 1173 2457 ut
1206 2396 1317 2458 nec
1348 2397 1753 2478 suprascripta
1806 2417 2098 2458 mensura
2147 2396 2408 2457 inveniri
2459 2397 2668 2477 possit,
2718 2396 2824 2456 sed
2877 2395 3077 2456 multo

460 2507 686 2582 minuS,
736 2522 840 2566 aut
887 2523 959 2565 ex
991 2520 1125 2566 toto
1157 2505 1343 2579 nihi13
1397 2505 1760 2566 benedicant
1795 2506 2021 2580 Deum,
2068 2504 2173 2584 qui
2205 2503 2614 2580 ibi-habitant,
2650 2519 2709 2563 et
2743 2522 2871 2564 non
2905 2522 3075 2563 mur-

461 2629 721 2674 murent.
758 2613 895 2673 Hoc
927 2612 1186 2674 omnino
1219 2613 1647 2687 admonenteS‚
1684 2627 1749 2671 ut
1781 2613 2016 2690 absque
2050 2610 2648 2670 murmurationibus
2681 2610 2819 2671 sint.

764 2722 916 2801 Cap.
947 2720 1208 2781 XLVllI.
1255 2720 1358 2780 De
1390 2728 1569 2800 opere
1601 2719 1887 2779 manuum
1920 2720 2294 2799 quotidiano·
2359 2719 2653 2780 Otiositas
2705 2719 2954 2780 inimica
2989 2734 3078 2779 est

462 2827 733 2888 animae:
787 2845 843 2888 et
889 2827 1031 2888 ideo
1083 2827 1258 2888 certis
1292 2826 1677 2906 temporibus
1723 2825 2012 2905 occupari
2063 2827 2291 2885 debent
2337 2824 2548 2886 fratres
2596 2827 2657 2887 in
2693 2827 2901 2888 labore
2950 2846 3080 2885 ma-

462 2953 675 3008 nuum,
730 2935 903 2994 certis
952 2934 1172 2994 iterum
1223 2933 1394 2993 horis
1446 2933 1507 2992 in
1561 2932 1824 2993 lectione
1874 2931 2102 2992 divina.
2157 2931 2427 3011 ldeoque
2491 2932 2604 2992 hac
2666 2933 3075 3014 dispositione

461 3042 768 3102 credimus
799 3057 1063 3121 utraque
1097 3057 1374 3122 tempora
1393 3040 1699 3112 ordinari:
1751 3040 1813 3099 id
1849 3053 1955 3117 est,
1991 3054 2057 3100 ut
2090 3059 2123 3098 a
2156 3040 2387 3100 Pascha
2421 3059 2621 3120 usque
2655 3040 2735 3101 ad
2769 3041 3080 3102 Kalendas

463 3150 783 3227 OctobreS,
832 3169 1015 3211 mane
1048 3163 1340 3210 exeuntes
1375 3171 1409 3209 a
1442 3148 1636 3229 prima
1674 3166 1872 3227 usque
1907 3147 1982 3207 ad
2018 3148 2236 3206 horam
2270 3165 2426 3226 pene
2461 3156 2742 3227 quartam
2787 3147 3082 3224 laborent,

463 3259 636 3339 quod
686 3256 1097 3318 necessarium
1138 3254 1338 3317 fuerit.
1405 3257 1502 3316 Ab
1557 3256 1707 3316 hora
1755 3271 1962 3315 autem
2011 3268 2227 3332 quarta
2277 3272 2471 3332 usque
2506 3253 2582 3313 ad
2633 3254 2852 3313 horam
2905 3252 3083 3333 quasi

464 3384 692 3429 sextam
754 3365 1000 3426 lectioni
1061 3380 1293 3425 vacent.
1378 3365 1522 3424 Post
1570 3379 1798 3424 sextam
1854 3379 2061 3423 autem
2107 3377 2426 3440 surgentes
2472 3383 2504 3420 a
2556 3377 2764 3421 mensa
2824 3378 3084 3441 pausent

465 3475 525 3535 in
573 3473 738 3535 lectis
794 3473 941 3544 suiS‚
993 3490 1134 3530 cum
1185 3470 1363 3530 omni
1415 3470 1694 3529 silentio:
1748 3485 1851 3530 aut
1905 3470 2076 3542 forte,
2128 3468 2235 3548 qui
2286 3466 2546 3529 voluerit
2591 3467 2814 3546 legere,
2849 3467 2965 3526 sibi
2998 3467 3081 3527 sic

465 3582 639 3660 legat,
688 3596 753 3639 ut
788 3578 977 3637 alium
1030 3595 1162 3638 non
1212 3576 1541 3656 inquietet:
1593 3592 1655 3636 et
1698 3593 1913 3656 agatur
1948 3595 2113 3636 nona
2146 3575 2497 3656 temperiuS,
2533 3573 2840 3633 mediante
2873 3589 3083 3633 octava

466 3689 648 3758 hora:
716 3701 773 3746 et
812 3685 1031 3745 iterum
1078 3684 1248 3765 quod
1297 3683 1646 3745 faciendum
1694 3699 1784 3744 est
1829 3698 2168 3764 operentur
2217 3701 2414 3763 usque
2464 3682 2539 3742 ad
2586 3681 2939 3761 Vesperam.
3021 3680 3084 3742 Si

465 3812 670 3857 autem
718 3793 1044 3854 necessitas
1087 3792 1229 3866 loci,
1280 3808 1383 3852 aut
1431 3809 1753 3872 paupertas
1801 3790 2084 3869 exegerit,
2119 3805 2185 3849 ut
2218 3790 2293 3850 ad
2328 3789 2536 3867 fruges
2568 3788 2946 3869 colligendas
2980 3807 3087 3867 per

464 3923 528 3963 se
575 3915 973 3981 occupentur,
1023 3919 1154 3961 non
1202 3898 1673 3959 contristentur:
1723 3897 1869 3978 quia
1915 3913 2063 3958 tunc
2093 3916 2234 3957 vere
2269 3895 2566 3957 Monacbi
2598 3909 2762 3965 sunt,
2797 3893 2846 3953 si
2879 3894 3085 3954 labore

466 4028 770 4070 manuum
817 4026 1069 4068 suarum
1124 4006 1357 4085 vivunt,
1409 4005 1563 4065 sicut
1596 4021 1653 4065 et
1691 4005 1894 4066 Patres
1929 4004 2140 4081 nostri,
2176 4019 2235 4064 et
2267 4002 2585 4084 Apostoli:
2637 4003 2847 4062 omnia
2882 4016 3086 4061 tamen

467 4130 816 4176 mensurate
851 4113 999 4174 fiant
1032 4129 1284 4194 propter
1318 4111 1760 4192 pusillanimes,

679 4229 732 4283 Α
770 4220 1066 4282 Kalendis
1098 4235 1311 4280 autem
1340 4220 1627 4280 Octobris
1662 4238 1861 4299 usque
1895 4218 1970 4278 ad
2006 4234 2190 4299 caput
2212 4215 2758 4297 Quadragesimae,
2793 4234 2989 4295 usque
3022 4214 3086 4275 in

470 4332 687 4390 horam
721 4330 1060 4389 secundam
1098 4328 1365 4407 plenam,
1398 4326 1644 4387 lectioni
1679 4341 1913 4386 vacent.
1982 4326 2150 4386 Hora
2185 4325 2453 4385 secunda
2486 4339 2699 4401 agatur
2729 4322 2973 4384 Tertia:
3027 4340 3085 4382 et

471 4459 668 4518 usque
703 4438 776 4498 ad
814 4455 1047 4496 nonam
1081 4454 1302 4495 omnes
1334 4433 1396 4494 in
1431 4454 1589 4514 opus
1623 4452 1808 4493 suum
1841 4434 2142 4508 laborent,
2179 4432 2351 4511 quod
2385 4431 2470 4491 eis
2503 4429 2863 4510 injungitur.
2901 4430 3086 4491 Facto

468 4562 674 4605 autem
708 4544 909 4625 primo
946 4543 1126 4622 signo
1160 4561 1359 4603 nonae
1394 4541 1599 4615 horae,
1634 4539 1991 4616 disjungant
2022 4542 2097 4599 ab
2130 4558 2319 4619 opere
2351 4538 2595 4618 singuli,
2630 4554 2689 4598 et
2721 4539 2843 4598 sint
2877 4537 3087 4617 parati,

469 4654 620 4712 dum
672 4652 1020 4712 secundum
1072 4649 1321 4727 signum
1369 4647 1714 4729 pulsaverit.
1780 4648 1926 4708 Post
1959 4646 2359 4707 refectionem
2392 4662 2599 4706 autem
2633 4661 2846 4705 vacent
2878 4643 3086 4704 lectio-

470 4760 653 4820 nibus
686 4759 830 4834 suiS,
862 4775 969 4819 aut
1001 4756 1273 4819 Psalmis.

681 4867 747 4925 In
782 4864 1310 4946 Quadragesimae
1363 4881 1508 4923 vero
1562 4861 1781 4921 diebus
1834 4881 1866 4921 a
1916 4880 2095 4921 mane
2142 4879 2344 4940 usque
2397 4860 2474 4919 ad
2518 4858 2789 4919 Tertiam
2840 4857 3086 4939 plenam

470 4972 716 5034 lectioni
769 4987 1014 5032 vacent:
1066 4986 1123 5031 et
1171 4988 1368 5050 usque
1414 4969 1488 5028 ad
1538 4968 1841 5028 decimam
1877 4968 2096 5028 horam
2128 4968 2376 5048 plenam
2412 4981 2747 5047 operentur
2779 4966 2949 5046 quod
3001 4964 3085 5026 eis
