3684 5416
591 1500 640 1533 10

594 2036 637 2079 ¹5

589 2607 642 2639 20

590 3054 639 3098 ²5

590 3502 643 3543 30

590 3946 637 3990 35

586 4834 637 4878 45

694 342 792 396 532
1759 324 1928 380 Curia
1969 342 2227 379 romana.

691 508 944 569 minime
977 528 1323 589 expressam
1370 508 1671 589 accipere;
1724 510 1916 591 possit
1952 508 2155 585 Major
2188 508 2708 569 poenitentiarius
2743 527 2856 588 pro
2890 527 3000 568 sua
3035 509 3306 588 pruden-

688 615 769 676 tia
816 616 1291 676 convenientem
1337 616 1813 678 satisfactionem
1863 616 2154 694 arbitrari,
2219 634 2276 678 et
2323 617 2654 697 respective
2699 615 3035 698 supradicti
3076 615 3307 676 Judicis

689 722 1093 783 conscientiae
1146 723 1471 801 remittere,
1527 739 1592 783 ut
1643 724 1951 801 ejusmodi
2001 724 2222 805 pariter
2268 724 2627 794 arbitretur;
2691 723 2921 803 illaque
2974 742 3081 804 per
3130 741 3305 782 reum

690 830 911 906 oblata,
943 849 1012 890 ac
1047 849 1155 910 per
1186 830 1366 890 aliam
1401 846 1635 912 partem
1667 831 2161 893 irrationabiliter
2192 846 2488 909 recusata,
2522 830 2739 906 valeat,
2768 831 2974 892 adhuc
3007 829 3179 891 firma
3210 847 3306 890 re-

692 952 979 997 manente
1026 937 1387 998 huiusmodi
1433 937 1768 1016 oblatione,
1818 940 1894 1000 ad
1929 938 2386 1000 absolutionem
2420 937 2778 1019 procedere,
2810 953 2868 998 et
2900 939 2976 998 ab
3009 936 3129 997 alio
3163 954 3302 1016 pro·

692 1043 824 1102 cedi
861 1043 1169 1104 mandare.
1604 1039 1609 1042 ’
2081 1030 2096 1039 ’

903 1153 1025 1220 58.
1079 1151 1347 1212 Romam
1394 1170 1649 1232 quoque
1694 1153 2106 1231 advenientes,
2153 1153 2361 1233 ibique
2413 1153 2602 1214 Sacra
2649 1154 2781 1215 loca
2829 1152 3195 1226 visitaturos,
3229 1153 3305 1210 ab

691 1258 988 1320 omnibus
1021 1279 1127 1340 per
1159 1278 1620 1340 quemcumque
1651 1261 1682 1321 J
1690 1260 1951 1336 udicem,
1986 1262 2080 1322 vel
2112 1261 2257 1321 alias
2290 1261 2922 1342 quomodocumque,
2949 1279 3080 1321 non
3100 1273 3304 1319 tamen

692 1364 755 1426 in
791 1366 1074 1426 Romana
1108 1367 1293 1427 Curia
1327 1367 1696 1429 nominatim
1729 1369 2154 1449 promulgatis,
2190 1370 2305 1445 vel,
2336 1369 2386 1430 si
2418 1368 2560 1429 alibi
2596 1367 3022 1449 promulgatae
3055 1365 3301 1440 fuerint,

694 1472 756 1533 in
802 1473 1017 1533 eadem
1051 1473 1239 1534 Curia
1286 1475 1540 1535 notoriis
1574 1475 1889 1553 Censuris,
1935 1477 2010 1536 ad
2058 1475 2346 1537 effectum
2395 1476 2726 1550 dumtaxat,
2774 1490 2843 1535 ut
2874 1472 3305 1554 Indulgentias,

692 1578 873 1640 Sacra
920 1581 1136 1641 eadem
1181 1580 1317 1642 loca
1352 1581 1536 1643 Urbis
1585 1583 1703 1662 pie,
1752 1603 1820 1644 ac
1868 1583 2153 1664 religiose
2202 1583 2602 1644 invisentibus
2634 1601 2977 1657 concessaS,
3008 1580 3215 1652 libere,
3248 1593 3304 1637 et

694 1686 851 1747 licite
897 1686 1197 1767 consequi
1246 1688 1504 1767 valeant,
1539 1689 1877 1766 absolvere,
1914 1692 2007 1751 vel
2039 1690 2274 1751 absolvi
2307 1690 2604 1750 mandare
2635 1690 2862 1769 possit:
2915 1687 3065 1748 itaut
3097 1686 3302 1765 elapso

695 1812 979 1874 congruo
1025 1810 1301 1876 tempore
1348 1800 1421 1857 ab
1470 1797 1598 1878 ipsa
1636 1798 2108 1859 Poetiitentiaria
2141 1799 2218 1858 ad
2252 1797 2538 1858 effectum
2575 1797 2918 1878 praedictae
2953 1791 3307 1854 visitationis

698 1900 1137 1980 praefiniendO,
1173 1903 1409 1979 iisdem,
1443 1904 1672 1984 quibus
1704 1921 1899 1982 antea,
1933 1904 2230 1967 Censuris
2263 1920 2604 1966 teneantur.
2646 1904 2770 1965 Eos
2802 1921 2968 1977 vere,
3001 1901 3108 1981 qui
3142 1900 3300 1961 Cen·

695 2007 852 2069 suris
885 2012 959 2069 ab
994 2009 1249 2071 homine
1280 2012 1649 2073 nominatim
1682 2012 1869 2091 ligati,
1918 2033 2031 2093 pro
2064 2013 2453 2075 absolutione
2487 2013 2757 2073 Romam
2789 2008 3163 2084 advenerint,
3197 2004 3301 2065 sed

696 2234 940 2289 eamque
981 2217 1259 2290 abjurent,
1297 2219 1493 2290 libros,
1534 2220 1939 2292 manuscripta,
1979 2237 2046 2275 ac
2091 2221 2253 2291 signa
2279 2233 2497 2276 sectam
2526 2218 2902 2291 respicientia,
2928 2217 2973 2271 si
3001 2231 3149 2288 quae
3174 2211 3306 2267 reti»

695 2321 886 2372 neam,
926 2308 983 2363 in
1024 2327 1227 2364 manus
1255 2311 1623 2366 Absolventis
1664 2312 1909 2376 tradant,
1950 2313 2022 2366 ad
2050 2311 2418 2367 Ordinarium
2448 2329 2627 2383 quam
2653 2309 2904 2381 primurn
2930 2319 3097 2364 caute
3123 2316 3302 2358 trans-

697 2396 973 2452 mittenda
999 2412 1096 2454 aut
1122 2398 1341 2464 saltem,
1369 2400 1414 2455 si
1439 2399 1620 2473 justae
1647 2418 1967 2472 gravesque
1998 2418 2207 2456 causae
2234 2400 2291 2456 id
2319 2399 2630 2477 postulent,
2660 2395 3091 2465 comburenda,
3117 2390 3302 2462 injun-

696 2500 785 2542 cta
828 2504 934 2559 pro
976 2490 1157 2543 modo
1202 2489 1498 2561 culparum
1527 2490 1683 2562 gravi
1711 2490 2066 2562 poenitentia
2092 2489 2339 2559 salutari,
2367 2507 2502 2546 cum
2529 2486 2854 2561 frequentia
2880 2479 3305 2541 sacramentalis

696 2577 1077 2633 confessionis
1119 2579 1353 2651 aliisque
1393 2580 1656 2652 injunctis
1697 2583 1768 2636 de
1808 2579 1929 2652 jure
1971 2579 2365 2652 injungendis:
2405 2597 2513 2635 nec
2541 2598 2666 2635 non
2694 2573 3037 2633 absolvendi
3063 2590 3184 2641 eos,
3210 2568 3306 2642 qui

695 2667 979 2742 ejusmodi
1006 2668 1309 2725 Sectarum
1365 2671 1537 2727 duces
1579 2682 1635 2727 et
1675 2671 2041 2744 coryphaeos
2069 2671 2331 2728 occultos
2359 2668 2701 2727 denuntiare
2729 2664 3087 2738 culpabiliter
3110 2659 3303 2733 negle-

692 2761 893 2826 xerint,
932 2760 1184 2831 injuncta
1224 2762 1433 2833 pariter
1471 2761 1700 2817 salutari
1741 2761 2095 2833 poenitentia
2136 2774 2193 2817 et
2221 2761 2384 2816 firma
2412 2759 2774 2831 obligatione
2801 2758 2909 2812 sub
2939 2750 3304 2810 reincidentia

696 2852 937 2905 eosdem
964 2850 1145 2906 Vobis
1171 2851 1260 2906 vel
1287 2850 1404 2906 aliis
1432 2852 1505 2906 ad
1531 2868 1680 2922 quos
1707 2863 1947 2922 spectat,
1976 2864 2143 2922 prout
2169 2853 2240 2906 de
2265 2848 2387 2923 jure
2415 2847 2824 2905 denunciandi.

909 2941 1049 2995 VIII.
1088 2940 1442 2996 Absolvendi
1469 2940 1770 3011 religiosos
1798 2939 2191 3014 cujuscunque
2220 2942 2435 2997 ordinis
2465 2941 2666 3009 (etiam
2694 2936 2992 3004 Moniales,
3018 2950 3121 3005 per
3146 2931 3304 2985 Con-

696 3030 963 3086 fessarios
992 3046 1184 3086 tamen
1210 3048 1316 3101 pro
1344 3030 1477 3102 ipsis
1506 3049 1537 3085 a
1568 3031 1746 3087 Vobis
1774 3034 2131 3102 approbatos
2159 3032 2247 3087 vel
2273 3031 2594 3104 specialiter
2624 3027 3021 3101 deputandos)
3063 3039 3182 3078 non
3207 3035 3305 3074 so-

695 3120 815 3175 lum
854 3139 885 3175 a
927 3119 1269 3191 praemissis,
1309 3122 1413 3175 sed
1453 3120 1624 3175 etiam
1677 3140 1708 3175 a
1751 3121 1994 3177 Casibus
2036 3135 2093 3176 et
2133 3121 2403 3177 Censoris
2444 3122 2500 3177 in
2541 3138 2643 3176 sua
2671 3118 2967 3190 Religione
2993 3108 3308 3176 reservatis,

697 3210 1019 3265 dummodo
1049 3209 1314 3279 Religiosi
1354 3212 1505 3281 apud
1546 3211 1965 3267 confessarium
1991 3211 2434 3283 subdelegatum
2462 3209 2778 3282 legitimam
2806 3203 3107 3262 habuerint
3133 3200 3300 3255 licen-

694 3301 832 3355 tiam
860 3299 1171 3371 peragendi
1199 3298 1626 3355 confessionem
1654 3302 2146 3357 sacramentalem.

908 3390 1001 3444 IX.
1042 3389 1421 3461 Dispensandi
1448 3391 1521 3444 ad
1547 3393 1862 3462 petendum
1889 3391 2147 3447 debitum
2170 3391 2489 3463 Conjugale
2522 3407 2656 3445 cum
2689 3389 3145 3456 Transgressore
3171 3377 3301 3433 Voti

696 3479 965 3535 castitatis
1006 3478 1266 3550 privatim
1307 3479 1513 3544 emissi,
1556 3480 1652 3552 qui
1694 3482 2128 3537 Matrimonium
2167 3499 2301 3537 cum
2329 3481 2484 3535 dicto
2512 3491 2656 3534 voto
2691 3473 3068 3532 contraxerit:
3108 3466 3302 3541 hujus·

697 3569 855 3624 modi
882 3569 1286 3625 Poenitentem
1313 3571 1619 3635 monend0‚
1648 3569 1838 3641 ipsum
1864 3573 1936 3626 ad
1964 3572 2118 3626 idem
2147 3572 2367 3626 Votum
2395 3569 2744 3624 servandum
2776 3562 2973 3627 teneri,
3001 3575 3118 3617 tam
3146 3570 3297 3613 extra

695 3659 908 3713 licitum
936 3659 1283 3714 Matrimonii
1311 3678 1496 3725 usum,
1525 3679 1701 3733 quam
1726 3662 1772 3716 si
1800 3662 2006 3717 Marito
2035 3679 2137 3716 seu
2177 3661 2351 3718 Uxori
2378 3659 2695 3731 respective
2725 3652 3118 3728 supervixerit.

911 3750 977 3802 X.
1006 3748 1387 3820 Dispensandi
1415 3768 1548 3805 cum
1577 3752 1914 3806 Incestuoso
1943 3751 2059 3806 sive
2081 3751 2410 3805 incestuosa
2432 3751 2505 3804 ad
2527 3748 2842 3821 petendum
2866 3744 3123 3799 debitum
3146 3741 3297 3795 Con-

695 3836 901 3909 jugale,
941 3836 1100 3910 cujus
1142 3837 1227 3907 jus
1269 3838 1457 3894 amisit
1483 3857 1550 3894 ex
1578 3839 2015 3912 superveniente
2043 3840 2269 3895 occulta
2295 3838 2572 3894 affinitate
2599 3854 2701 3908 per
2726 3834 2996 3906 copulam
3025 3828 3304 3887 carnalem

696 3925 949 3981 habitam
978 3944 1111 3981 cum
1140 3927 1587 3997 Consanguinea
1612 3928 1702 3983 vel
1728 3927 2202 4000 ConsanguineQ
2230 3928 2346 3983 sive
2373 3927 2430 3983 in
2458 3927 2665 3998 prim0,
2692 3924 2809 3980 sive
2834 3924 2892 3979 in
2919 3921 3106 3993 primo
3135 3928 3191 3973 et
3213 3932 3301 3971 se-

696 4016 907 4078 cund0‚
934 4015 1049 4071 sive
1076 4015 1133 4070 in
1159 4017 1415 4071 secundo
1444 4019 1625 4088 gradu
1651 4036 1789 4073 suae
1811 4019 2014 4075 Uxoris
2038 4036 2140 4074 seu
2161 4020 2476 4089 respective
2500 4015 2712 4071 Mariti:
2751 4026 2977 4069 remota
3000 4008 3302 4066 occasione

697 4106 970 4174 peccandi
1009 4119 1064 4161 et
1104 4106 1353 4178 injuncta
1396 4107 1551 4177 gravi
1590 4107 1942 4178 poenitentia
1984 4107 2214 4162 salutari
2257 4120 2314 4162 et
2341 4106 2729 4163 Confessione
2756 4099 3166 4161 sacramentali
3191 4096 3302 4152 sin-

698 4195 840 4265 gulis
868 4196 1158 4251 mensibus
1185 4214 1289 4268 per
1314 4210 1541 4268 tempus
1569 4197 1802 4254 arbitrio
1834 4197 2229 4270 Dispensantis
2257 4196 2645 4252 statuendum.

911 4285 1001 4338 XI.
1042 4285 1423 4355 Dispensandi
1461 4304 1631 4358 super
1673 4288 1905 4343 occulto
1948 4288 2360 4359 impedimento
2404 4284 2594 4357 primi,
2638 4300 2742 4339 nec
2771 4300 2890 4338 non
2919 4280 3084 4353 primi
3112 4293 3167 4336 et
3214 4294 3299 4333 se·

697 4372 885 4435 cundi,
926 4390 991 4426 ac
1034 4374 1267 4429 secundi
1308 4388 1530 4430 tanturn
1558 4377 1769 4447 gradus
1798 4376 2088 4431 affinitatis
2117 4394 2186 4431 ex
2211 4375 2400 4431 illicita
2429 4374 2637 4430 carnali
2665 4372 2876 4444 copula
2904 4366 3303 4442 provenientiS,

698 4465 930 4533 quando
972 4477 1175 4533 agatur
1213 4467 1284 4519 de
1312 4465 1680 4521 Matrimonio
1711 4484 1846 4522 cum
1874 4467 2027 4523 dicto
2057 4466 2471 4537 impedimento
2502 4464 2614 4534 jam
2641 4474 2975 4520 contracto:
3016 4473 3072 4515 et
3097 4470 3293 4531 quate—

696 4570 803 4607 nus
832 4566 1033 4624 agatur
1059 4554 1130 4606 de
1158 4553 1366 4624 copula
1393 4571 1524 4607 cum
1551 4571 1687 4608 suae
1715 4567 1947 4624 putatae
1976 4554 2178 4611 Uxoris
2209 4555 2407 4617 Matre,
2437 4552 2767 4607 dummodo
2795 4550 2890 4606 iIla
2918 4563 3114 4605 secuta
3142 4546 3304 4603 fuerit

696 4655 829 4713 post
870 4641 1126 4714 ejusdem
1167 4654 1397 4712 putatae
1440 4641 1642 4698 Uxoris
1684 4643 2056 4713 nativitatem,
2099 4656 2155 4697 et
2197 4659 2316 4696 non
2356 4641 2546 4697 aliter:
2586 4641 2812 4697 monito
2859 4639 3197 4695 Poenitente
3236 4637 3305 4691 de

695 4733 1013 4790 necessaria
1055 4746 1275 4789 secreta
1318 4732 1690 4788 renovatione
1720 4735 2055 4789 Consensus
2083 4752 2216 4789 cum
2256 4751 2357 4789 sua
2401 4745 2598 4805 putata
2628 4734 2818 4789 Uxore
2845 4743 2944 4786 aut
2970 4748 3077 4785 suo
3107 4739 3303 4800 putato

695 4824 921 4891 Marit0,
960 4824 1267 4878 certiorato
1305 4840 1406 4877 seu
1449 4822 1750 4878 certiorata
1792 4823 1863 4878 de
1905 4822 2158 4878 nullitate
2188 4822 2390 4894 prioris
2434 4839 2772 4886 consensuS‚
2807 4823 2909 4876 sed
2935 4819 3011 4875 ita
3038 4832 3221 4881 caute,
3248 4827 3306 4871 ut

693 4914 867 4984 ipsius
897 4912 1247 4968 Poenitentis
1287 4912 1557 4968 delictum
1584 4930 1872 4983 nusquam
1901 4914 2230 4985 detegatur:
2271 4926 2327 4968 et
2354 4924 2648 4985 quatenus
2680 4912 2822 4966 haec
2850 4910 3178 4966 certioratio
3206 4910 3304 4962 ab·
