3684 5416
310 1548 363 1580 to

313 2083 361 2127 ¹5

310 2618 371 2651 20

317 3153 367 3196 ²5

315 4219 373 4263 35

1276 366 1523 423 Ordines
1561 379 1619 423 et
1656 366 2156 439 congregationes.
2917 370 3025 443 627

413 570 612 612 moras
644 552 813 613 Haec
845 552 1134 614 convenit
1165 551 1255 627 iis,
1287 551 1397 634 qui
1432 551 1587 614 nihil
1619 551 1734 614 sibi
1766 572 1798 613 a
1832 551 2085 615 Christo
2118 552 2362 616 charius
2393 554 2630 636 aliquid
2663 554 3025 634 existimant,
3115 611 3119 615 ,

415 674 667 740 propter
698 657 1012 720 servitium
1045 674 1348 737 sanctum,
1383 658 1555 740 quod
1589 656 1851 742 professi
1882 676 2050 737 suut,
2097 682 2207 723 seu
2243 679 2492 743 propter
2523 678 2760 723 metum
2790 665 3026 743 gehen-

414 785 566 837 nae3
616 765 711 826 vel
742 764 1004 847 gloriam
1038 764 1195 827 vitae
1229 781 1549 835 aeternae:
1598 784 1748 828 mox
1790 781 1861 829 ut
1890 765 2125 847 aliquid
2159 767 2530 849 imperatum
2562 789 2594 829 a
2628 766 2859 846 majore
2893 767 3023 831 fue-

414 872 505 949 rit,
551 894 620 934 ac
666 872 715 934 si
764 871 1056 934 divinitus
1100 871 1454 954 imperetur,
1492 891 1734 935 moram
1768 873 1892 956 pati
1925 874 2210 936 nesciunt
2240 873 2305 936 in
2338 874 2656 937 faciendo:
2691 876 2767 937 de
2800 874 3030 957 quibus

414 980 726 1042 Dominus
772 978 949 1042 dicit:
996 980 1317 1042 Obauditu
1361 982 1536 1042 auris
1581 980 1852 1042 obedivit
1890 981 2063 1043 mihi.
2128 982 2201 1043 Et
2257 981 2405 1043 item
2440 982 2584 1043 dicit
2619 981 3026 1045 Doctoribus:

415 1087 555 1166 Qui
596 1084 699 1147 'vos
744 1086 940 1160 audit,
986 1108 1080 1147 me
1110 1086 1299 1148 audit.
1360 1086 1524 1166 Ergo
1558 1087 1621 1148 hi
1654 1087 1801 1148 tales
1834 1088 2259 1169 relinquentes
2290 1088 2497 1151 statim
2530 1109 2690 1171 quae
2721 1109 2832 1150 sua
2863 1106 3030 1165 sunt,

416 1211 471 1254 et
524 1193 907 1254 voluntatem
959 1193 1271 1274 propriam
1324 1192 1670 1256 deserentes
1718 1214 1864 1255 mox
1910 1215 1982 1256 ex
2029 1197 2344 1276 occupatis
2390 1194 2701 1261 manibus.
2751 1212 2810 1257 et
2854 1197 3029 1278 quod

416 1301 678 1381 agebant
713 1300 1137 1381 imperfectum
1173 1301 1608 1382 relinquenteS,
1661 1301 1867 1363 vicino
1900 1301 2287 1364 obedientiae
2322 1303 2480 1385 pede
2515 1301 2779 1380 jubentis
2809 1323 3029 1366 vocem

417 1406 586 1468 factis
632 1422 1017 1488 sequuntur-3
1069 1422 1126 1469 et
1159 1408 1345 1469 veluti
1384 1428 1512 1470 uno
1545 1425 1872 1471 momento
1904 1410 2210 1491 praedicta
2247 1409 2523 1489 Magistri
2555 1409 2768 1488 jussio,
2800 1426 2857 1471 et
2891 1430 3028 1489 per·

416 1512 571 1575 fecta
601 1513 884 1595 discipuli
918 1533 1127 1595 opera,
1158 1514 1222 1575 in
1253 1514 1568 1575 velocitate
1600 1514 1838 1576 timoris
1862 1516 1997 1594 Dei,
2026 1518 2241 1578 ambae
2274 1536 2371 1577 res
2403 1517 2820 1579 communiter
2849 1516 3030 1578 citius

417 1620 819 1701 explicantur,
865 1620 1094 1701 quibus
1125 1622 1202 1682 ad
1237 1621 1424 1683 vitam
1455 1638 1762 1683 aeternam
1796 1620 2116 1702 gradiendi
2150 1643 2326 1686 amor
2358 1622 2676 1686 incumbit.
2741 1624 2886 1686 Ideo
2917 1644 3030 1685 an·-

414 1744 656 1810 gustam
705 1730 865 1791 viam
919 1730 1251 1810 arripiunt:
1305 1731 1471 1791 unde
1509 1731 1823 1792 Dominus
1865 1731 2043 1793 dicit:
2095 1730 2374 1812 Angusta
2405 1734 2647 1805 viaest,
2679 1751 2834 1813 quae
2864 1732 3038 1793 ducit

416 1839 502 1898 ad
546 1841 758 1911 vitam,
810 1853 880 1899 ut
926 1856 1055 1898 non
1103 1857 1220 1898 suo
1267 1838 1517 1899 arbitrio
1562 1837 1855 1915 viventes,
1887 1837 1983 1898 vel
2016 1839 2334 1900 desideriis
2366 1839 2496 1901 suis
2528 1855 2586 1901 et
2617 1838 3032 1920 voluptatibus

408 1945 796 2021 obediente&
830 1946 937 2007 sed
971 1945 1359 2006 ambulantes
1390 1944 1593 2007 alieno
1628 1943 1858 2021 judicio
1891 1961 1958 2033 et
1980 1944 2262 2027 imperio,
2286 1945 2350 2006 in
2373 1946 2694 2008 coenobiis
2718 1947 3030 2025 degentem,

419 2054 724 2113 Abbatem
769 2052 883 2114 sibi
930 2071 1207 2134 praeesse
1257 2051 1619 2116 desiderant.
1680 2051 1825 2114 Sine
1872 2052 2066 2114 dubio
2113 2051 2177 2113 hi
2224 2052 2373 2114 tales
2405 2051 2573 2114 illam
2607 2051 2861 2114 Domini
2894 2050 3032 2114 imi-

417 2174 627 2220 tantur
672 2161 1038 2221 sententiam
1091 2181 1219 2242 qua
1261 2160 1438 2223 dicit:
1486 2160 1624 2222 Non
1670 2162 1811 2221 veni
1830 2163 2056 2239 facere
2101 2161 2465 2223 voluntatem
2511 2180 2730 2235 meam,
2762 2161 2872 2221 sed
2898 2160 3033 2239 ejus

416 2272 530 2347 qui
559 2270 731 2328 misit
757 2289 863 2329 me.
927 2268 1047 2330 Sed
1082 2270 1233 2330 haec
1266 2269 1394 2350 ipsa
1427 2267 1777 2329 obedientia
1812 2285 1961 2329 tunc
1992 2267 2377 2349 acceptabilis
2409 2267 2520 2328 erit
2554 2266 2709 2345 De0,
2744 2282 2804 2328 et
2834 2262 3034 2331 dulcis

421 2375 824 2445 hominibus:
874 2375 925 2437 si
974 2377 1145 2456 quod
1187 2375 1453 2453 jubetur,
1488 2393 1618 2435 non
1651 2376 1910 2458 trepide,
1944 2393 2072 2436 non
2103 2374 2294 2449 tarde,
2328 2393 2456 2435 non
2488 2373 2714 2455 tepide,
2747 2388 2854 2434 aut
2885 2392 3031 2435 cum

425 2502 767 2559 murmure,
815 2482 910 2543 vel
960 2502 1104 2544 cum
1140 2502 1441 2565 responso
1474 2480 1743 2543 nolentis
1774 2481 2106 2543 efficiatur:
2156 2479 2300 2561 quia
2332 2477 2678 2542 obedientia
2712 2499 2874 2561 quae
2903 2498 3035 2541 ma·-

424 2587 658 2667 joribus
692 2592 1036 2670 praebetur,
1065 2591 1195 2650 Deo
1227 2589 1567 2649 exhibetur.
1606 2588 1739 2670 Ipse
1772 2587 1942 2649 enim
1976 2581 2150 2648 dixit:
2188 2587 2327 2666 Qui
2353 2607 2456 2647 vos
2486 2588 2687 2660 audit,
2719 2606 2812 2647 me
2841 2587 3032 2648 audit.

426 2695 497 2757 Et
543 2717 686 2758 cum
736 2701 905 2759 bono
951 2697 1162 2759 animo
1207 2718 1241 2759 a
1287 2695 1601 2778 discipulis
1637 2694 1921 2777 praeberi
1968 2708 2242 2778 oportet:
2291 2695 2438 2775 quia
2469 2693 2728 2755 hilarem
2762 2694 3032 2755 datorem

419 2783 650 2883 'diltgqit
674 2803 868 2864 Deus,
902 2804 1061 2864 Nam
1097 2821 1241 2865 cum
1275 2803 1441 2864 malo
1475 2803 1685 2864 animo
1716 2803 1766 2864 si
1799 2802 2010 2863 obedit
2042 2799 2399 2881 discipulus,
2430 2816 2488 2860 et
2521 2813 2652 2861 uon
2671 2800 2880 2861 solum
2900 2817 3029 2875 ore,

424 2911 531 2970 sed
566 2910 748 2970 etiam
789 2909 849 2971 in
884 2910 1070 2971 corde
1103 2910 1153 2971 si
1185 2908 1693 2980 murmuraverit;
1743 2907 1979 2970 etiamsi
2019 2907 2267 2988 impleat
2298 2904 2662 2985 jussionem,
2697 2922 2903 2966 tamen
2935 2924 3034 2967 ac-

420 3029 673 3097 ceptum
719 3014 841 3095 jam
889 3035 1020 3076 non
1067 3015 1180 3077 erit
1212 3016 1365 3093 De0,
1400 3015 1513 3097 qui
1544 3034 1652 3075 cor
1683 3014 1927 3095 respicit
1958 3013 2423 3075 murmurantis
2490 3013 2564 3074 Et
2595 3032 2707 3094 pro
2740 3011 2845 3074 tali
2878 3012 3036 3075 facto

427 3122 666 3184 nullam
715 3123 1120 3204 consequitur
1150 3122 1438 3200 gratiam:
1489 3122 1619 3184 imo
1652 3137 1925 3204 poenam
1954 3121 2479 3182 murmurantium
2510 3120 2788 3196 incurrit,
2821 3118 2872 3181 si
2906 3140 3037 3182 non

425 3250 571 3291 curn
602 3230 1013 3292 satisfactione
1046 3230 1484 3291 emendaverit.

640 3336 791 3417 Cap.
826 3336 924 3397 v1.
1000 3337 1105 3398 De
1155 3334 1208 3398 T
1198 3339 1613 3398 aciturnitate.
1693 3336 2030 3413 Faciamus,
2077 3337 2250 3416 quod
2296 3334 2376 3396 ait
2421 3336 2762 3415 Propheta:
2828 3335 3040 3410 Dixit,

427 3445 771 3505 custodiam
818 3445 950 3504 vias
996 3465 1184 3518 meas,
1229 3452 1299 3504 ut
1326 3465 1446 3505 non
1480 3444 1827 3525 delinquam
1863 3445 1926 3503 in
1961 3443 2179 3522 lingua
2213 3463 2345 3502 mea
2361 3464 2386 3502 .·
2421 3443 2615 3523 posui
2641 3444 2742 3503 ori
2768 3462 2898 3503 meo
2928 3464 3041 3503 cu-

425 3554 732 3613 stodiam:
783 3551 1079 3627 obmutui,
1124 3558 1186 3613 et
1227 3551 1588 3612 humiliatus
1633 3571 1792 3625 sum,
1838 3556 1900 3611 et
1928 3551 2085 3612 silui
2111 3572 2150 3610 a
2184 3549 2378 3613 bonis,
2442 3551 2559 3611 Hic
2591 3549 2858 3611 ostendit
2889 3551 3040 3612 Pro-

430 3662 631 3741 pheta,
678 3660 726 3719 si
774 3679 807 3718 a
858 3658 1040 3721 bonis
1090 3659 1356 3739 eloquiis
1405 3658 1715 3720 interdum
1769 3673 2022 3738 propter
2071 3657 2540 3719 taciturnitatem
2591 3657 2772 3717 debet
2822 3674 3039 3734 tacere,

431 3781 670 3846 quanto
719 3765 916 3844 magis
960 3787 992 3826 a
1040 3765 1215 3826 malis
1260 3765 1459 3826 verbis
1506 3781 1754 3845 propter
1786 3784 2051 3845 poenam
2086 3763 2315 3845 peccati
2349 3763 2530 3824 debet
2561 3767 2830 3828 cassare?
2876 3763 3043 3843 Ergo

428 3875 726 3954 quamvis
758 3876 833 3935 de
868 3874 1050 3934 bonis
1082 3889 1142 3935 et
1173 3873 1414 3943 sanctis,
1449 3889 1506 3933 et
1537 3872 2037 3934 aedificationum
2071 3871 2359 3951 eloquiiS,
2396 3870 2675 3952 perfectis
2707 3871 3043 3954 discipulis,

428 3997 682 4061 propter
730 3980 1153 4042 taciturnitatis
1197 3979 1575 4058 gravitatem,
1623 3999 1754 4041 rara
1800 3979 2097 4059 loquendi
2142 3979 2516 4041 concedatur
2560 3978 2836 4044 licentia:
2899 3980 3046 4059 quia

432 4087 729 4168 scriptum
777 4103 896 4147 est:
948 4087 1021 4148 In
1070 4087 1459 4168 multiloquio
1492 4107 1611 4148 non
1645 4087 1907 4169 effugies
1924 4092 2266 4167 peccatum.
2300 4086 2374 4146 Et
2407 4086 2583 4146 alibi:
2620 4085 2800 4147 Mors
2832 4092 2893 4145 et
2919 4088 3047 4146 vita

434 4197 497 4254 in
544 4193 833 4254 manibus
878 4194 1145 4275 linguae.
1207 4195 1369 4255 Nam
1418 4194 1588 4275 loqui
1635 4209 1697 4254 et
1729 4195 1951 4254 docere
1988 4193 2352 4273 Magistrum
2385 4193 2710 4267 condecet;
2759 4208 2956 4260 tacere
2988 4207 3049 4253 et

433 4301 644 4362 audire
699 4300 1004 4382 discipulo
1056 4301 1358 4361 convenit.
1423 4300 1495 4362 Et
1541 4300 1679 4361 ideo
1726 4299 1776 4360 si
1824 4320 1953 4380 qua
1995 4300 2367 4380 requirenda
2400 4315 2544 4361 sunt
2576 4321 2610 4360 a
2646 4300 2872 4375 Priore,
2902 4319 3045 4361 cum

435 4408 607 4468 omni
657 4406 1003 4468 humilitate
1050 4422 1110 4468 et
1155 4406 1534 4485 subjectione
1567 4407 1939 4467 reverentiae
1972 4408 2382 4486 requirantur.
2445 4405 2852 4467 Scurrilitates
2885 4425 3049 4483 vem,

433 4513 527 4573 vel
559 4515 741 4574 verba
777 4515 973 4574 otiosa
1005 4530 1063 4575 et
1095 4514 1289 4576 risum
1323 4513 1653 4591 moventia,
1683 4529 1926 4575 aeterna
1959 4514 2240 4576 clausura
2274 4514 2336 4575 in
2369 4512 2668 4575 omnibus
2700 4512 2854 4575 locis
2874 4514 3049 4573 dam·

434 4639 690 4694 namus;
742 4638 800 4682 et
832 4622 905 4682 ad
940 4621 1077 4682 talia
1111 4619 1357 4701 eloquia
1391 4620 1762 4702 discipulum
1796 4620 2029 4702 aperire
2062 4640 2132 4681 os
2166 4640 2296 4683 non
2333 4620 2764 4702 permittimus.

646 4730 797 4809 Cap.
828 4729 985 4790 XXI.
1031 4730 1134 4791 De
1165 4728 1445 4790 Decanis
1475 4729 1862 4791 Monasterii.
1927 4729 1989 4790 Si
2023 4728 2222 4804 major
2255 4729 2436 4791 fuerit
2467 4728 2907 4811 Congregatit),
2942 4729 3053 4790 eli·

432 4851 656 4913 gantur
702 4838 777 4896 de
828 4836 971 4917 ipsis
1005 4837 1214 4897 fratres
1248 4835 1396 4897 boni
1427 4835 1786 4912 testimonii,
1820 4852 1882 4897 et
1911 4855 2155 4897 sanctae
2188 4835 2701 4913 conversationis,
2735 4852 2794 4896 et
2827 4835 3054 4898 consti-

434 4959 687 5005 tuantur
722 4945 985 5018 Decani3
1036 4944 1144 5026 qui
1191 4943 1643 5006 solicitudinem
1678 4960 1894 5023 gerant
1924 4963 2112 5027 super
2145 4945 2445 5005 Decanias
2487 4965 2631 5008 suas
2665 4944 2729 5005 in
2766 4942 3062 5010 omnibus

2743 5047 2857 5117 40·
