3684 5416
540 1749 590 1782 to

541 2312 587 2355 ¹⁵

540 2846 591 2878 20

639 340 744 425 {216
1074 419 1233 424 A&
1714 422 1727 423 ἶ
1786 342 2148 425 Βετρῖεἰῄ..
2263 421 2342 425 --Ἴ
2503 422 2550 425 ᾼ
2677 422 2780 427 *7
2957 423 3008 426 m
3105 423 3258 428 *—

640 525 1114 586 satisfactionem
1164 526 1592 587 inviolabiliter
1639 527 1969 587 observari.
2038 526 2439 609 Quapropter
2484 529 2854 589 discretioni
2881 537 3117 590 vestrae
3135 539 3263 610 per

640 632 979 714 apostolica
1011 635 1245 714 scripta
1276 631 1783 714 [praecipiendo]
1816 637 2207 712 mandamus,
2258 652 2582 716 quatenus,
2628 635 2677 695 si
2711 636 2965 715 quando
3000 636 3261 696 dilectus

636 741 811 812 filius
859 747 1064 801 noster
1094 739 1264 814 Lan„
1298 741 1598 819 plebanus
1643 742 1836 801 sancti
1872 744 1932 803 Ρ.
1968 745 2042 803 de
2072 744 2297 819 Lucar,
2344 745 2406 805 in
2454 744 2706 804 clericos
2756 742 2850 804 vel
2897 743 3086 804 laicos
3119 763 3257 823 par-

640 848 972 909 rochianos
1017 867 1165 908 suos
1211 848 1509 909 interdicti
1556 849 1653 909 vel
1700 851 2364 912 excommunicationis
2410 852 2775 913 sententiam
2814 851 3261 911 rationabiliter

638 955 860 1027 tulerit,
892 955 1088 1034 ipsam
1122 954 1301 1016 facias
1334 956 1761 1017 inviolabiliter
1795 959 2128 1033 observari,
2161 974 2220 1019 et
2241 978 2376 1019 eam
2397 959 2530 1019 sine
2552 977 2824 1037 congrua
2847 958 3255 1019 satisfactione

640 1079 699 1123 et
731 1065 962 1143 absque
997 1062 1273 1123 eiusdem
1310 1062 1551 1144 plebani
1587 1064 1959 1125 conscientia
1996 1084 2124 1125 non
2160 1066 2405 1127 relaxes,

1280 1333 1408 1390 284.
1462 1334 1980 1390 COELESTINUS
2018 1335 2139 1389 111.
2180 1335 2614 1406 (nol—1198).

715 1484 1210 1540 Coelestinus
1253 1486 1381 1550 111„
1434 1485 1503 1543 in
1544 1504 1592 1541 c.
1634 1506 1680 1559 5.
1722 1487 1788 1542 X.
1828 1489 1896 1541 de
1925 1488 2201 1558 parochis,
2239 1495 2294 1541 et
2329 1492 2525 1543 alienis
2557 1490 2931 1559 parochianis.
2972 1490 3059 1543 111.
3103 1508 3189 1561 ²9·

859 1640 886 1668 ‘
942 1641 1155 1710 Corpus
1190 1644 1296 1694 iur.
1335 1659 1455 1693 can.
1498 1640 1586 1693 ed.
1625 1639 2063 1709 Friedberg.
2118 1640 2291 1695 Tom.
2333 1642 2394 1695 11.
2451 1641 2558 1697 col.
2601 1660 2720 1713 555.
2796 1638 3260 1695 Jaffe-wm-

646 1721 1003 1788 tenbach,
1042 1738 1096 1774 n.
1134 1720 1299 1791 16547
1328 1728 1568 1791 (10190).
1610 1720 1900 1784 [Clemens
1930 1721 2035 1784 111.1
2078 1721 2440 1776 Potthast
2477 1740 2529 1777 n.
2560 1740 2681 1793 500.
2722 1721 3109 1785 [innocentius
3151 1721 3260 1785 111.]

641 1865 703 1922 Si
734 1863 1114 1936 parochianus
1142 1881 1243 1917 seu
1273 1863 1651 1918 dioecesanus
1681 1864 2034 1919 domicilium
2063 1865 2350 1929 transfert,
2391 1867 2607 1937 primus
2635 1866 2921 1937 praelatus
2950 1865 3003 1919 in
3032 1882 3106 1919 co
3134 1864 3256 1919 iura

645 1945 987 2018 episcopalia
1027 1962 1130 1999 seu
1156 1944 1500 1999 dioecesana
1528 1943 1632 2000 sibi
1661 1962 1773 1999 non
1802 1944 2097 2015 vendicat,
2138 1945 2396 1999 decimae
2426 1959 2617 2001 tamen
2647 1945 2958 2017 praediales
2984 1945 3128 1999 illius
3158 1962 3259 2016 pa·

987 2025 1217 2080 rochiae
1245 2025 1350 2080 sibi
1380 2026 1683 2094 debentur,
1711 2025 1814 2080 nisi
1842 2027 2003 2080 alteri
2032 2028 2353 2081 debeantur
2378 2044 2445 2080 ex
2475 2026 2909 2081 consuetudine.

858 2166 1231 2247 Significavit
1266 2167 1446 2227 nobis
1479 2167 1847 2227 venerabilis
1861 2171 2077 2245 frater
2107 2175 2310 2228 noster
2333 2167 2675 2227 Aconensis
2695 2166 3043 2247 episcopus,
3062 2168 3259 2247 quod,

646 2294 845 2355 quum
881 2289 1018 2353 post
1052 2273 1580 2352 recuperationem
1604 2274 1949 2334 Aconensis
1983 2274 2236 2335 civitatis
2268 2276 2342 2334 ad
2378 2274 2783 2333 habitandum
2806 2274 2867 2334 in
2890 2294 2958 2332 ea
2983 2292 3045 2333 se
3069 2292 3258 2353 quam

645 2381 894 2463 plurimi
943 2379 1364 2453 contulissent,
1414 2379 1518 2459 qui
1567 2397 1704 2439 ante
1751 2381 2103 2457 generalem
2154 2381 2627 2461 occupationem
2680 2396 2872 2439 terrae
2917 2393 3156 2440 sanctae
3190 2379 3255 2439 in

645 2490 773 2549 aliis
795 2488 1135 2549 civitatibus
1167 2487 1337 2565 regni
1363 2485 1907 2566 Hierosolymitani
1929 2484 2352 2568 [perpetuam]
2372 2488 2680 2568 elegerant
2704 2486 3110 2562 mansionem,
3131 2487 3171 2561 †
3191 2494 3252 2545 ct

646 2599 709 2657 in
744 2618 815 2655 ea
848 2596 1244 2655 residentiam
1258 2596 1539 2671 fecerint
1566 2592 1974 2673 aliquantam,
2007 2601 2067 2653 ct
2113 2594 2309 2653 adhuc
2359 2597 2542 2654 etiam
2598 2595 2872 2653 resident
2918 2597 2981 2653 in
3030 2594 3258 2663 cadem,

636 2703 913 2784 praelati
940 2702 1406 2784 praedictarum
1454 2702 1764 2760 civitatum
1809 2722 1908 2761 eos
1954 2702 2040 2762 ad
2087 2702 2434 2761 solventi-sm
2484 2701 2612 2761 sibi
2656 2704 2796 2762 iura
2843 2700 3259 2761 ecclesiastica

647 2811 1029 2892 compellunt.
1095 2810 1266 2888 Quia
1313 2829 1449 2869 vero
1497 2810 1857 2888 transgredi
1900 2831 2017 2869 nan
2068 2809 2348 2869 debemus
2395 2812 2690 2882 terminos
2723 2831 2759 2868 a
2778 2809 3074 2890 patribus
3113 2829 3260 2868 con-

648 2922 912 2989 salutas,
959 2923 1069 2976 aut
1089 2916 1325 2994 falcem
1361 2919 1423 2975 in
1459 2937 1707 2975 messem
1742 2918 1981 2975 mittere
2013 2917 2299 2990 alienam,
2338 2916 2715 2976 Fraternituti
2752 2931 2894 2975 tuae
2926 2913 3078 2997 [per
3109 2924 3258 2996 apo-

646 3026 861 3086 stolica
909 3021 1181 3105 scripta]
1214 3025 1599 3100 ntandamuS,
1648 3039 1958 3103 quatenus
2004 3023 2457 3104 praedictorum
2508 3023 2790 3084 locorum
2843 3024 3160 3103 praelatos,
3197 3040 3264 3083 ut

649 3133 760 3193 sibi
813 3133 1048 3191 nullam
1101 3131 1160 3190 in
1209 3130 1551 3211 praedictos
1586 3137 1945 3192 Aconenses
1993 3132 2361 3192 habitatores
2410 3129 2895 3191 iurisdictionem
2947 3147 3265 3210 usurpent,

651 3261 762 3301 nec
795 3242 867 3299 ab
902 3239 987 3298 eis
1020 3236 1380 3317 temporalia
1415 3236 1674 3315 exigant,
1708 3238 1934 3317 quibus
1969 3237 2300 3318 spiritualia
2338 3258 2465 3298 non
2503 3236 2870 3312 ministrant,
2895 3236 3266 3316 [monitione

541 3378 591 3421 25
634 3342 1026 3430 praemissa]
1058 3344 1456 3418 districtione,
1513 3364 1636 3423 qua
1690 3344 2000 3419 convenit,
2053 3343 2429 3423 compellatis
2481 3343 2558 3403 ita
2606 3351 2829 3418 tamen,
2877 3345 3052 3423 quod
3103 3344 3263 3404 side

542 3920 594 3963 ‘30

545 4668 593 4712 35

648 3455 806 3535 agris
853 3454 916 3514 in
969 3472 1184 3513 eorum
1242 3451 1527 3532 parochia
1578 3450 1921 3511 constitutis
1971 3450 2203 3511 fructus
2251 3451 2614 3532 percipiunt,
2663 3466 2721 3512 et
2754 3451 2815 3511 in
2852 3451 3264 3511 ultramarinis

649 3562 922 3643 partibus
969 3560 1205 3620 ratione
1255 3559 1649 3639 praediorum
1697 3543 1978 3616 decimae⁸
2019 3557 2477 3637 persolvuntur,
2526 3556 2810 3636 deinceps
2845 3555 2928 3615 eis
2961 3555 3123 3636 ipsas
3155 3557 3264 3616 de—

648 3673 840 3729 cimas
873 3687 1017 3727 cum
1050 3666 1388 3745 integritate
1424 3663 1790 3745 persolvant,
1839 3664 2002 3724 dicto
2036 3683 2184 3724 vero
2219 3662 2532 3724 Aconensi
2567 3679 2858 3743 tanquam
2896 3663 3262 3723 dioecesano

648 3794 765 3835 suo
814 3789 1115 3853 cogantur
1147 3772 1222 3831 de
1256 3772 1466 3832 ceteris
1502 3772 1895 3852 respondere.
1965 3769 2177 3850 [Quod
2203 3773 2410 3831 sinon
2446 3791 2651 3830 omnes
2684 3777 2793 3830 etc.
2829 3769 2979 3830 Dat.
3015 3770 3146 3829 Lat.
3187 3767 3265 3838 X,

650 3880 792 3941 Kal.
830 3881 961 3941 Ian.
1008 3878 1211 3958 1¹98·]

1289 4143 1416 4198 aar».
1470 4141 1989 4197 mxocfflwrms
2029 4142 2150 4197 111.
2190 4139 2623 4209 (llos-almis).

652 4322 710 4388 a)
760 4319 1261 4374 Innocentius
1301 4318 1412 4371 111.
1453 4317 1508 4372 in
1550 4318 1810 4372 Concilio
1853 4319 2116 4372 Lateran.
2170 4316 2260 4369 lv.
2302 4334 2351 4369 a.
2401 4315 2718 4385 1215.hab.
2760 4332 2806 4368 c.
2848 4333 2904 4369 21
2969 4337 3038 4358 =
3090 4331 3134 4368 c.
3184 4332 3264 4366 12.

1275 4402 1340 4454 X.
1380 4404 1446 4454 dc
1480 4404 1824 4471 poem'fcntiis
1867 4406 1920 4452 ct
1955 4401 2383 4454 remissionibus
2429 4399 2495 4451 V.
2539 4396 2621 4470 38.

864 4556 893 4586 ¹¹¹
936 4555 1147 4624 Corpus
1188 4556 1291 4606 iar.
1332 4571 1453 4606 can.
1495 4554 1581 4606 ed.
1623 4551 2052 4623 Friedberg.
2099 4552 2274 4604 Tom.
2322 4550 2382 4602 11.
2443 4548 2548 4603 col.
2591 4548 2893 4619 887—888.
2976 4546 3258 4602 Hefele.

655 4635 1247 4704 Cnnciliengae'selein-lite.
1289 4633 1462 4687 Torn.
1502 4633 1572 4686 V.
1613 4650 1665 4704 p.
1694 4632 1815 4687 888.

651 4771 963 4826 Famosum
993 4782 1077 4823 est
1105 4781 1161 4824 et
1189 4769 1432 4822 multum
1461 4768 1774 4840 allegabile,
1803 4781 1858 4823 et
1879 4768 1990 4823 hoc
2015 4766 2163 4821 dicit.
2195 4765 2446 4836 Quilibet
2467 4765 2586 4820 doli
2607 4782 2785 4836 capax
2807 4776 3033 4818 tenetur
3060 4762 3265 4817 saltem

651 4851 828 4906 semel
856 4850 911 4904 in
939 4868 1093 4905 anno
1121 4848 1382 4904 confiteri
1411 4849 1642 4920 proprio
1670 4848 1974 4918 sacerdoti,
2001 4848 2088 4902 vel
2117 4849 2186 4901 de
2216 4848 2336 4901 eius
2365 4845 2588 4901 licentia
2617 4844 2792 4911 alteri,
2814 4857 2867 4899 et
2890 4842 3265 4898 eucharistiae

651 4946 1073 4987 sacramentum
1116 4933 1187 4985 ad
1232 4931 1416 4986 minus
1460 4931 1513 4984 in
1544 4931 1761 4985 Pascha
1793 4929 2061 5000 recipere.
2117 4931 2185 4982 Et
2213 4928 2504 4994 εκεῖ-(105,
2529 4926 2786 4980 revelans
2816 4922 3266 4991 confessionem,
