3684 5416
517 1519 562 1549 10

516 2050 559 2093 ¹5

513 3120 562 3163 25

514 3656 564 3698 ξω

623 367 691 420 90
1260 349 1524 404 Potestas
1563 326 2041 405 ecclesiastica‘et
2079 349 2383 421 imperium
2423 349 2598 406 civile.

840 551 894 592 2.
927 532 1013 592 Ea
1046 550 1206 612 quae
1235 531 1500 592 salvator
1531 547 1588 592 et
1607 531 1965 614 redemptor
1983 548 2195 594 noster
2214 532 2508 594 dominus
2540 534 2716 594 Jesus
2736 533 3040 614 Christus,
3074 534 3233 595 altis·

619 639 760 700 simi
792 639 945 720 patri
976 638 1156 715 filius,
1190 657 1298 718 per
1328 657 1480 700 suos
1511 654 1755 700 sanctos
1786 639 2103 720 apostolos
2125 640 2376 701 Petrum
2408 655 2465 700 et
2487 639 2771 717 Paulum,
2791 640 3233 702 interveniente

620 761 786 828 patre
819 762 1030 807 nostro
1062 745 1379 807 Silvestrio
1411 765 1662 808 summo
1695 746 1986 828 pontifice
2020 762 2078 807 et
2109 746 2436 808 universali
2471 766 2646 828 papa,
2698 747 3054 809 mirabiliter
3084 766 3234 828 ope-

619 853 733 914 rari
778 853 1067 934 dignatus
1113 868 1220 931 est,
1265 853 1499 933 liquida
1546 854 1930 915 enarratione
1985 872 2092 936 per
2126 853 2314 915 huius
2349 869 2592 915 nostrae
2626 854 2959 935 imperialis
2993 854 3231 915 institu-

617 959 799 1021 tionis
844 961 1136 1041 paginam
1170 961 1249 1022 ad
1281 960 1666 1041 agnitionem
1699 961 1989 1022 omnium
2023 961 2407 1042 populorum
2439 960 2504 1021 in
2540 961 2830 1022 universo
2860 964 3012 1023 orbe
3043 977 3227 1022 terra-

618 1087 759 1128 rum
781 1083 988 1129 nostra
1008 1067 1244 1129 studuit
1263 1086 1604 1149 propagare
1626 1067 2119 1129 mansuetissima
2137 1067 2448 1129 serenitas.
2470 1068 2749 1130 Primum
2771 1069 3027 1148 quidem
3048 1067 3231 1129 fidem

619 1190 917 1252 nostram,
966 1193 1153 1255 quam
1202 1195 1234 1235 a
1280 1175 1515 1255 prelato
1549 1175 1900 1237 beatissimo
1935 1189 2100 1255 patre
2134 1190 2194 1235 et
2226 1190 2466 1237 oratore
2499 1191 2715 1238 nostro
2747 1174 3062 1237 Silvestrio
3094 1175 3233 1236 uni-

618 1281 833 1343 versali
866 1280 1157 1363 pontifice
1191 1281 1388 1342 edocti
1423 1301 1661 1357 sumus,
1695 1280 1906 1342 intima
1929 1281 2131 1342 cordis
2151 1281 2536 1343 confessione
2567 1281 2646 1343 ad
2676 1282 3067 1344 instruendas
3098 1300 3233 1342 om-

618 1389 794 1449 nium
838 1405 1108 1450 vestrum
1159 1404 1397 1450 mentes
1445 1387 1822 1469 proferentes
1869 1403 1927 1448 et
1973 1388 2051 1448 ita
2103 1389 2358 1449 demum
2410 1388 2890 1450 misericordiam
2923 1388 3022 1449 dei
3053 1407 3234 1469 super

620 1514 737 1556 nos
769 1494 1060 1556 diffusam
1091 1495 1546 1557 adnuntiantes.

837 1621 891 1681 3.
940 1601 1140 1662 Nosse
1186 1600 1352 1662 enim
1400 1621 1509 1661 vos
1555 1600 1869 1679 volumuS,
1915 1601 2075 1662 sicut
2120 1620 2229 1683 per
2277 1602 2641 1663 anteriorem
2691 1619 2963 1664 nostram
3003 1620 3235 1662 sacram

620 1708 1056 1790 pragmaticam
1091 1708 1430 1769 iussionem
1462 1707 1965 1787 significavimus,
2015 1726 2131 1769 nos
2161 1729 2195 1769 a
2234 1708 2494 1771 culturis
2525 1708 2862 1786 idolorum,
2895 1707 3235 1770 simulacris

620 1815 807 1876 mutis
854 1830 913 1875 et
956 1815 1158 1875 surdis
1206 1813 1591 1894 manufactis,
1638 1813 1959 1876 diabolicis
2005 1816 2566 1896 compositionibus
2612 1832 2799 1896 atque
2829 1818 2906 1876 ab
2940 1815 3231 1876 omnibus

619 1937 861 1983 satanae
896 1922 1142 2003 pompis
1171 1921 1490 1984 recessisse
1522 1937 1583 1982 et
1613 1923 1690 1982 ad
1722 1922 2019 2002 integram
2044 1922 2537 1984 Christianorum
2569 1923 2775 2000 fidem,
2808 1942 2967 2003 quae
2988 1936 3078 1983 est
3097 1941 3235 1982 vera

617 2029 722 2090 lux
769 2045 826 2090 et
857 2028 976 2090 vita
1008 2045 1323 2111 perpetua,
1359 2029 1727 2109 pervenisse,
1762 2028 2097 2106 credentes,
2131 2028 2297 2108 iuxta
2332 2029 2393 2090 id
2427 2030 2602 2108 quod
2637 2049 2754 2090 nos
2785 2028 2980 2090 isdem
3014 2026 3234 2088 almifi-

619 2157 728 2197 cus
758 2156 1047 2199 summus
1078 2154 1247 2217 pater
1278 2151 1337 2197 et
1369 2136 1585 2196 doctor
1619 2151 1828 2196 noster
1860 2134 2149 2198 Silvester
2180 2136 2430 2198 instruit
2464 2135 2762 2217 pontifex,
2806 2135 2870 2197 in
2906 2136 3094 2197 deum
3129 2152 3233 2215 pa—

617 2262 796 2321 trem,
841 2243 1337 2325 omnipotentem
1382 2244 1677 2305 factorem
1724 2242 1873 2303 caeli
1908 2259 1967 2304 et
1999 2260 2213 2322 terrae,
2250 2242 2578 2305 visibilium
2613 2243 2905 2305 omnium
2938 2257 2995 2301 et
3027 2239 3233 2301 invisi-

615 2349 856 2427 bilium,
887 2365 945 2411 et
976 2350 1038 2411 in
1054 2350 1261 2411 Jesum
1286 2350 1624 2426 Christum,
1660 2348 1856 2410 filium
1891 2349 2023 2410 eius
2048 2348 2324 2425 unicum,
2356 2349 2688 2410 dominum
2707 2348 2898 2410 deum
2920 2364 3225 2422 nostrum,

619 2478 725 2540 per
770 2477 957 2538 quem
995 2473 1188 2518 creata
1221 2474 1364 2517 sunt
1398 2455 1628 2532 omnia,
1664 2471 1723 2515 et
1754 2456 1818 2516 in
1852 2454 2140 2536 spiritum
2172 2471 2477 2528 sanctum,
2516 2456 2843 2518 dominum
2878 2471 2938 2516 et
2967 2452 3232 2515 vivifica-

617 2581 815 2626 torem
856 2563 1174 2625 universae
1206 2578 1534 2624 creaturae.
1597 2563 1732 2624 Hos
1766 2577 2002 2643 patrem
2036 2580 2093 2624 et
2127 2561 2325 2624 filium
2359 2579 2418 2624 et
2448 2563 2738 2644 spiritum
2768 2580 3049 2628 sanctum
3083 2580 3232 2621 con-

620 2671 882 2749 fitemur,
929 2670 1006 2732 ita
1053 2686 1120 2732 ut
1168 2670 1231 2731 in
1276 2669 1537 2731 trinitate
1573 2669 1839 2751 perfecta
1874 2683 1931 2730 et
1966 2668 2290 2751 plenitudo
2321 2669 2398 2732 sit
2430 2669 2760 2733 divinitatis
2794 2685 2852 2732 et
2887 2668 3089 2731 unitas
3120 2687 3232 2751 po-

620 2779 864 2841 testatiS.
929 2780 1102 2841 Pater
1134 2778 1307 2857 deus,
1344 2776 1506 2839 filius
1539 2778 1693 2838 deus
1726 2793 1785 2838 et
1816 2777 2068 2858 spiritus
2099 2793 2349 2839 sanctus
2382 2778 2560 2858 deus,
2609 2794 2670 2839 et
2700 2794 2822 2840 tres
2857 2796 3056 2839 unum
3090 2793 3235 2838 sunt

621 2888 682 2948 in
713 2887 858 2947 Jesu
893 2886 1160 2947 Christe.

833 3015 892 3073 4.
939 2994 1097 3054 Tres
1135 2992 1342 3072 itaque
1374 2992 1627 3069 formae,
1676 2992 1783 3053 sed
1817 3011 1941 3052 una
1976 3007 2259 3073 potestas.
2326 2993 2488 3053 Nam
2522 2992 2767 3075 sapiens
2801 3008 2963 3054 retro
2994 3009 3237 3072 semper

619 3101 773 3162 deus
818 3099 1007 3161 edidit
1052 3120 1124 3159 ex
1171 3119 1256 3175 se,
1311 3117 1417 3180 per
1465 3099 1639 3178 quod
1685 3118 1931 3181 semper
1978 3116 2149 3160 erant
2196 3099 2508 3180 gignenda
2554 3101 2816 3179 saecula,
2865 3102 3145 3175 verbum,
3179 3116 3236 3160 et

620 3207 874 3289 quando
907 3206 1128 3267 eodem
1161 3207 1299 3267 solo
1333 3224 1480 3265 suae
1510 3205 1838 3285 sapientiae
1874 3208 2061 3266 verbo
2084 3206 2431 3275 universam
2456 3227 2528 3268 ex
2552 3208 2747 3268 nihilo
2768 3206 3050 3269 formavit
3070 3224 3233 3265 crea-

620 3331 844 3391 turam,
880 3332 1024 3374 cum
1057 3331 1134 3374 eo
1166 3326 1311 3387 erat,
1346 3328 1564 3371 cuncta
1598 3330 1714 3371 suo
1747 3330 1971 3372 arcano
2003 3331 2390 3392 componens
2411 3312 2719 3395 mysterio.
2752 3312 2941 3393 Igitur
2960 3309 3236 3392 perfectis

619 3421 932 3482 caelorum
965 3420 1289 3480 virtutibus
1321 3433 1380 3478 et
1415 3417 1714 3479 universis
1746 3433 1939 3478 terrae
1975 3419 2258 3495 materiis,
2294 3419 2400 3500 pio
2436 3418 2769 3501 sapientiae
2801 3439 2946 3480 suae
2982 3434 3140 3479 nutu
3161 3415 3236 3476 ad

620 3529 955 3608 imaginem
988 3542 1047 3588 et
1078 3524 1551 3587 similitudinem
1582 3543 1756 3585 suam
1794 3524 2069 3604 primum
2101 3526 2177 3585 de
2209 3526 2361 3586 limo
2394 3542 2588 3586 terrae
2625 3525 2870 3605 fingens
2889 3524 3233 3600 hominem,

621 3637 791 3697 hunc
837 3636 901 3696 in
950 3634 1231 3716 paradiso
1279 3633 1489 3714 posuit
1522 3632 1883 3713 voluptatis;
1937 3650 2127 3711 quem
2159 3632 2450 3711 antiquus
2481 3651 2733 3713 serpens
2766 3649 2824 3694 et
2856 3632 3050 3695 hostis
3081 3631 3236 3692 invi·

619 3745 789 3822 denS,
825 3743 1127 3819 diabolus,
1163 3761 1270 3822 per
1302 3739 1760 3802 amarissimum
1790 3739 1943 3818 ligni
1978 3739 2142 3800 vetiti
2175 3754 2433 3816 gustum
2463 3740 2711 3801 exulem
2742 3742 2817 3801 ab
2852 3739 3080 3800 eisdem
3103 3737 3236 3798 effi·

620 3851 696 3912 cit
728 3850 989 3932 gaudiis,
1020 3867 1222 3928 eoque
1255 3847 1535 3928 expuls0,
1577 3866 1706 3908 non
1740 3847 1967 3908 desinit
1999 3866 2109 3907 sua
2146 3865 2453 3907 venenosa
2477 3846 2687 3907 multis
2711 3845 2913 3906 modis
2934 3845 3235 3926 protelare

622 3959 838 4033 iacula,
889 3976 954 4019 ut
1001 3980 1033 4018 a
1081 3958 1173 4017 via
1223 3956 1489 4017 veritatis
1536 3955 1885 4016 humanum
1932 3954 2289 4015 abstrahens
2333 3973 2531 4033 genus
2579 3953 2891 4015 idolorum
2939 3953 3233 4031 culturae,

622 4066 900 4127 videlicet
942 4082 1252 4126 creaturae
1295 4081 1353 4125 et
1386 4080 1510 4125 non
1545 4063 1804 4124 creatori
1839 4061 2143 4124 deservire
2177 4063 2449 4139 suadeat,
2485 4079 2794 4141 quatenus
2826 4080 2932 4141 per
2966 4061 3081 4121 hos
3112 4081 3237 4139 eos,

517 4199 562 4241 ‘35
622 4192 783 4254 quos
830 4173 957 4232 suis
1004 4171 1257 4232 valuerit
1306 4170 1547 4232 inretire
1595 4170 1849 4246 insidiis,
1897 4189 2108 4231 secum
2163 4185 2415 4231 aeterno
2477 4168 2698 4230 efficiat
2747 4168 3237 4231 concremandos

621 4279 944 4361 suppliciO.
1008 4278 1127 4339 Sed
1175 4278 1329 4339 deus
1380 4293 1609 4355 noster,
1659 4278 1947 4339 misertus
1995 4279 2264 4358 plasmae
2296 4298 2463 4351 suae,
2511 4276 2782 4356 dirigens
2814 4293 3058 4338 sanctos
3089 4297 3237 4338 suos

623 4392 970 4473 prophetas,
1003 4409 1114 4471 per
1146 4408 1308 4468 quos
1340 4388 1556 4449 lumen
1593 4390 1833 4450 futurae
1866 4390 2044 4463 vitae,
2080 4390 2412 4450 adventum
2436 4388 2715 4449 videlicet
2739 4386 2842 4447 filii
2864 4386 2978 4461 sui,
2999 4386 3239 4447 domini

622 4500 717 4560 dei
767 4514 825 4559 et
869 4496 1181 4557 salvatoris
1214 4495 1406 4556 nostri
1439 4496 1582 4556 Jesu
1616 4496 1868 4567 Christi,
1909 4495 2305 4571 adnuntians,
2343 4495 2505 4556 misit
2539 4494 2813 4556 eundem
2851 4492 3238 4572 unigenitum

622 4624 807 4667 suum
856 4605 1054 4667 tilium
1103 4622 1161 4665 et
1205 4603 1539 4684 sapientiae
1588 4606 1846 4664 verbum
1929 4602 2057 4679 Qui
2092 4603 2469 4665 descendens
2503 4603 2579 4664 de
2615 4601 2807 4664 coelis
2839 4617 3089 4682 propter
3119 4620 3236 4662 no-

621 4730 802 4774 stram
838 4713 1099 4774 salutern
1131 4728 1310 4771 natus
1343 4711 1420 4770 de
1452 4709 1670 4790 spiritu
1702 4725 1916 4771 sancto
1949 4727 2004 4770 et
2039 4711 2229 4771 Maria
2265 4711 2518 4789 virgine,
2550 4712 2807 4770 verbum
2843 4727 2984 4770 caro
3004 4709 3234 4770 factum

622 4839 711 4882 est
761 4838 821 4883 et
874 4820 1163 4882 habitavit
1207 4821 1272 4880 in
1321 4817 1519 4879 nobis,
1589 4819 1734 4879 Non
1783 4818 2003 4891 amisit,
2050 4820 2223 4897 quod
2260 4819 2470 4893 fuerat,
2502 4820 2607 4878 sed
2646 4818 2846 4898 coepit
2876 4838 3029 4895 esse,
3063 4818 3237 4898 quod

624 4950 754 4991 non
788 4945 931 5000 erat,
985 4929 1172 4988 deum
1206 4927 1541 5006 perfectum
1578 4945 1634 4989 et
1670 4926 1993 4987 hominem
2029 4926 2385 5007 perfectum,
2438 4941 2505 4986 ut
2537 4926 2690 4987 deus
2725 4924 3018 4986 mirabilia
3053 4924 3235 5006 perfi-
