3684 5416
1434 404 1636 475 Legati
1674 405 1971 477 pontificii.
2905 395 3006 486 563

382 586 801 666 transmiserit,
835 588 1356 671 praesumpserint
1389 587 1707 670 impedire,
1739 588 1876 672 ipso
1909 591 2069 654 facto
2101 593 2473 657 sententiam
2507 595 3012 659 excommunica-

384 692 571 755 tionis
623 693 953 756 incurrant.
1018 694 1253 775 Regna,
1297 710 1491 757 terrae
1542 711 1603 757 et
1651 697 1786 760 loca
1837 699 2145 779 quaelibet
2190 699 2460 763 subiecta
2507 700 2743 765 eisdem
2773 703 3014 766 tamdiu

385 799 509 862 sint
554 820 631 862 eo
677 801 816 882 ipso
862 800 1267 864 ecclesiastico
1301 804 1623 885 supposita
1655 803 2003 884 interdicte,
2035 806 2338 886 quamdiu
2371 807 2435 870 in
2467 808 2833 872 huiusmodi
2864 830 3013 873 con-

384 908 653 971 tumacia
685 908 969 971 duxerint
1000 909 1470 992 persistendum,
1505 932 1636 974 non
1671 914 2057 975 obstantibus
2078 915 2455 995 quibuslibet
2475 916 2875 998 indulgentiis
2905 935 3011 980 aut

294 1041 332 1084 5
386 1011 738 1099 privilegiis,
786 1016 1258 1099 imperatoribus
1302 1036 1372 1081 ac
1418 1020 1683 1100 regibus,
1729 1040 1840 1082 seu
1888 1021 2372 1104 quibuscunque
2417 1024 2548 1085 aliis
2597 1027 2716 1086 sub
2749 1024 3014 1107 quibus-

388 1142 636 1204 cunque
670 1123 893 1204 modis,
926 1124 1246 1186 tenoribus
1278 1139 1337 1187 et
1370 1125 1606 1206 formis,
1640 1147 1674 1188 a
1706 1127 1853 1188 sede
1884 1126 2015 1209 ipsa
2047 1129 2374 1210 concessis,
2396 1150 2554 1211 quae
2588 1147 2799 1194 contra
2830 1153 3013 1214 prae-

389 1232 577 1292 missa
608 1230 764 1293 nulli
795 1233 1090 1294 volumus
1122 1232 1464 1313 suffragari.

1242 1478 1372 1535 22⁰.
1423 1478 1572 1534 Lao
1608 1480 1691 1536 x.
1728 1479 2162 1552 (lma-1521).

393 1636 539 1692 Leo
581 1637 649 1692 X.
701 1637 773 1693 in
812 1639 1170 1696 Concilio
1212 1615 1721 1695 Lat'eranensi
1761 1658 1811 1694 a.
1864 1659 1991 1713 ¹5¹5
2047 1641 2336 1700 habito.
2393 1643 2469 1713 (c.
2517 1660 2624 1698 un.
2669 1642 2741 1699 in
2778 1643 2909 1699 V11⁰
2951 1645 3019 1700 de

272 1739 338 1771 :io
1413 1722 1604 1793 officio
1638 1723 1814 1790 legati
1846 1721 1885 1774 1.
1913 1720 1993 1791 8.)

606 1838 635 1868 ⁶
699 1840 1011 1894 Bullarium
1050 1840 1377 1893 Romanum.
1416 1839 1506 1893 ed.
1557 1837 1950 1894 Taurinensis.
1993 1841 2166 1894 Torn.
2210 1839 2277 1893 V.
2327 1856 2380 1910 p.
2406 1839 2457 1894 6.
2524 1839 2793 1896 Hefele
2819 1879 2836 1906 ‚
2877 1842 3017 1896 Con-

393 1919 874 1989 ce'ls’engeschichte.
914 1918 1089 1974 Torn.
1116 1918 1215 1985 w,
1253 1935 1309 1990 p.
1346 1935 1457 1991 ¹07·
1512 1918 1959 1985 Hinschiu8‚
1999 1919 2403 1974 Kirchenrecht.
2445 1920 2612 1975 Tom.
2644 1921 2679 1975 Ι.
2720 1937 2774 1991 p.
2806 1940 2927 1992 524.

609 2067 639 2127 s
671 2079 689 2119 1
712 2079 765 2137 5.
785 2057 990 2119 Nullis
1010 2058 1423 2120 cardinalibus
1443 2058 1788 2141 provincias
1808 2078 1879 2120 ac
1897 2059 2168 2120 civitates
2186 2057 2509 2138 legationis
2529 2058 2709 2122 titulo
2730 2060 3017 2122 obtinen-

393 2180 500 2242 tes,
534 2184 636 2226 eas
665 2184 773 2247 per
801 2165 1295 2228 locumtenentes
1323 2181 1430 2227 aut
1459 2165 1750 2228 officiales
1783 2185 2197 2248 quoscunque
2227 2165 2649 2227 administrare
2680 2166 2872 2245 liceat,
2908 2165 3019 2227 sed

276 2313 339 2357 ‘¹5
396 2272 799 2354 personaliter
829 2272 975 2354 ipsis
1006 2291 1120 2354 pro
1151 2273 1404 2335 maioris
1436 2273 1733 2355 temporis
1764 2274 1978 2335 adesse
2009 2287 2194 2354 atque
2226 2292 2326 2334 eas
2358 2271 2531 2334 omni
2577 2273 2886 2352 vigilantia
2917 2292 3018 2335 re-

398 2399 541 2461 gere
574 2395 632 2440 et
661 2382 1005 2460 gubernare
1037 2395 1395 2443 teneantur:
1447 2397 1505 2443 et
1550 2381 1658 2461 qui
1703 2400 1876 2443 nunc
1906 2380 2160 2442 titulum
2189 2379 2515 2459 legationis
2547 2379 2938 2458 obtinebunt,
2968 2379 3020 2441 si

399 2487 463 2549 in
495 2486 660 2547 Italia
706 2486 860 2547 intra
908 2502 1028 2548 tres
1061 2507 1327 2566 menses,
1361 2488 1414 2549 si
1446 2503 1609 2550 extra
1643 2488 1874 2550 Italiam
1909 2489 2212 2569 quinque,
2245 2508 2280 2549 a
2312 2487 2410 2548 die
2445 2487 2775 2568 praesentis
2810 2486 3022 2570 publi-

400 2595 655 2656 cationis
701 2595 775 2655 ad
810 2615 955 2656 suas
987 2594 1335 2676 provincias
1366 2596 1451 2657 ire
1483 2614 1553 2657 ac
1584 2597 1886 2657 maiorem
1917 2595 2217 2676 temporis
2250 2611 2483 2676 partem
2515 2593 2598 2655 ibi
2632 2593 2898 2655 residere
2931 2611 3023 2655 te·

401 2717 696 2764 neantur:
748 2701 865 2764 nisi
918 2702 994 2765 de
1040 2721 1253 2767 nostro
1286 2721 1345 2766 et
1375 2724 1809 2768 successorum
1844 2719 2199 2766 nostrorum
2235 2702 2527 2765 mandato
2561 2721 2674 2782 pro
2704 2700 3020 2783 aliquibus

273 2848 349 2881 a„
399 2809 783 2889 gravioribus
833 2812 1094 2891 negotiis
1139 2811 1205 2873 in
1256 2815 1540 2874 Romana
1590 2812 1780 2875 Curia
1830 2810 2207 2873 retineantur
2253 2810 2350 2871 vel
2395 2809 2471 2870 ad
2519 2808 2634 2869 alia
2663 2810 2799 2871 loca
2836 2823 3023 2890 prout

402 2917 728 2978 necessitas
760 2919 1047 2999 postulat,
1096 2920 1414 2980 mittantur
1445 2935 1503 2980 et
1532 2934 1685 2981 tunc
1718 2919 1782 2981 in
1815 2918 1989 2981 dictis
2021 2917 2353 3000 provinciis
2386 2937 2455 2979 ac
2488 2915 2829 2978 civitatibus
2861 2916 3026 2978 vice-

401 3023 655 3104 legatos,
704 3024 1015 3087 auditores
1047 3026 1259 3088 locum
1291 3041 1608 3088 tenentem
1642 3041 2005 3106 ceterosque
2036 3038 2373 3086 consuetos
2405 3022 2701 3086 officiales
2734 3043 2879 3086 cum
2915 3024 3024 3086 de·-

402 3130 540 3192 bitis
573 3132 1033 3213 provisionibus
1065 3153 1135 3194 ac
1165 3133 1394 3195 salariis
1430 3133 1709 3195 habeant.
1743 3132 1873 3209 Qui
1909 3131 2241 3213 praemissa
2274 3131 2486 3192 omnia
2519 3147 2577 3192 et
2608 3129 2854 3212 singula
2888 3151 3022 3193 non

403 3237 746 3316 servaverit,
811 3239 1251 3301 emolumentis
1301 3241 1785 3322 quibuscunque
1836 3239 2164 3320 legationis
2214 3255 2427 3300 careat.
2521 3239 2704 3315 Quae
2765 3238 3025 3319 quidem

277 3383 348 3427 ,25
405 3360 655 3425 propter
686 3346 807 3406 hoc
840 3346 1182 3428 antiquitus
1213 3348 1494 3409 ordinata
1528 3363 1587 3408 et
1617 3348 1896 3410 instituta
1920 3347 2191 3423 fuerunt,
2215 3362 2283 3406 ut
2303 3362 2656 3427 opportuna
2676 3346 3024 3423 legatorum

405 3451 740 3533 praesentia
783 3452 1031 3534 populis
1075 3469 1233 3515 esset
1277 3454 1555 3515 salutaris
1601 3472 1730 3515 non
1777 3470 1846 3514 ut
1892 3453 2007 3535 ipsi
2039 3452 2325 3514 laborum
2358 3467 2416 3512 et
2449 3470 2741 3512 curarum
2776 3451 3027 3531 penitus

406 3573 679 3639 expertes
709 3558 887 3621 lucro
920 3573 1159 3620 tantum
1193 3579 1466 3640 suaeque
1496 3559 1822 3641 legationis
1854 3558 2035 3619 titulo
2068 3555 2391 3618 inhiarent.

1207 3804 1335 3860 221.
1393 3803 1533 3859 Lno
1575 3804 1755 3861 XIII.
1794 3802 2229 3874 (1878—1902).

1037 3964 1485 4021 Nominatio
1527 3963 1890 4036 Delegati
1931 3960 2396 4035 Apostolici.

288 4110 356 4157 <30
623 4091 651 4118 ‘
689 4091 893 4145 Archiv
913 4092 1033 4161 fiir
1066 4091 1429 4146 katholiscloes
1453 4090 1864 4146 Kirchenreclzt.
1904 4090 2078 4145 Tom.
2105 4088 2191 4160 78.
2221 4105 2274 4159 p.
2305 4103 2603 4160 343—344.

470 4259 711 4321 Dilecto
746 4258 1297 4320 FilioSebastiano
1332 4257 1681 4335 Martinelli‚
1715 4255 1909 4319 Priori
1945 4256 2233 4320 Generali
2266 4254 2680 4317 Eremitarum
2711 4251 2969 4315 Ordinis

1497 4365 1558 4427 S.
1593 4365 1948 4445 Augustini.

807 4511 1057 4572 Dilecte
1087 4508 1239 4581 Fili,
1271 4507 1540 4570 Salutem
1574 4515 1634 4569 et
1662 4508 2086 4591 Apostolicam
2120 4505 2641 4568 Benedictionem.

626 4653 969 4737 Apostolici
1002 4653 1276 4715 muneris
1310 4668 1528 4734 partes,
1564 4670 1737 4733 quas,
1769 4650 2002 4710 viribus
2033 4649 2174 4710 licet
2208 4647 2569 4729 imparibus,
2592 4645 2800 4709 divina
2820 4662 3029 4709 tamen

290 4788 355 4834 35
410 4765 635 4826 virtute
668 4762 802 4825 freti
835 4762 1077 4844 explere
1109 4761 1450 4836 studemuS,
1482 4760 1616 4820 Nos
1647 4777 1829 4839 saepe
1850 4756 2012 4818 illius
2031 4755 2370 4817 admonent
2389 4753 2823 4816 sollicitudinis
2843 4771 3036 4834 quam

414 4873 778 4935 Romanum
812 4869 1174 4932 Pontificem
1221 4869 1296 4930 ad
1346 4867 1810 4948 procurandum
1848 4862 2259 4926 Ecclesiarum
2304 4861 2590 4925 omnium
2622 4862 2867 4923 bonum
2900 4879 3038 4943 per-

414 4978 583 5058 vigili
615 4998 762 5041 cura
795 4977 1154 5060 impendere
1186 4989 1451 5058 oportet,
1500 4989 1567 5035 ut
1599 4973 1666 5036 in
1698 4972 1995 5035 omnibus
2026 4970 2125 5032 vel
2158 4970 2353 5049 longo
2386 4984 2687 5031 terrarum
2719 4968 3036 5049 marisque

2612 5070 2713 5145 36·
