3684 5416
351 1549 399 1579 lo

348 2617 402 2649 20

351 3157 399 3198 25

1413 376 1664 432 Ecclesia
1691 376 2102 449 antiquissima.
3034 393 3067 445 7

456 558 1028 637 προνηστευσάτω
1079 559 1119 619 ὁ
1170 559 1501 643 βαπτιζων
1544 558 1655 619 καὶ
1691 558 1732 619 ὁ
1789 576 1914 621 tem
1949 560 2090 621 iube
2124 560 2396 622 ieiunare
2419 578 2618 620 uuum
2638 559 2735 620 vel
2757 561 2916 621 duos
2937 560 3068 620 dies

460 665 941 750 βαπτιζόμενος
972 664 1086 727 καὶ
1119 664 1181 727 εἴ
1211 686 1385 741 τινες
1412 666 1606 727 ἄλλοι
1626 662 1732 726 δύ·
1790 682 1986 729 antea.

452 793 707 837 νανται·
744 772 1095 848 κελεύσεις
1127 770 1209 834 δὲ
1228 774 1594 849 νηστεῦσαι
1616 771 1736 834 τὸν

463 880 946 965 βαπτιζόμενον
977 879 1111 959 πρὸ
1143 882 1299 962 μιᾶς
1331 880 1371 957 ἢ
1405 877 1552 941 δύο.

545 991 684 1051 vlu.
708 987 796 1049 At
819 985 900 1049 δὲ
917 991 1216 1066 νηστεῐαι
1232 986 1416 1068 ὑμῶν
1435 984 1518 1067 μὴ
1537 985 1733 1047 ἔστω·

457 1111 587 1156 σαν
631 1095 798 1176 μετὰ
845 1095 974 1156 τῶν
1016 1094 1413 1172 ὑποκριτῶν·
1465 1091 1733 1171 νηστεύ·

455 1216 610 1263 ουσι
662 1201 801 1280 γάρ
852 1199 1149 1279 δευτέρᾳ
1201 1201 1573 1285 σαββάτων
1621 1199 1733 1261 καὶ

453 1309 725 1389 πέμπτῃ·
761 1308 949 1389 ὑμεῖς
969 1306 1050 1369 δὲ
1067 1305 1488 1385 νηστεύσατε
1510 1307 1733 1383 τετρά-

454 1414 548 1476 δα
588 1414 700 1476 καὶ
746 1413 1211 1492 παρασκευήν.
1264 1437 1317 1478 2.
1348 1411 1549 1490 Μηδὲ
1580 1432 1735 1490 προ-

453 1520 791 1600 σεύχεσθε
827 1521 922 1598 ὡς
953 1520 1017 1582 οἱ
1050 1519 1420 1598 ὑποκριταί,
1460 1521 1603 1582 ἀλλ’
1642 1519 1735 1596 ὡς

455 1628 819 1690 ἐκέλευσεν
838 1628 879 1688 ὁ
898 1627 1135 1706 κύριος
1154 1631 1229 1690 έν
1243 1628 1335 1709 τῷ
1357 1626 1732 1708 εὐαγγελίῳ

456 1737 688 1809 αὐτοῦ,
724 1735 901 1797 οὕτω
935 1733 1437 1813 προσεύχεσθε·
1497 1734 1733 1812 ΙῙάτερ

456 1842 639 1924 ἡμῶν
670 1842 711 1903 ὁ
746 1845 820 1904 ἐν
851 1844 942 1924 τῷ
993 1843 1288 1924 οὐρανῷ,
1338 1841 1732 1920 ἁγιασθήτω

457 1950 534 2011 τὸ
567 1949 789 2032 ὄνομά
833 1966 984 2022 σου,
1035 1950 1286 2012 ἐλθέτω
1331 1951 1371 2028 ἡ
1425 1949 1736 2033 βασιλεία

380 2083 397 2111 ³
461 2072 611 2128 σου,
660 2054 1009 2135 γενηθήτω
1060 2054 1138 2117 τὸ
1183 2056 1446 2137 θέλημά
1477 2070 1609 2116 σου
1641 2055 1736 2131 ῶς

458 2166 533 2224 ἐν
577 2164 852 2243 οὐρανῷ
884 2162 996 2223 καὶ
1031 2162 1132 2224 ἐπὶ
1164 2164 1322 2242 γῆς·
1375 2162 1494 2223 τὸν
1526 2163 1738 2239 ἄρτον

458 2269 642 2351 ἡμῶν
673 2269 792 2331 τὸν
824 2266 1170 2331 ἐπιούσιον
1201 2267 1327 2344 δὸς
1358 2268 1508 2350 ἡμῖν
1540 2267 1736 2350 σήμε-

458 2396 603 2454 ρον,
616 2375 728 2438 καὶ
744 2378 921 2458 ἄφες
936 2377 1087 2458 ἡμῖν
1101 2374 1221 2454 τὴν
1235 2374 1516 2457 ὀφειλὴν
1533 2376 1571 2452 ἡ
1577 2376 1736 2457 μῶν,

459 2485 551 2559 ὡς
595 2483 708 2545 καὶ
755 2483 943 2564 ἡμεῖς
989 2481 1271 2564 ἀφίεμεν
1309 2485 1449 2559 τοῖς
1481 2482 1738 2563 ὀφειλέ-

457 2610 604 2668 ταις
635 2590 837 2673 ἡμῶν,
869 2588 982 2652 καὶ
1016 2589 1098 2671 μὴ
1135 2589 1528 2670 εἰσενέγκῃς
1562 2590 1738 2676 ἡμᾶς

458 2699 554 2774 εἰς
615 2696 1017 2780 πειρασμόν,
1084 2697 1262 2759 ἀλλὰ
1308 2698 1513 2775 ῥῦσαι
1562 2698 1738 2779 ἡμᾶς

458 2805 594 2867 ἀπὸ
639 2806 761 2867 τοῦ
799 2806 1133 2880 πονηροῦ·
1183 2805 1282 2866 ὅτι
1317 2806 1449 2866 σοῦ
1483 2806 1666 2866 ἐστιν
1698 2804 1737 2882 ἡ

458 2909 739 2993 δύναμις
769 2911 882 2973 καὶ
905 2911 944 2989 ἡ
965 2909 1143 2985 δόξα
1162 2912 1260 2988 εἰς
1279 2909 1443 2988 τοὺς
1465 2912 1737 2987 αἰῶνας.

463 3042 517 3102 3.
566 3017 732 3096 Τρὶς
778 3020 897 3096 τῆς
944 3018 1204 3098 ἡμέρας
1236 3017 1414 3080 οὕτω
1459 3017 1743 3096 προσεύ-

459 3127 683 3202 χεσθε.

549 3234 646 3298 lX.
682 3231 852 3309 Περὶ
885 3230 968 3293 δὲ
998 3235 1118 3310 τῆς
1151 3231 1601 3311 εὐχαριστίας,
1634 3232 1740 3294 οὕ-

459 3358 590 3415 τως
611 3337 1165 3417 εὺχαριστήσατε·
1223 3363 1278 3403 2.
1302 3340 1570 3416 πρῶτον
1591 3338 1741 3417 περὶ

458 3447 580 3507 τοῦ
628 3445 976 3523 ποτηρίου·
1028 3446 1576 3527 Εὐχαριστοῦμέν
1608 3461 1739 3520 σοι,

459 3553 672 3629 πάτερ
705 3551 908 3633 ἡμῶν,
948 3549 1120 3629 ὑπὲρ
1152 3554 1271 3631 τῆς
1305 3552 1507 3630 ἁγίας
1540 3553 1738 3633 ἀμπέ-

458 3660 585 3721 λου
618 3657 840 3743 Δαβὶδ
861 3661 982 3721 τοῦ
1001 3658 1248 3735 παιδός
1268 3674 1419 3732 σου,
1443 3657 1524 3735 ἧς
1544 3657 1740 3738 έγνώ·

462 3781 664 3845 ρισας
710 3766 859 3848 ἡμῖν
904 3765 1021 3828 διὰ
1056 3766 1281 3844 Ἰησοῦ
1329 3769 1448 3828 τοῦ
1494 3765 1742 3844 παιδός

459 3888 622 3935 σου·
673 3873 785 3934 σοὶ
830 3874 869 3950 ἡ
919 3871 1097 3946 δόξα
1142 3874 1239 3949 εἰς
1270 3872 1433 3950 τοὺς
1467 3874 1739 3950 αἰῶνας.

465 4005 518 4063 3.
543 3978 711 4057 Περὶ
735 3978 818 4041 δὲ
847 3982 970 4041 τοῦ
1000 3980 1424 4061 κλάσματος·
1464 3981 1740 4059 Εὑχαρι·

459 4087 751 4168 στοῦμέν
783 4102 914 4160 σοι,
949 4088 1162 4165 πάτερ
1195 4087 1397 4169 ἡμῶν,
1432 4085 1603 4165 ὑπὲρ
1623 4090 1742 4167 τῆς

383 4224 401 4254 ς
460 4195 638 4272 ζωῆς
677 4193 789 4255 καὶ
835 4192 1178 4272 γνώσεως,
1228 4192 1309 4272 ἧς
1362 4193 1741 4272 ἐγνώρισάς

462 4301 610 4383 ἡμῖν
642 4298 757 4362 διὰ
791 4300 1017 4379 Ἰησοῦ
1039 4303 1160 4362 τοῦ
1181 4300 1425 4378 παιδός
1446 4317 1605 4362 σου·
1632 4300 1741 4362 σοὶ

462 4408 502 4486 ἡ
537 4407 717 4480 δόξα
749 4409 847 4483 εἰς
879 4405 1041 4483 τοὺς
1075 4408 1347 4484 αἰῶνας.
1390 4434 1449 4488 4.
1471 4406 1741 4485 “Ωσπερ

462 4515 545 4594 ἦν
571 4516 772 4577 τοῦτο
813 4513 891 4576 τὸ
928 4515 1204 4596 κλάσμα
1239 4512 1742 4595 διεσκορπισμέ-

460 4643 584 4683 νον
616 4622 840 4684 ἐπάνω
873 4621 1005 4682 τῶν
1022 4622 1247 4700 ὀρέων
1267 4621 1379 4684 καὶ
1402 4620 1745 4700 συναχθὲν

358 4759 411 4797 ιο
466 4729 742 4806 ἐγένετο
775 4727 871 4800 ἓν,
905 4727 1084 4790 οὕτω
1117 4728 1517 4807 συναχθήτω
1550 4742 1682 4790 σου
1704 4728 1743 4807 ἡ

464 4834 790 4914 ἐκκλησία
820 4833 958 4897 ἀπὸ
992 4836 1124 4897 τῶν
1151 4836 1461 4913 περάτων
1481 4837 1598 4914 τῆς
1617 4837 1745 4915 γῆς

467 4943 562 5018 εἰς
584 4941 703 5020 τὴν
723 4940 852 5019 σὴν
876 4940 1251 5026 βασιλείαν·
1290 4942 1389 5002 ὅτι
1412 4944 1542 5004 σού
1564 4942 1745 5003 ἐστιν

1883 988 2030 1049 v111.
2095 989 2338 1050 Ieiunia
2386 1008 2524 1048 vero
2571 1003 2762 1047 vestra
2812 1005 2889 1047 ne
2924 986 3071 1048 fiant

1789 1116 1925 1156 cum
1988 1095 2369 1178 hypocritis,·
2431 1094 2706 1155 ieiunant
2758 1093 2923 1154 enim
2975 1114 3069 1154 se-

1791 1203 1995 1265 cunda
2043 1218 2183 1285 post
2213 1203 2535 1263 sabbatum
2571 1215 2630 1261 et
2663 1200 2910 1280 quintin
2960 1221 3071 1261 vos

1790 1324 1997 1371 autem
2034 1309 2297 1370 ieiunate
2330 1322 2546 1388 quarta
2566 1323 2824 1369 etsexta.
2862 1327 2918 1367 2.
2945 1307 3071 1368 Ne-

1791 1437 1914 1498 que
1948 1424 2119 1478 orate
2151 1418 2315 1477 sicut
2343 1415 2715 1497 hypocritae,
2761 1415 2869 1475 sed
2916 1414 3071 1475 sicut

1791 1523 2099 1607 praecepit
2119 1522 2433 1585 Dominus
2466 1523 2531 1583 in
2569 1519 2902 1599 Evangelio
2934 1540 3071 1595 sun,

1790 1633 1879 1691 ita
1911 1637 2117 1691 orate:
2149 1629 2343 1691 Pater
2373 1635 2602 1702 noster,
2633 1631 2821 1709 quies
2843 1631 2907 1690 in
2929 1650 3069 1689 cac-

1789 1739 1897 1812 lis,
1929 1738 2353 1811 sanctificetur
2401 1756 2613 1797 nomen
2647 1742 2839 1809 tuum,
2887 1737 3070 1797 adve-

1790 1848 1929 1906 niat
1975 1863 2228 1925 regnum
2272 1849 2464 1918 tuum,
2489 1844 2629 1923 fiat
2655 1842 2935 1903 voluntas
2968 1849 3072 1903 tua

1789 1955 1959 2013 sicut
1985 1954 2049 2013 in
2082 1951 2249 2012 caelo
2282 1957 2342 2011 et
2372 1952 2436 2011 in
2471 1956 2638 2010 terra
2652 1972 2684 2024 ,·
2713 1957 2935 2031 panem
2957 1970 3072 2009 no-

1792 2064 1989 2120 strum
2029 2059 2410 2119 cotidianum
2445 2057 2523 2118 da
2556 2056 2737 2117 nobis
2766 2055 2968 2129 hodie,
3016 2061 3077 2115 et

1793 2167 2036 2226 dimitte
2067 2164 2248 2226 nobis
2282 2163 2550 2224 debitum
2583 2168 2880 2234 nostrum,
2911 2164 3077 2222 sicut

1793 2279 1854 2332 et
1883 2292 1993 2333 nos
2025 2271 2314 2332 dimittzm
2323 2286 2397 2330 us
2418 2267 2796 2330 debitoribus
2816 2270 3070 2341 nostris,

1796 2386 1857 2441 et
1885 2400 1960 2441 ne
1990 2399 2099 2440 nos
2132 2379 2391 2439 inducas
2423 2386 2488 2438 tn
2523 2376 2932 2449 tentationem,
2967 2375 3078 2434 sed

1796 2486 1995 2546 libera
2045 2505 2155 2547 nos
2200 2506 2238 2544 a
2284 2483 2468 2559 malo,
2515 2482 2816 2563 quoniam
2846 2495 2949 2541 tua
2985 2496 3073 2541 est

1796 2592 1989 2654 virtus
2021 2607 2080 2653 et
2109 2590 2305 2669 gloria
2338 2591 2400 2652 in
2432 2589 2693 2652 saecula.
2762 2610 2817 2670 3.
2850 2588 2979 2649 Ter
3009 2587 3073 2648 in

1798 2700 1896 2763 die
1931 2699 2016 2761 sic
2049 2715 2236 2762 orate.

1889 3237 1983 3298 lX.
2030 3234 2224 3310 Quod
2269 3234 2344 3295 ad
2391 3233 2723 3314 gratiarum
2769 3232 3074 3293 actionem

1798 3344 2026 3418 attinet,
2073 3341 2159 3402 sic
2190 3341 2411 3421 gratias
2443 3339 2630 3419 agite;
2703 3359 2756 3401 2.
2805 3339 3073 3420 primum

1798 3450 1876 3511 de
1925 3448 2141 3510 calice:
2194 3446 2435 3509 Gratias
2472 3446 2577 3507 tibi
2613 3445 2875 3525 agimus,
2909 3461 3076 3526 pater

1800 3573 2026 3633 noster,
2091 3575 2202 3636 pro
2250 3570 2457 3616 sancta
2504 3554 2621 3614 vite
2658 3553 2853 3613 David
2903 3552 3076 3634 pueri

1796 3664 1908 3739 tui,
1958 3682 2147 3743 quam
2195 3661 2472 3724 indicasti
2520 3661 2699 3721 nobis
2733 3679 2841 3740 per
2873 3659 3076 3721 Iesum

1798 3789 2062 3852 puerum
2098 3786 2312 3842 tuum;
2346 3768 2541 3849 gloria
2576 3767 2684 3828 tibi
2719 3765 2782 3827 in
2815 3766 3073 3827 saecula.

1803 3898 1858 3958 3.
1880 3877 1974 3938 De
2008 3895 2165 3956 pane
2200 3874 2390 3936 fracto
2421 3888 2663 3935 autem:
2699 3873 2938 3936 Gratias
2969 3871 3075 3933 tibi

1796 3984 2059 4062 agimus,
2097 3998 2264 4063 pater
2283 3995 2508 4054 noster,
2527 3999 2642 4061 pro
2663 3978 2782 4041 vita
2803 3995 2859 4039 et
2879 3979 3076 4040 scien-

1797 4091 1898 4168 tia,
1944 4109 2132 4170 quam
2188 4088 2465 4149 indicasti
2513 4087 2692 4149 nobis
2739 4106 2846 4168 per
2877 4086 3076 4146 lesum

1797 4215 2066 4278 puerum
2101 4210 2316 4266 tuum;
2353 4193 2548 4276 gloria
2581 4195 2689 4255 tibi
2726 4195 2785 4254 in
2820 4194 3078 4254 saecula.

1798 4325 1859 4382 4.
1915 4303 2090 4365 Sicut
2139 4303 2239 4363 hic
2288 4301 2461 4382 panis
2508 4301 2732 4362 fractus
2766 4300 3078 4381 dispersus

1799 4425 1926 4472 erat
1971 4428 2157 4490 supra
2193 4425 2436 4470 montes
2469 4425 2526 4469 et
2559 4408 2851 4469 collectus
2887 4407 3078 4467 factus

1798 4534 1888 4578 est
1923 4536 2106 4592 unus,
2157 4515 2234 4576 ita
2268 4514 2590 4594 colligatur
2623 4514 2874 4575 ecclesia
2907 4529 3012 4575 tua
3046 4535 3077 4574 a

1799 4624 2030 4686 finibus
2061 4641 2251 4684 terrae
2285 4623 2349 4684 in
2382 4641 2645 4701 reguum
2667 4639 2880 4694 tuum;
2918 4641 3077 4701 quo-

1801 4731 1966 4791 niam
2003 4745 2106 4791 tua
2140 4745 2229 4790 est
2247 4729 2438 4808 gloria
2459 4744 2518 4789 et
2536 4729 2730 4789 virtus
2751 4747 2859 4808 per
2877 4728 3078 4788 iesum

1801 4836 2120 4899 Christum
2158 4836 2221 4896 in
2252 4836 2511 4897 saecula.
2554 4857 2606 4915 5.
2633 4834 2837 4895 Nemo
2870 4849 3078 4894 autem

1801 4944 1938 5005 edat
1986 4963 2190 5023 neque
2239 4943 2402 5005 bibat
2446 4965 2479 5004 a
2522 4959 2712 5003 vestra
2746 4940 3076 5023 gratiarum
