3684 5416
545 1536 594 1567 10

543 2071 588 2114 ¹5

536 2606 589 2637 25

649 365 720 420 86
1279 366 1547 421 Potestas
1586 365 1966 421 ecclesiastica
2005 379 2062 421 et
2098 364 2404 437 imperium
2445 364 2619 421 civile.

646 563 935 629 terrogat,
967 549 1076 610 sed
1110 523 1258 630 quid
1293 549 1485 631 possit
1515 549 1617 610 ille
1654 548 1764 629 qui
1794 548 1979 629 cogit.
2049 569 2105 611 2.
2149 548 2361 610 similis
2394 564 2484 611 est
2516 565 2619 610 tua
2650 548 2972 626 sententia,
3018 549 3127 630 qui
3156 566 3261 611 aut

646 656 872 718 iniusta
920 655 1159 738 impleri
1205 657 1520 738 praecipiS,
1569 672 1674 717 aut
1719 656 1972 717 minaris
2016 655 2288 717 exitium.
2349 655 2507 718 nihil
2541 655 2831 732 formido,
2866 655 3023 718 nibil
3050 657 3256 719 time0.

646 763 743 823 ius
775 763 1091 845 publicum
1113 764 1292 844 punit
1311 778 1732 840 scortatorem,
1753 762 2125 841 adulterum,
2150 763 2372 841 furem,
2395 779 2827 844 corruptorem
2846 782 3031 825 sexus
3054 762 3259 836 uirilis.

647 868 998 932 maleficum
1041 885 1100 931 et
1150 869 1547 931 homicidam.
1614 870 1842 931 horum
1888 869 1940 929 si
1984 888 2127 930 reus
2165 887 2327 944 sum,
2375 884 2519 930 ante
2551 888 2775 932 uocem
2807 885 2978 932 tuam
3007 869 3129 931 iam
3160 888 3260 931 me

649 975 777 1057 ipse
807 976 1196 1049 condemno;
1231 975 1327 1038 sin
1361 995 1533 1054 uero,
1568 996 1644 1037 eo
1677 976 1851 1056 quod
1884 977 2075 1037 deum
2104 977 2217 1057 qui
2249 991 2339 1037 est
2373 995 2559 1037 uerus
2589 976 2753 1054 colo,
2783 977 2981 1040 ducor
3010 977 3088 1038 ad
3109 996 3256 1058 poe·

648 1102 825 1158 nam3
862 1101 993 1144 non
1037 1082 1207 1163 legia,
1237 1083 1350 1144 sed
1369 1083 1588 1144 iudicis
1607 1085 1929 1145 uoluntate
1950 1083 2357 1145 condemnor.
2414 1104 2466 1163 3.
2502 1085 2800 1165 propheta
2821 1085 3040 1146 clamat
3071 1084 3257 1146 inter·

647 1190 924 1252 minans:
991 1191 1166 1252 Non
1216 1206 1332 1252 est
1377 1190 1513 1271 qui
1560 1191 1935 1271 anquirat
1978 1192 2241 1260 deum:
2304 1210 2541 1253 omne
2593 1190 3254 1258 declinauerunt,

647 1297 885 1359 simul
930 1298 1272 1360 inutiles
1318 1298 1512 1360 facti
1558 1316 1764 1361 sunt.
1830 1299 1973 1361 ideo
2018 1317 2282 1380 purgare
2316 1315 2376 1360 te
2407 1319 2540 1361 non
2572 1315 2775 1381 potes,
2839 1297 3136 1378 scriptum
3167 1311 3258 1357 est

647 1405 847 1466 enim:
894 1405 1169 1467 Omnis
1213 1405 1290 1466 in
1337 1425 1493 1486 quo
1540 1406 1879 1482 iudicat,
1927 1406 2038 1467 sic
2080 1421 2155 1467 et
2200 1405 2724 1468 iudicabitur.
2760 1405 3113 1467 etiterum:
3166 1404 3258 1465 Vt

646 1511 994 1586 iudicas,
1039 1513 1138 1574 sic
1183 1528 1256 1574 et
1288 1512 1807 1591 iudicaberiS,
1857 1529 1929 1573 et
1960 1528 2043 1574 ut
2073 1512 2304 1592 facia,
2339 1513 2451 1574 sic
2482 1528 2556 1575 et
2588 1513 2738 1575 erit
2768 1512 2936 1575 tibi.
3001 1532 3060 1590 4.
3097 1512 3255 1572 Mar-

644 1619 850 1682 tianus
877 1620 992 1684 ait:
1044 1621 1178 1702 Ego
1210 1640 1344 1682 non
1376 1640 1519 1681 sum
1552 1619 1756 1681 iussus
1787 1620 2074 1694 iudicare,
2107 1620 2217 1682 sed
2249 1639 2490 1701 cogere.
2556 1621 2725 1681 unde
2758 1620 2807 1680 si
2836 1617 3260 1693 contemseris,

646 1742 847 1788 certus
896 1742 1028 1789 esto
1073 1729 1156 1789 de
1207 1746 1429 1809 poena.
1494 1727 1811 1809 respondit
1861 1727 2187 1789 Aebutius:
2262 1728 2339 1789 Et
2389 1727 2541 1790 mihi
2592 1741 2992 1808 praeceptum
3039 1741 3131 1786 est
3178 1743 3258 1786 ne

645 1835 902 1914 quando
946 1834 1136 1896 deum
1177 1853 1393 1896 meum
1421 1853 1668 1916 negem.
1731 1833 1783 1894 si
1811 1834 2010 1896 seruis
2041 1834 2284 1896 homini
2319 1834 2514 1914 fragili
2549 1850 2733 1915 atque
2763 1832 2995 1895 carnali
3023 1832 3149 1894 cito
3180 1834 3258 1894 ab

643 1940 767 2001 hoc
795 1940 1046 2003 saeculo
1077 1960 1415 2020 recessuro,
1445 1960 1638 2022 quem
1674 1961 1819 2003 mox
1852 1962 1887 2002 a
1919 1940 2235 2001 uermibus
2268 1939 2385 2001 scis
2417 1939 2755 2017 edendum,
2788 1953 3030 2020 quanto
3063 1937 3260 2019 magis

644 2065 763 2128 ego
809 2049 1237 2129 potentissimo
1285 2049 1406 2110 deo
1453 2048 1703 2111 obedire
1748 2048 1965 2125 debe0,
2013 2047 2191 2109 cuius
2236 2046 2441 2108 uirtus
2484 2061 2724 2109 constat
2768 2046 2835 2108 in
2866 2045 3148 2110 saecula?
3199 2058 3260 2105 et

642 2154 820 2216 cuius
851 2155 1006 2217 illud
1037 2172 1129 2218 est
1157 2156 1426 2218 dictum:
1489 2155 1649 2230 Qui
1695 2174 1811 2216 me
1858 2153 2388 2234 denegauerit
2432 2172 2703 2216 coram
2755 2152 3259 2228 hominibus,

643 2277 714 2322 et
745 2280 890 2341 ego
921 2262 1338 2344 denegabo
1369 2281 1544 2324 eum
1578 2281 1841 2325 coram
1875 2277 2096 2343 patre
2127 2281 2333 2339 meo,
2366 2261 2495 2342 qui
2529 2261 2752 2324 estin
2789 2260 3058 2337 caelis,
3092 2278 3255 2323 cum

645 2389 941 2433 uenero
1017 2372 1092 2433 in
1155 2370 1415 2451 gloria
1477 2386 1549 2430 et
1611 2369 1915 2431 uirtute
1978 2368 2389 2449 praedicta
2455 2367 2820 2430 iudicare
2884 2368 3124 2429 uiuos
3186 2380 3258 2427 et

644 2496 764 2538 mo
778 2496 809 2536 r
824 2494 847 2538 t
863 2497 905 2539 u
923 2496 963 2538 o
980 2499 1026 2538 s.

856 2584 952 2645 IV.
1004 2584 1342 2647 Martianus
1386 2584 1498 2646 ait:
1546 2582 1742 2659 Quod
1773 2583 2008 2644 discere
2040 2601 2285 2663 semper
2315 2583 2623 2662 optabam,
2658 2595 2904 2663 repente
2937 2577 3260 2642 confessus

640 2710 707 2751 es
737 2710 1006 2753 errorem
1042 2706 1280 2753 uestrae
1313 2689 1733 2773 persuasionis
1761 2705 1824 2751 et
1854 2690 2025 2769 legis.
2084 2688 2271 2751 habet
2300 2707 2469 2769 ergo,
2511 2703 2578 2751 ut
2609 2688 2783 2766 dicis,
2828 2686 3029 2750 filium
3058 2687 3256 2749 deus?

641 2798 956 2879 respondit
987 2799 1315 2860 Acbatius:
1352 2799 1569 2860 Habet.
1638 2818 1693 2859 2.
1742 2797 2080 2859 Martianus
2112 2798 2224 2858 ait:
2262 2795 2425 2872 Quis
2456 2811 2544 2857 est
2577 2795 2740 2859 filius
2770 2795 2908 2859 dei?
2942 2794 3259 2876 respondit

643 2903 970 2967 Achatius:
1005 2904 1282 2967 Verbum
1315 2904 1585 2966 ueritatis
1613 2921 1677 2966 et
1705 2905 1952 2987 gratiae.
1991 2924 2046 2984 3.
2073 2902 2414 2966 Martianus
2446 2902 2561 2964 ait:
2599 2903 2737 2965 Hoc
2768 2903 2951 2965 habet
2982 2907 3253 2965 nomen?

642 3012 959 3092 respondit
994 3010 1318 3073 Achatius:
1371 3012 1513 3072 Non
1559 3011 1635 3072 de
1688 3010 1946 3072 nomine
1976 3011 2488 3093 interrogaueras‚
2522 3009 2633 3071 sed
2664 3010 2742 3071 de
2774 3010 2902 3090 ipsa
2937 3008 3045 3071 filii
3080 3023 3254 3090 pote-

533 3141 583 3184 25
640 3133 808 3179 state.
870 3139 932 3197 4.
972 3119 1311 3180 Martianus
1343 3118 1456 3179 ait:
1504 3119 1753 3179 Nomen
1781 3118 2061 3199 explana.
2093 3135 2341 3180 sanctus
2372 3116 2674 3180 Achatius
2706 3117 3053 3198 respondit:
3088 3117 3256 3178 lesus

532 3675 584 3719 30

529 4210 578 4253 35

643 3224 925 3287 Christus
946 3241 1222 3287 uocatur.
1265 3247 1318 3305 5.
1343 3225 1680 3286 Martianus
1700 3226 1807 3287 ait:
1844 3227 1933 3287 Ex
1953 3246 2075 3306 qua
2097 3226 2196 3288 dei
2219 3245 2410 3287 uxore
2424 3241 2765 3305 conceptus
2783 3230 2904 3287 est?
2937 3223 3254 3306 respondit

641 3348 891 3394 sanctus
923 3333 1253 3394 Achatius:
1293 3333 1437 3393 Non
1469 3333 1806 3394 hominum
1839 3352 2013 3394 more
2031 3334 2189 3395 deus
2209 3332 2406 3394 filium
2430 3353 2504 3393 ex
2526 3331 2815 3393 muliebri
2833 3332 3000 3394 coitu
3022 3331 3252 3411 genuit,

640 3440 748 3500 sed
783 3441 981 3501 Adam
1017 3440 1286 3522 primum
1319 3441 1560 3500 dextera
1591 3459 1702 3501 sua
1736 3440 1994 3502 faciente
2027 3441 2338 3503 formauit.
2387 3460 2531 3502 nam
2569 3440 2725 3501 absit
2758 3455 2825 3500 ut
2856 3455 2923 3501 tu
2957 3438 3253 3503 maiestati

639 3547 890 3609 diuinae
934 3562 1289 3609 contactum
1337 3548 1577 3629 puellae
1625 3548 1900 3609 mortalis
1934 3548 2222 3609 affirmes.
2286 3549 2421 3610 luto
2457 3548 2639 3630 primi
2673 3548 2946 3609 hominis
2978 3548 3253 3608 membra

639 3654 1008 3736 composuit,
1040 3671 1100 3716 et
1135 3655 1240 3716 ubi
1273 3656 1576 3735 integram
1610 3656 1729 3715 iam
1764 3655 2185 3736 compleuerat
2214 3655 2508 3738 effigiem,
2545 3656 2822 3718 animam
2841 3654 3251 3736 spiritumque

637 3762 956 3825 concessit.
1017 3762 1103 3822 sic
1152 3778 1210 3822 et
1260 3762 1424 3823 filius
1475 3762 1575 3823 dei
1619 3764 1887 3823 uerbum
1935 3762 2206 3824 ueritatis
2251 3783 2325 3824 ex
2370 3763 2469 3824 dei
2518 3763 2706 3825 corde
2741 3762 3052 3844 processit.
3113 3761 3253 3823 ideo

637 3868 933 3949 scriptum
965 3884 1085 3929 est:
1154 3868 1578 3931 Eructauit
1624 3888 1755 3930 cor
1788 3887 2043 3930 meum
2076 3872 2410 3931 uerbum
2444 3872 2756 3932 bonum.
2821 3870 2880 3931 6.
2914 3868 3255 3930 Martianus

636 3976 749 4036 ait:
786 3976 1141 4057 Corporalis
1173 3976 1357 4055 igitur
1388 3975 1542 4036 deus
1576 3980 1702 4038 est?
1735 3976 2034 4037 Achatius
2053 3977 2236 4038 dixit:
2271 3977 2394 4058 Ipsi
2425 3978 2597 4039 solus
2629 3976 2930 4055 agnoscit,
2963 3994 3079 4037 nos
3101 3995 3253 4036 uero

636 4101 766 4143 non
801 4082 1241 4162 cognoscimus
1271 4082 1649 4144 inuisibilem
1681 4083 1966 4161 formam,
2018 4085 2124 4145 sed
2157 4084 2453 4145 uirtutem
2496 4084 2963 4166 potentiamque
2996 4101 3249 4144 uenera-

633 4207 797 4250 mur.
832 4210 889 4256 7.
914 4189 1262 4250 Martianus
1286 4189 1402 4250 ait:
1439 4190 1504 4251 Si
1537 4190 1602 4251 in
1635 4210 1892 4272 corpore
1924 4210 2054 4252 non
2084 4207 2194 4270 est,
2230 4192 2410 4252 etiam
2454 4191 2654 4252 cordis
2685 4190 2936 4269 ignarus
2966 4205 3075 4252 est.
3110 4208 3253 4251 nam

634 4315 855 4357 sensus
888 4315 1016 4357 non
1050 4298 1250 4376 potest
1282 4316 1411 4358 esse
1444 4297 1575 4358 sine
1608 4298 1922 4359 membris.
1958 4298 2275 4379 respondit
2294 4298 2623 4359 Achatius:
2661 4298 2805 4359 Non
2837 4298 2902 4358 in
2937 4297 3034 4358 his
3054 4316 3252 4358 mem—

636 4402 759 4464 bris
790 4402 1088 4484 sapientia
1121 4404 1408 4481 nascitur,
1445 4405 1556 4464 sed
1589 4426 1622 4465 a
1656 4405 1775 4465 deo
1810 4405 2007 4465 datur.
2075 4405 2226 4485 quid
2261 4424 2410 4486 ergo
2448 4405 2711 4486 pertinet
2738 4423 2968 4486 corpus
3000 4406 3076 4466 ad
3110 4422 3251 4465 sen-

634 4515 813 4572 sum?
858 4512 914 4571 8.
950 4511 1292 4571 Martianus
1325 4511 1439 4572 ait:
1474 4512 1896 4593 Cataphryges
1928 4512 2147 4594 aspice,
2180 4512 2467 4573 homines
2501 4512 2813 4591 religionis
2834 4512 3141 4593 antiquae,
3174 4512 3248 4572 ad

637 4636 775 4679 mea
821 4636 985 4678 sacra
1021 4636 1360 4678 conuersos
1393 4618 1708 4699 reliquisse
1740 4637 1901 4698 quae
1935 4619 2196 4697 fuerant,
2229 4635 2289 4680 et
2322 4618 2651 4680 nobiscum
2684 4619 2802 4680 diis
2835 4634 2981 4681 uota
3015 4617 3246 4700 persol-

634 4743 813 4785 uere:
850 4741 907 4786 et
938 4741 1004 4785 tu
1037 4724 1314 4786 similiter
1347 4745 1559 4806 parere
1594 4724 1829 4787 festina.
1863 4745 2087 4788 omnes
2107 4726 2435 4787 catholicae
2457 4725 2608 4806 legis
2628 4726 2846 4807 collige
2867 4726 3252 4789 Christianos

635 4849 691 4893 et
724 4851 867 4892 cum
904 4832 997 4892 his
1029 4832 1387 4914 religionem
1425 4832 1615 4894 nostri
1649 4834 2034 4915 imperatoris
2068 4834 2347 4896 adtende.
2413 4834 2625 4895 ueniat
2655 4850 2861 4896 tecum
2894 4834 3102 4895 omnis
3135 4853 3248 4914 po-

637 4938 839 5020 pulna,
859 4959 932 4999 ex
953 4955 1063 5000 tuo
1082 4941 1309 5021 pendet
1326 4939 1590 5001 arbitrio.
1627 4961 1684 5019 9.
1707 4941 2027 5023 respondit
2047 4941 2371 5004 Achatius:
2408 4941 2496 5003 llli
2517 4961 2739 5003 omnes
2757 4962 2888 5004 non
2910 4960 3052 5003 meo
3073 4957 3250 5023 nutu,
