3684 5416
377 1508 426 1541 to

380 2042 426 2088 ¹⁵

378 3111 429 3156 ³5

381 3642 436 3689 30

383 4177 433 4222 35

1474 324 1740 380 Pontifex
1778 342 2074 380 romanus·
2986 342 3093 396 447

687 521 717 582 ς
775 528 869 578 ι7.
931 510 1026 587 Et,
1078 510 1127 570 si
1183 508 1477 571 vicarium
1533 507 1842 571 Pontificis
1889 509 1951 570 in
1995 509 2155 570 alma
2191 509 2358 572 Urbe
2404 508 2663 589 eiusque
2709 508 2982 570 districtu
3031 509 3093 569 in

479 617 895 700 spiritualibus
940 616 1314 696 generalem,
1362 615 1520 677 Sede
1566 631 1838 692 vacante,
1874 635 1906 675 e
1942 614 2091 676 vivis
2126 635 2382 695 quoque
2418 615 2716 677 decedere
2749 615 3092 694 contigerit,

479 744 556 785 ne
602 725 845 786 animae
892 721 1384 785 christifidelium
1417 721 1603 785 Urbis
1634 742 1704 783 ac
1736 722 2044 783 districtus
2080 722 2498 803 praefatorum
2531 722 2784 802 aliquod
2818 722 2961 783 inde
2994 740 3093 782 ac-

482 831 712 913 cipiant
761 831 826 892 in
876 830 1024 912 ipsis
1070 829 1486 911 spiritualibus
1533 828 1991 906 detrimentum,
2026 844 2175 889 tunc
2208 828 2488 890 existenti
2521 827 2922 907 vicesgerenti
2954 827 3096 889 dicti

480 937 702 1015 vicarii,
749 937 1049 1017 quamdiu
1085 935 1276 997 Sedes
1308 936 1623 1016 vacaverit,
1657 955 1880 997 omnes
1914 951 1972 996 et
2003 934 2277 1014 singulas
2310 935 2638 1013 facultates,
2671 934 3093 996 auctoritatem

482 1058 538 1103 et
570 1056 951 1123 potestatem,
998 1060 1157 1121 quae
1192 1040 1395 1101 eidem
1428 1040 1651 1101 vicario
1685 1060 1799 1121 pro
1832 1039 2117 1102 exercitio
2157 1039 2346 1101 officii
2382 1040 2703 1101 vicariatus
2735 1040 3095 1120 quomodo-

478 1147 621 1209 libet
672 1151 1122 1229 competebant,
1172 1166 1455 1228 quasque
1489 1147 1770 1209 Pontifex
1822 1146 1975 1228 ipse,
2009 1163 2370 1207 occurrente
2404 1147 2721 1208 vacatione
2755 1145 3094 1222 vicariatus,

477 1256 635 1320 Sede
683 1254 883 1337 plena,
932 1254 1328 1334 vicesgerenti
1377 1254 1689 1335 praedicto
1734 1256 2114 1334 quandoque
2148 1272 2256 1335 per
2286 1253 2539 1334 aliquod
2572 1270 2838 1335 tempuS,
2885 1253 3096 1314 donec

477 1362 702 1423 scilicet
720 1381 1138 1424 successorem
1160 1362 1458 1423 vicariurn
1480 1362 1879 1442 deputaverit,
1900 1362 2229 1423 attribuere
2249 1363 2423 1436 solet,
2448 1376 2659 1422 tenore
2680 1361 3096 1444 praesentium

479 1469 880 1531 concedimus
913 1489 981 1531 ac
1014 1468 1416 1550 impartimur.

694 1585 723 1645 s
782 1579 874 1638 ι8.
941 1575 1306 1638 lnferiorum
1358 1595 1612 1656 quoque
1662 1575 2082 1654 ecclesiarum,
2131 1574 2484 1657 praesertim
2531 1574 2673 1636 Sedi
2705 1574 3097 1656 Apostolicae

483 1683 833 1744 immediate
865 1682 1302 1762 subjectarum,
1337 1681 1817 1761 necessitatibus,
1852 1702 2015 1763 quae
2050 1680 2209 1743 Sede
2244 1698 2491 1743 vacante
2513 1698 2864 1754 occurrunt,
2893 1680 3097 1760 aliqua

480 1789 715 1851 ratione
761 1788 1088 1850 subvenire
1136 1789 1478 1870 cupientes,
1525 1807 1671 1849 cum
1716 1806 1848 1848 non
1888 1807 2023 1848 raro
2073 1807 2181 1868 per
2213 1787 2549 1849 catholicos
2583 1787 2907 1869 praecipue
2941 1787 3096 1848 anti-

483 1896 648 1958 stites
683 1913 738 1956 et
770 1895 1058 1958 locorum
1090 1894 1471 1973 ordinarios,
1506 1895 1735 1956 aliosve
1769 1893 2211 1972 christifideleS,
2264 1894 2632 1954 instantibus
2664 1910 2769 1954 aut
2801 1894 3098 1973 ingruen-

481 2004 645 2064 tibus
691 2003 799 2064 illo
845 2018 1123 2083 tempore
1172 2003 1348 2063 dictis
1379 2002 1777 2063 inferioribus
1810 2000 2077 2062 ecclesiis
2109 2000 2204 2061 vel
2237 2001 2381 2061 alias
2415 2000 2500 2061 rei
2533 2000 2969 2061 ecclesiasticae
3002 2001 3100 2061 in-

482 2109 847 2183 commodis,
894 2123 1326 2190 opportunum
1373 2124 1863 2190 promptumque
1908 2129 1939 2168 a
1985 2106 2251 2186 collegio
2298 2105 2706 2168 cardinalium
2755 2106 3101 2185 requiratur

481 2215 841 2292 remedium,
873 2216 1048 2296 quod
1071 2215 1365 2291 Pontifex,
1385 2216 1433 2276 si
1454 2216 1710 2292 adesset,
1736 2215 1889 2275 ferre
1921 2213 2178 2275 minime
2212 2212 2747 2294 praetermitteret:
2783 2211 3096 2290 volumus,

486 2338 573 2400 ut,
606 2322 656 2383 si
689 2342 785 2383 res
815 2322 950 2383 talis
983 2322 1058 2383 sit
1091 2342 1250 2403 quae
1284 2322 1347 2383 in
1380 2321 1544 2382 aliud
1581 2338 1826 2402 tempus
1861 2319 2088 2381 differri
2135 2320 2345 2395 valeat,
2394 2319 2607 2380 futuro
2645 2317 2924 2379 Pontifici
2960 2338 3098 2380 om-

488 2428 640 2489 nino
690 2443 1060 2500 reservetur;
1114 2429 1209 2491 sin
1254 2444 1459 2490 autem
1509 2428 1742 2489 nullam
1790 2427 2066 2488 admittat
2112 2445 2372 2504 moram,
2419 2441 2569 2486 tunc
2601 2425 2802 2485 eidem
2837 2424 3100 2504 collegio

486 2536 907 2612 concedimus,
956 2553 1022 2596 ut
1069 2536 1451 2597 committere
1498 2535 1688 2617 possit
1722 2535 2047 2613 negotium
2082 2532 2390 2615 praefecto
2422 2548 2480 2593 et
2510 2532 2770 2612 aliquod
2803 2531 2936 2592 aliis
2969 2550 3099 2593 car-

488 2644 795 2705 dinalibus
842 2643 974 2704 eius
1007 2644 1542 2724 CongregationiS,
1590 2643 1669 2704 ad
1700 2662 1889 2725 quam
1925 2641 2204 2704 Pontifex
2237 2642 2390 2703 illud
2424 2641 2911 2703 examinandum
2943 2641 3100 2702 veri·

483 2751 757 2813 similiter
801 2751 1153 2824 remisisset;
1204 2752 1334 2831 qui,
1384 2751 1636 2830 negotio
1682 2765 1961 2812 accurate
2009 2749 2308 2828 discuss0,
2356 2770 2425 2811 ea
2456 2750 2719 2829 desuper
2752 2750 3099 2828 decernant,

487 2879 596 2941 per
645 2860 909 2920 modum
959 2875 1168 2920 tamen
1218 2858 1604 2939 provisionis,
1657 2859 1861 2920 donec
1915 2857 2212 2919 nimirum
2264 2857 2522 2937 eligatur
2574 2856 2887 2935 Pontifex,
2941 2877 3101 2937 quae

488 2967 650 3028 iuxta
700 2967 903 3027 datam
950 2964 1062 3024 sibi
1110 2986 1142 3024 a
1192 2964 1471 3025 Domino
1519 2964 1909 3045 prudentiam
1943 2963 2181 3025 iuribus
2215 2978 2274 3023 et
2308 2963 2649 3024 rationibus
2682 2963 3102 3024 ecclesiasticis

487 3072 906 3136 custodiendis
938 3094 1006 3134 ac
1038 3073 1284 3136 tuendis
1318 3090 1454 3155 apta
1488 3090 1548 3135 et
1580 3090 1995 3134 consentanea
2024 3072 2395 3134 censuerint.

700 3191 729 3251 S
775 3204 866 3261 ¹9·
914 3182 988 3242 Et
1021 3181 1187 3262 quia,
1222 3181 1381 3245 Sede
1415 3196 1683 3259 vacante,
1719 3181 1872 3257 eius,
1908 3178 2015 3260 qui
2048 3198 2283 3240 munus
2318 3177 2615 3240 auditoris
2638 3178 2912 3239 defuncti
2937 3179 3101 3239 Pon-

487 3288 661 3350 tificis
694 3288 923 3366 obibat,
960 3287 1141 3368 plane
1173 3288 1404 3369 expirat
1437 3285 1792 3364 iurisdictio,
1817 3285 2092 3365 indeque
2115 3285 2389 3364 plurium
2409 3302 2738 3344 causarum
2763 3283 3102 3345 forensium

487 3395 796 3456 audientia
830 3415 897 3456 ac
931 3395 1189 3457 iustitiae
1222 3414 1457 3471 cursus,
1492 3413 1622 3456 non
1654 3394 1785 3455 sine
1818 3392 2055 3472 ingenti
2086 3392 2425 3451 identidem
2460 3390 2832 3471 litigantium
2856 3390 3105 3466 iactura,

489 3503 944 3585 impediuntur:
996 3523 1108 3585 pro
1141 3518 1419 3585 ternpore
1454 3500 1731 3562 existenti
1765 3498 2033 3561 auditori
2063 3498 2410 3578 signaturae
2432 3497 2708 3573 iustitiae,
2729 3495 2923 3569 cuius,
2950 3496 3105 3555 dum

489 3609 893 3671 cardinalatus
926 3610 1220 3689 dignitate
1254 3608 1660 3688 fulgebamuS,
1697 3605 2137 3687 praefecturam
2157 3603 2483 3683 gessimuS‚
2507 3601 2868 3662 earumdem
2890 3616 3104 3661 tenore

490 3716 909 3796 praesentium
941 3716 1391 3777 committimus
1423 3732 1480 3775 et
1512 3714 1905 3788 mandamuS,
1949 3713 2160 3772 dantes
2194 3709 2248 3770 ei
2280 3709 2355 3769 ad
2390 3710 2511 3769 hoc
2542 3706 2856 3768 facultates
2889 3727 3103 3769 neces-

490 3824 677 3885 sarias
709 3841 766 3885 et
800 3840 1206 3905 opportunas,
1238 3838 1306 3884 ut
1339 3822 1654 3885 citationes
1688 3837 1745 3882 et
1780 3839 2077 3896 recursus,
2111 3818 2219 3898 qui
2255 3834 2464 3878 coram
2484 3816 2765 3876 auditore
2788 3814 3106 3876 Pontificis

492 3930 767 3992 defuncti
800 3946 954 3992 tunc
988 3932 1256 4013 pendere
1290 3929 1687 4011 reperientur,
1723 3943 1908 4009 prout
1942 3927 2089 3987 iuris
2125 3925 2322 4002 fuerit,
2359 3922 2656 4004 expediat.

704 4047 733 4107 s
773 4057 872 4100 20.
923 4039 1222 4100 Camerae
1267 4036 1658 4118 Apostolicae
1705 4033 2057 4114 dispendiis,
2108 4049 2414 4113 quantum
2447 4028 2576 4091 fieri
2610 4043 2826 4109 potest,
2860 4027 3106 4088 obviare

489 4160 798 4225 praeterea
832 4145 1170 4227 cupientes,
1205 4145 1684 4225 chirographum
1718 4141 1907 4201 felicis
1929 4138 2372 4202 recordationis
2394 4135 2727 4198 Alexandri
2753 4136 2948 4215 Papae
2976 4133 3104 4194 VIII

494 4252 974 4334 praedecessoris
1008 4253 1191 4312 etiam
1227 4252 1435 4328 nostri,
1466 4270 1655 4331 super
1687 4248 2111 4310 moderatione
2147 4262 2557 4326 expensarum
2579 4242 2736 4303 Sede
2758 4257 3006 4301 vacante
3040 4259 3109 4299 ac

495 4359 730 4420 ratione
793 4358 1100 4420 conclavis
1162 4358 1600 4434 faciendarum,
1666 4356 1764 4417 die
1816 4354 2019 4416 XXIX
2073 4351 2427 4427 novembris
2491 4348 2792 4412 MDCXC
2854 4348 3106 4419 editum,

494 4465 730 4527 etiamsi
762 4467 1019 4526 antehac
1053 4464 1397 4526 executioni
1434 4482 1888 4544 usquequaque
1922 4459 2367 4521 demandatum
2401 4477 2531 4519 non
2567 4456 2767 4532 fuerit,
2803 4455 2867 4515 in
2901 4454 3106 4515 omni-

494 4573 610 4633 bus
657 4589 715 4633 et
766 4591 873 4653 per
922 4572 1134 4632 omnia
1181 4590 1339 4650 quae
1381 4569 1800 4650 praesentibus
1839 4567 2053 4627 itidem
2086 4585 2155 4625 ac
2187 4564 2603 4645 chirographo
2637 4583 2745 4643 per
2778 4581 2893 4622 nos
2925 4560 3107 4620 etiam

491 4698 557 4741 ut
589 4680 769 4757 infra,
805 4679 1048 4740 edendo
1083 4697 1213 4739 non
1246 4677 1660 4759 adversantur,
1692 4672 1919 4734 servari
1953 4670 2379 4753 praecipimus

702 4796 730 4857 s
768 4807 868 4848 21.
916 4787 1172 4867 Insuper
1218 4783 1390 4845 iustis
1435 4800 1490 4843 et
1539 4779 2002 4842 rationabilibus
2049 4778 2246 4839 causis
2294 4777 2473 4838 nobis
2507 4776 2666 4838 notis
2699 4774 3107 4853 animumque

492 4911 846 4956 nostrorum
899 4890 1291 4955 moventibus
1337 4889 1602 4966 adducti,
1644 4887 1926 4950 officium
1957 4885 2387 4965 gubernatoris
2415 4883 2742 4960 conclaviS,
2779 4901 2846 4942 ac
2880 4880 3106 4941 utrius·
