<?xml version="1.0" encoding="UTF-8"?>
<!DOCTYPE html PUBLIC "-//W3C//DTD XHTML 1.0 Transitional//EN"
    "http://www.w3.org/TR/xhtml1/DTD/xhtml1-transitional.dtd">
<html xmlns="http://www.w3.org/1999/xhtml" xml:lang="en" lang="en">
 <head>
  <title>
</title>
<meta http-equiv="Content-Type" content="text/html;charset=utf-8" />
  <meta name='ocr-system' content='tesseract 3.04.00' />
  <meta name='ocr-capabilities' content='ocr_page ocr_carea ocr_par ocr_line ocrx_word'/>
</head>
<body>
  <div class='ocr_page' id='page_1' title='image "./fontesiuriscano00unkngoog/fontesiuriscano00unkngoog_0523.png"; bbox 0 0 3684 5416; ppageno 0'>
   <div class='ocr_carea' id='block_1_1' title="bbox 362 1535 410 1568">
    <p class='ocr_par' dir='ltr' id='par_1_1' title="bbox 362 1535 410 1568">
     <span class='ocr_line' id='line_1_1' title="bbox 362 1535 410 1568; baseline -0.042 0"><span class='ocrx_word' id='word_1_1' title='bbox 362 1535 410 1568; x_wconf 85' lang='lat'>10</span> 
     </span>
    </p>
   </div>
   <div class='ocr_carea' id='block_1_2' title="bbox 360 2140 405 2183">
    <p class='ocr_par' dir='ltr' id='par_1_2' title="bbox 360 2140 405 2183">
     <span class='ocr_line' id='line_1_2' title="bbox 360 2140 405 2183; baseline 0 0"><span class='ocrx_word' id='word_1_2' title='bbox 360 2140 405 2183; x_wconf 81' lang='lat'>¹5</span> 
     </span>
    </p>
   </div>
   <div class='ocr_carea' id='block_1_3' title="bbox 355 2727 409 2759">
    <p class='ocr_par' dir='ltr' id='par_1_3' title="bbox 355 2727 409 2759">
     <span class='ocr_line' id='line_1_3' title="bbox 355 2727 409 2759; baseline -0.056 0"><span class='ocrx_word' id='word_1_3' title='bbox 355 2727 409 2759; x_wconf 83' lang='lat'>20</span> 
     </span>
    </p>
   </div>
   <div class='ocr_carea' id='block_1_4' title="bbox 354 3260 405 3302">
    <p class='ocr_par' dir='ltr' id='par_1_4' title="bbox 354 3260 405 3302">
     <span class='ocr_line' id='line_1_4' title="bbox 354 3260 405 3302; baseline 0 0"><span class='ocrx_word' id='word_1_4' title='bbox 354 3260 405 3302; x_wconf 81' lang='lat'>²5</span> 
     </span>
    </p>
   </div>
   <div class='ocr_carea' id='block_1_5' title="bbox 353 3792 407 3835">
    <p class='ocr_par' dir='ltr' id='par_1_5' title="bbox 353 3792 407 3835">
     <span class='ocr_line' id='line_1_5' title="bbox 353 3792 407 3835; baseline 0 -11"><span class='ocrx_word' id='word_1_5' title='bbox 353 3792 407 3835; x_wconf 76' lang='lat'>30</span> 
     </span>
    </p>
   </div>
   <div class='ocr_carea' id='block_1_6' title="bbox 354 4326 402 4369">
    <p class='ocr_par' dir='ltr' id='par_1_6' title="bbox 354 4326 402 4369">
     <span class='ocr_line' id='line_1_6' title="bbox 354 4326 402 4369; baseline 0 0"><span class='ocrx_word' id='word_1_6' title='bbox 354 4326 402 4369; x_wconf 76' lang='lat'>35</span> 
     </span>
    </p>
   </div>
   <div class='ocr_carea' id='block_1_7' title="bbox 1529 364 3076 440">
    <p class='ocr_par' dir='ltr' id='par_1_7' title="bbox 1529 364 3076 440">
     <span class='ocr_line' id='line_1_7' title="bbox 1529 364 3076 440; baseline 0.001 -20"><span class='ocrx_word' id='word_1_7' title='bbox 1529 364 1700 420; x_wconf 81' lang='lat' dir='ltr'>Curia</span> <span class='ocrx_word' id='word_1_8' title='bbox 1741 381 2000 419; x_wconf 83' lang='lat' dir='ltr'>romana.</span> <span class='ocrx_word' id='word_1_9' title='bbox 2969 367 3076 440; x_wconf 88' lang='lat'>487</span> 
     </span>
    </p>
   </div>
   <div class='ocr_carea' id='block_1_8' title="bbox 1456 443 1773 449">
    <p class='ocr_par' dir='ltr' id='par_1_8' title="bbox 1456 443 1773 449">
     <span class='ocr_line' id='line_1_8' title="bbox 1456 443 1773 449; baseline 0 0"><span class='ocrx_word' id='word_1_10' title='bbox 1456 443 1773 449; x_wconf 95' lang='lat' dir='ltr'> </span> 
     </span>
    </p>
   </div>
   <div class='ocr_carea' id='block_1_9' title="bbox 1776 443 2080 448">
    <p class='ocr_par' dir='ltr' id='par_1_9' title="bbox 1776 443 2080 448">
     <span class='ocr_line' id='line_1_9' title="bbox 1776 443 2080 448; baseline 0 0"><span class='ocrx_word' id='word_1_11' title='bbox 1776 443 2080 448; x_wconf 95' lang='lat' dir='ltr'> </span> 
     </span>
    </p>
   </div>
   <div class='ocr_carea' id='block_1_10' title="bbox 462 547 3077 2018">
    <p class='ocr_par' dir='ltr' id='par_1_10' title="bbox 462 547 3077 2018">
     <span class='ocr_line' id='line_1_10' title="bbox 463 547 3073 633; baseline 0.002 -25"><span class='ocrx_word' id='word_1_12' title='bbox 463 568 649 629; x_wconf 88' lang='lat' dir='ltr'>quam</span> <span class='ocrx_word' id='word_1_13' title='bbox 688 547 804 609; x_wconf 88' lang='lat' dir='ltr'>nisi</span> <span class='ocrx_word' id='word_1_14' title='bbox 837 550 898 609; x_wconf 89' lang='lat' dir='ltr'>in</span> <span class='ocrx_word' id='word_1_15' title='bbox 932 549 1171 629; x_wconf 88' lang='lat' dir='ltr'>publica</span> <span class='ocrx_word' id='word_1_16' title='bbox 1206 549 1615 613; x_wconf 88' lang='lat' dir='ltr'>ordinatione.</span> <span class='ocrx_word' id='word_1_17' title='bbox 1684 549 1779 611; x_wconf 86' lang='lat' dir='ltr'>Fit</span> <span class='ocrx_word' id='word_1_18' title='bbox 1824 548 1992 611; x_wconf 89' lang='lat' dir='ltr'>enim</span> <span class='ocrx_word' id='word_1_19' title='bbox 2025 568 2362 612; x_wconf 89' lang='lat' dir='ltr'>conventus</span> <span class='ocrx_word' id='word_1_20' title='bbox 2397 551 2613 633; x_wconf 84' lang='lat' dir='ltr'>populi</span> <span class='ocrx_word' id='word_1_21' title='bbox 2646 567 2704 613; x_wconf 92' lang='lat' dir='ltr'>et</span> <span class='ocrx_word' id='word_1_22' title='bbox 2736 571 3073 633; x_wconf 85' lang='lat' dir='ltr'>congrega-</span> 
     </span>
     <span class='ocr_line' id='line_1_11' title="bbox 462 637 3073 739; baseline 0.001 -24"><span class='ocrx_word' id='word_1_23' title='bbox 462 657 549 716; x_wconf 90' lang='lat' dir='ltr'>tio</span> <span class='ocrx_word' id='word_1_24' title='bbox 584 655 936 733; x_wconf 82' lang='lat' dir='ltr'>regionum,</span> <span class='ocrx_word' id='word_1_25' title='bbox 972 656 1239 736; x_wconf 84' lang='lat' dir='ltr'>primum</span> <span class='ocrx_word' id='word_1_26' title='bbox 1276 658 1351 717; x_wconf 88' lang='lat' dir='ltr'>ad</span> <span class='ocrx_word' id='word_1_27' title='bbox 1386 637 1667 718; x_wconf 78' lang='lat' dir='ltr'>sanctum</span> <span class='ocrx_word' id='word_1_28' title='bbox 1704 656 2084 717; x_wconf 83' lang='lat' dir='ltr'>Adrianum:</span> <span class='ocrx_word' id='word_1_29' title='bbox 2135 673 2194 718; x_wconf 92' lang='lat' dir='ltr'>et</span> <span class='ocrx_word' id='word_1_30' title='bbox 2224 656 2369 718; x_wconf 85' lang='lat' dir='ltr'>inde</span> <span class='ocrx_word' id='word_1_31' title='bbox 2405 659 2600 739; x_wconf 87' lang='lat' dir='ltr'>pergit</span> <span class='ocrx_word' id='word_1_32' title='bbox 2634 658 2913 719; x_wconf 85' lang='lat' dir='ltr'>Pontifex</span> <span class='ocrx_word' id='word_1_33' title='bbox 2949 677 3073 720; x_wconf 87' lang='lat' dir='ltr'>una</span> 
     </span>
     <span class='ocr_line' id='line_1_12' title="bbox 462 763 3074 844; baseline 0.001 -22"><span class='ocrx_word' id='word_1_34' title='bbox 462 781 604 822; x_wconf 88' lang='lat' dir='ltr'>curn</span> <span class='ocrx_word' id='word_1_35' title='bbox 654 763 914 842; x_wconf 88' lang='lat' dir='ltr'>popu10,</span> <span class='ocrx_word' id='word_1_36' title='bbox 966 765 1362 844; x_wconf 76' lang='lat' dir='ltr'>praecedente</span> <span class='ocrx_word' id='word_1_37' title='bbox 1397 764 1578 824; x_wconf 89' lang='lat' dir='ltr'>solito</span> <span class='ocrx_word' id='word_1_38' title='bbox 1611 779 1926 844; x_wconf 87' lang='lat' dir='ltr'>apparatu,</span> <span class='ocrx_word' id='word_1_39' title='bbox 1963 764 2024 824; x_wconf 91' lang='lat' dir='ltr'>id</span> <span class='ocrx_word' id='word_1_40' title='bbox 2058 779 2146 823; x_wconf 89' lang='lat' dir='ltr'>est</span> <span class='ocrx_word' id='word_1_41' title='bbox 2179 783 2408 839; x_wconf 89' lang='lat' dir='ltr'>cruces,</span> <span class='ocrx_word' id='word_1_42' title='bbox 2443 765 2778 842; x_wconf 87' lang='lat' dir='ltr'>thuribula,</span> <span class='ocrx_word' id='word_1_43' title='bbox 2812 765 2906 825; x_wconf 88' lang='lat' dir='ltr'>vel</span> <span class='ocrx_word' id='word_1_44' title='bbox 2940 765 3074 842; x_wconf 89' lang='lat' dir='ltr'>tale,</span> 
     </span>
     <span class='ocr_line' id='line_1_13' title="bbox 464 870 3075 951; baseline 0 -21"><span class='ocrx_word' id='word_1_45' title='bbox 464 887 664 949; x_wconf 90' lang='lat' dir='ltr'>usque</span> <span class='ocrx_word' id='word_1_46' title='bbox 714 870 793 929; x_wconf 92' lang='lat' dir='ltr'>ad</span> <span class='ocrx_word' id='word_1_47' title='bbox 843 886 1114 931; x_wconf 82' lang='lat' dir='ltr'>sanctam</span> <span class='ocrx_word' id='word_1_48' title='bbox 1151 870 1407 932; x_wconf 89' lang='lat' dir='ltr'>Mariam</span> <span class='ocrx_word' id='word_1_49' title='bbox 1454 870 1532 930; x_wconf 89' lang='lat' dir='ltr'>ad</span> <span class='ocrx_word' id='word_1_50' title='bbox 1584 888 1960 951; x_wconf 83' lang='lat' dir='ltr'>praesepem.</span> <span class='ocrx_word' id='word_1_51' title='bbox 2027 871 2373 931; x_wconf 83' lang='lat' dir='ltr'>Accedente</span> <span class='ocrx_word' id='word_1_52' title='bbox 2410 870 2700 932; x_wconf 86' lang='lat' dir='ltr'>Pontifice</span> <span class='ocrx_word' id='word_1_53' title='bbox 2747 871 2824 931; x_wconf 90' lang='lat' dir='ltr'>ad</span> <span class='ocrx_word' id='word_1_54' title='bbox 2874 871 3075 949; x_wconf 90' lang='lat' dir='ltr'>altare,</span> 
     </span>
     <span class='ocr_line' id='line_1_14' title="bbox 463 975 3076 1057; baseline 0.001 -21"><span class='ocrx_word' id='word_1_55' title='bbox 463 975 673 1037; x_wconf 88' lang='lat' dir='ltr'>schola</span> <span class='ocrx_word' id='word_1_56' title='bbox 707 992 1032 1036; x_wconf 88' lang='lat' dir='ltr'>cantorum</span> <span class='ocrx_word' id='word_1_57' title='bbox 1064 976 1281 1057; x_wconf 90' lang='lat' dir='ltr'>repetit</span> <span class='ocrx_word' id='word_1_58' title='bbox 1311 975 1616 1050; x_wconf 83' lang='lat' dir='ltr'>letaniam,</span> <span class='ocrx_word' id='word_1_59' title='bbox 1649 975 1795 1036; x_wconf 88' lang='lat' dir='ltr'>dein</span> <span class='ocrx_word' id='word_1_60' title='bbox 1827 975 2168 1053; x_wconf 89' lang='lat' dir='ltr'>Introitum,</span> <span class='ocrx_word' id='word_1_61' title='bbox 2202 993 2258 1037; x_wconf 92' lang='lat' dir='ltr'>et</span> <span class='ocrx_word' id='word_1_62' title='bbox 2279 977 2562 1038; x_wconf 83' lang='lat' dir='ltr'>Pontifex</span> <span class='ocrx_word' id='word_1_63' title='bbox 2596 977 2754 1052; x_wconf 90' lang='lat' dir='ltr'>dicit,</span> <span class='ocrx_word' id='word_1_64' title='bbox 2789 978 3076 1039; x_wconf 84' lang='lat' dir='ltr'>Oremus.</span> 
     </span>
     <span class='ocr_line' id='line_1_15' title="bbox 464 1081 3076 1163; baseline 0 -20"><span class='ocrx_word' id='word_1_65' title='bbox 464 1099 522 1143; x_wconf 91' lang='lat' dir='ltr'>et</span> <span class='ocrx_word' id='word_1_66' title='bbox 554 1082 876 1159; x_wconf 87' lang='lat' dir='ltr'>diaconus,</span> <span class='ocrx_word' id='word_1_67' title='bbox 912 1081 1254 1143; x_wconf 84' lang='lat' dir='ltr'>Flectamus</span> <span class='ocrx_word' id='word_1_68' title='bbox 1276 1104 1502 1163; x_wconf 78' lang='lat' dir='ltr'>genua.</span> <span class='ocrx_word' id='word_1_69' title='bbox 1568 1083 1712 1144; x_wconf 91' lang='lat' dir='ltr'>Post</span> <span class='ocrx_word' id='word_1_70' title='bbox 1745 1082 2063 1144; x_wconf 85' lang='lat' dir='ltr'>collectam</span> <span class='ocrx_word' id='word_1_71' title='bbox 2098 1083 2369 1144; x_wconf 86' lang='lat' dir='ltr'>ascendit</span> <span class='ocrx_word' id='word_1_72' title='bbox 2402 1083 2594 1145; x_wconf 89' lang='lat' dir='ltr'>lector</span> <span class='ocrx_word' id='word_1_73' title='bbox 2626 1084 2688 1144; x_wconf 90' lang='lat' dir='ltr'>in</span> <span class='ocrx_word' id='word_1_74' title='bbox 2720 1086 3076 1160; x_wconf 84' lang='lat' dir='ltr'>ambonem,</span> 
     </span>
     <span class='ocr_line' id='line_1_16' title="bbox 464 1189 3075 1272; baseline 0 -22"><span class='ocrx_word' id='word_1_75' title='bbox 464 1205 522 1250; x_wconf 92' lang='lat' dir='ltr'>et</span> <span class='ocrx_word' id='word_1_76' title='bbox 568 1189 798 1250; x_wconf 87' lang='lat' dir='ltr'>elevata</span> <span class='ocrx_word' id='word_1_77' title='bbox 848 1208 999 1251; x_wconf 84' lang='lat' dir='ltr'>voce</span> <span class='ocrx_word' id='word_1_78' title='bbox 1046 1189 1191 1269; x_wconf 80' lang='lat' dir='ltr'>legit</span> <span class='ocrx_word' id='word_1_79' title='bbox 1237 1190 1567 1250; x_wconf 87' lang='lat' dir='ltr'>lectionem</span> <span class='ocrx_word' id='word_1_80' title='bbox 1614 1190 1690 1251; x_wconf 92' lang='lat' dir='ltr'>de</span> <span class='ocrx_word' id='word_1_81' title='bbox 1737 1206 1951 1270; x_wconf 83' lang='lat' dir='ltr'>quarta</span> <span class='ocrx_word' id='word_1_82' title='bbox 1985 1189 2148 1268; x_wconf 87' lang='lat' dir='ltr'>feria,</span> <span class='ocrx_word' id='word_1_83' title='bbox 2183 1206 2241 1251; x_wconf 93' lang='lat' dir='ltr'>et</span> <span class='ocrx_word' id='word_1_84' title='bbox 2273 1191 2552 1271; x_wconf 90' lang='lat' dir='ltr'>sequitur</span> <span class='ocrx_word' id='word_1_85' title='bbox 2583 1191 2848 1272; x_wconf 85' lang='lat' dir='ltr'>gradale.</span> <span class='ocrx_word' id='word_1_86' title='bbox 2917 1191 3075 1252; x_wconf 89' lang='lat' dir='ltr'>Dein</span> 
     </span>
     <span class='ocr_line' id='line_1_17' title="bbox 466 1296 3073 1379; baseline -0 -21"><span class='ocrx_word' id='word_1_87' title='bbox 466 1297 606 1358; x_wconf 90' lang='lat' dir='ltr'>dicit</span> <span class='ocrx_word' id='word_1_88' title='bbox 658 1296 966 1373; x_wconf 85' lang='lat' dir='ltr'>Pontifex,</span> <span class='ocrx_word' id='word_1_89' title='bbox 1022 1297 1329 1374; x_wconf 84' lang='lat' dir='ltr'>Dominus</span> <span class='ocrx_word' id='word_1_90' title='bbox 1374 1297 1701 1359; x_wconf 85' lang='lat' dir='ltr'>vobiscum.</span> <span class='ocrx_word' id='word_1_91' title='bbox 1786 1297 2104 1358; x_wconf 90' lang='lat' dir='ltr'>Diaconus</span> <span class='ocrx_word' id='word_1_92' title='bbox 2154 1314 2222 1358; x_wconf 92' lang='lat' dir='ltr'>ut</span> <span class='ocrx_word' id='word_1_93' title='bbox 2269 1317 2478 1379; x_wconf 87' lang='lat' dir='ltr'>supra.</span> <span class='ocrx_word' id='word_1_94' title='bbox 2565 1300 2708 1361; x_wconf 83' lang='lat' dir='ltr'>Post</span> <span class='ocrx_word' id='word_1_95' title='bbox 2757 1297 3073 1359; x_wconf 88' lang='lat' dir='ltr'>collectam</span> 
     </span>
     <span class='ocr_line' id='line_1_18' title="bbox 464 1403 3073 1484; baseline 0 -21"><span class='ocrx_word' id='word_1_96' title='bbox 464 1404 731 1465; x_wconf 89' lang='lat' dir='ltr'>ascendit</span> <span class='ocrx_word' id='word_1_97' title='bbox 763 1404 952 1464; x_wconf 88' lang='lat' dir='ltr'>lector</span> <span class='ocrx_word' id='word_1_98' title='bbox 987 1404 1050 1464; x_wconf 90' lang='lat' dir='ltr'>in</span> <span class='ocrx_word' id='word_1_99' title='bbox 1082 1404 1440 1481; x_wconf 87' lang='lat' dir='ltr'>ambonem,</span> <span class='ocrx_word' id='word_1_100' title='bbox 1475 1418 1534 1463; x_wconf 90' lang='lat' dir='ltr'>et</span> <span class='ocrx_word' id='word_1_101' title='bbox 1566 1403 1794 1465; x_wconf 84' lang='lat' dir='ltr'>elevata</span> <span class='ocrx_word' id='word_1_102' title='bbox 1826 1424 1980 1465; x_wconf 89' lang='lat' dir='ltr'>voce</span> <span class='ocrx_word' id='word_1_103' title='bbox 2013 1404 2159 1482; x_wconf 87' lang='lat' dir='ltr'>legit</span> <span class='ocrx_word' id='word_1_104' title='bbox 2194 1406 2440 1465; x_wconf 88' lang='lat' dir='ltr'>brevem</span> <span class='ocrx_word' id='word_1_105' title='bbox 2476 1405 2537 1464; x_wconf 88' lang='lat' dir='ltr'>in</span> <span class='ocrx_word' id='word_1_106' title='bbox 2560 1403 2815 1465; x_wconf 86' lang='lat' dir='ltr'>auribus</span> <span class='ocrx_word' id='word_1_107' title='bbox 2837 1403 3073 1484; x_wconf 89' lang='lat' dir='ltr'>populi,</span> 
     </span>
     <span class='ocr_line' id='line_1_19' title="bbox 463 1510 3074 1593; baseline -0.001 -22"><span class='ocrx_word' id='word_1_108' title='bbox 463 1510 546 1571; x_wconf 89' lang='lat' dir='ltr'>sic</span> <span class='ocrx_word' id='word_1_109' title='bbox 580 1510 1030 1572; x_wconf 89' lang='lat' dir='ltr'>continentem:</span> <span class='ocrx_word' id='word_1_110' title='bbox 1082 1510 1439 1591; x_wconf 79' lang='lat' dir='ltr'>Cognoscat</span> <span class='ocrx_word' id='word_1_111' title='bbox 1466 1512 1854 1589; x_wconf 83' lang='lat' dir='ltr'>fraternitas</span> <span class='ocrx_word' id='word_1_112' title='bbox 1885 1518 2111 1585; x_wconf 85' lang='lat' dir='ltr'>vestra,</span> <span class='ocrx_word' id='word_1_113' title='bbox 2144 1514 2291 1593; x_wconf 89' lang='lat' dir='ltr'>quia</span> <span class='ocrx_word' id='word_1_114' title='bbox 2325 1511 2416 1572; x_wconf 90' lang='lat' dir='ltr'>ill.</span> <span class='ocrx_word' id='word_1_115' title='bbox 2459 1518 2519 1571; x_wconf 83' lang='lat' dir='ltr'>et</span> <span class='ocrx_word' id='word_1_116' title='bbox 2548 1511 2638 1571; x_wconf 89' lang='lat' dir='ltr'>ill.</span> <span class='ocrx_word' id='word_1_117' title='bbox 2681 1517 2976 1572; x_wconf 85' lang='lat' dir='ltr'>vocantur</span> <span class='ocrx_word' id='word_1_118' title='bbox 3010 1512 3074 1569; x_wconf 84' lang='lat' dir='ltr'>in</span> 
     </span>
     <span class='ocr_line' id='line_1_20' title="bbox 464 1615 3075 1699; baseline 0 -23"><span class='ocrx_word' id='word_1_119' title='bbox 464 1617 582 1677; x_wconf 88' lang='lat' dir='ltr'>tali</span> <span class='ocrx_word' id='word_1_120' title='bbox 623 1619 850 1695; x_wconf 80' lang='lat' dir='ltr'>officio,</span> <span class='ocrx_word' id='word_1_121' title='bbox 913 1618 993 1678; x_wconf 87' lang='lat' dir='ltr'>Si</span> <span class='ocrx_word' id='word_1_122' title='bbox 1031 1619 1169 1697; x_wconf 84' lang='lat' dir='ltr'>quis</span> <span class='ocrx_word' id='word_1_123' title='bbox 1214 1615 1402 1676; x_wconf 79' lang='lat' dir='ltr'>habet</span> <span class='ocrx_word' id='word_1_124' title='bbox 1422 1622 1635 1677; x_wconf 84' lang='lat' dir='ltr'>contra</span> <span class='ocrx_word' id='word_1_125' title='bbox 1667 1615 1775 1676; x_wconf 82' lang='lat' dir='ltr'>hos</span> <span class='ocrx_word' id='word_1_126' title='bbox 1808 1618 1975 1677; x_wconf 84' lang='lat' dir='ltr'>viros</span> <span class='ocrx_word' id='word_1_127' title='bbox 2006 1617 2280 1698; x_wconf 83' lang='lat' dir='ltr'>aliquam</span> <span class='ocrx_word' id='word_1_128' title='bbox 2312 1617 2642 1699; x_wconf 86' lang='lat' dir='ltr'>qverelam,</span> <span class='ocrx_word' id='word_1_129' title='bbox 2675 1623 2848 1677; x_wconf 82' lang='lat' dir='ltr'>exeat</span> <span class='ocrx_word' id='word_1_130' title='bbox 2875 1616 3075 1694; x_wconf 84' lang='lat' dir='ltr'>confi-</span> 
     </span>
     <span class='ocr_line' id='line_1_21' title="bbox 465 1724 3075 1807; baseline -0.001 -22"><span class='ocrx_word' id='word_1_131' title='bbox 465 1725 677 1785; x_wconf 82' lang='lat' dir='ltr'>denter</span> <span class='ocrx_word' id='word_1_132' title='bbox 708 1732 968 1807; x_wconf 80' lang='lat' dir='ltr'>propter</span> <span class='ocrx_word' id='word_1_133' title='bbox 1001 1724 1207 1785; x_wconf 87' lang='lat' dir='ltr'>Deum</span> <span class='ocrx_word' id='word_1_134' title='bbox 1249 1731 1311 1784; x_wconf 86' lang='lat' dir='ltr'>et</span> <span class='ocrx_word' id='word_1_135' title='bbox 1349 1724 1679 1784; x_wconf 85' lang='lat' dir='ltr'>secundum</span> <span class='ocrx_word' id='word_1_136' title='bbox 1713 1724 1943 1797; x_wconf 86' lang='lat' dir='ltr'>Deum,</span> <span class='ocrx_word' id='word_1_137' title='bbox 1994 1730 2053 1782; x_wconf 87' lang='lat' dir='ltr'>et</span> <span class='ocrx_word' id='word_1_138' title='bbox 2080 1724 2262 1784; x_wconf 84' lang='lat' dir='ltr'>dicat.</span> <span class='ocrx_word' id='word_1_139' title='bbox 2326 1724 2569 1785; x_wconf 81' lang='lat' dir='ltr'>Memor</span> <span class='ocrx_word' id='word_1_140' title='bbox 2599 1727 2685 1784; x_wconf 82' lang='lat' dir='ltr'>sit</span> <span class='ocrx_word' id='word_1_141' title='bbox 2715 1730 2914 1784; x_wconf 83' lang='lat' dir='ltr'>tamen</span> <span class='ocrx_word' id='word_1_142' title='bbox 2948 1744 3075 1784; x_wconf 91' lang='lat' dir='ltr'>om-</span> 
     </span>
     <span class='ocr_line' id='line_1_22' title="bbox 464 1829 3077 1910; baseline 0 -20"><span class='ocrx_word' id='word_1_143' title='bbox 464 1833 609 1891; x_wconf 85' lang='lat' dir='ltr'>nino</span> <span class='ocrx_word' id='word_1_144' title='bbox 659 1834 1104 1892; x_wconf 83' lang='lat' dir='ltr'>communionis</span> <span class='ocrx_word' id='word_1_145' title='bbox 1154 1852 1314 1894; x_wconf 76' lang='lat' dir='ltr'>suae.</span> <span class='ocrx_word' id='word_1_146' title='bbox 1378 1831 1572 1906; x_wconf 91' lang='lat' dir='ltr'>Quod</span> <span class='ocrx_word' id='word_1_147' title='bbox 1622 1831 1671 1891; x_wconf 94' lang='lat' dir='ltr'>si</span> <span class='ocrx_word' id='word_1_148' title='bbox 1726 1830 1937 1891; x_wconf 88' lang='lat' dir='ltr'>nullus</span> <span class='ocrx_word' id='word_1_149' title='bbox 1983 1831 2396 1892; x_wconf 84' lang='lat' dir='ltr'>contradictor</span> <span class='ocrx_word' id='word_1_150' title='bbox 2443 1831 2749 1906; x_wconf 83' lang='lat' dir='ltr'>exstiterit,</span> <span class='ocrx_word' id='word_1_151' title='bbox 2799 1829 3077 1910; x_wconf 85' lang='lat' dir='ltr'>sequitur</span> 
     </span>
     <span class='ocr_line' id='line_1_23' title="bbox 464 1935 1987 2018; baseline 0.001 -22"><span class='ocrx_word' id='word_1_152' title='bbox 464 1936 663 2012; x_wconf 89' lang='lat' dir='ltr'>lectio,</span> <span class='ocrx_word' id='word_1_153' title='bbox 699 1952 757 1997; x_wconf 89' lang='lat' dir='ltr'>et</span> <span class='ocrx_word' id='word_1_154' title='bbox 790 1938 1271 2018; x_wconf 89' lang='lat' dir='ltr'>responsorium.</span> <span class='ocrx_word' id='word_1_155' title='bbox 1335 1935 1391 2017; x_wconf 86' lang='lat'>[1.</span> <span class='ocrx_word' id='word_1_156' title='bbox 1428 1957 1477 1998; x_wconf 88' lang='lat' dir='ltr'>c.</span> <span class='ocrx_word' id='word_1_157' title='bbox 1513 1958 1648 2018; x_wconf 85' lang='lat' dir='ltr'>pag.</span> <span class='ocrx_word' id='word_1_158' title='bbox 1685 1936 1987 2017; x_wconf 83' lang='lat' dir='ltr'>89-9o.]</span> 
     </span>
    </p>
   </div>
   <div class='ocr_carea' id='block_1_11' title="bbox 1378 2116 2167 2178">
    <p class='ocr_par' dir='ltr' id='par_1_11' title="bbox 1378 2116 2167 2178">
     <span class='ocr_line' id='line_1_24' title="bbox 1378 2116 2167 2178; baseline -0.005 0"><span class='ocrx_word' id='word_1_159' title='bbox 1378 2116 1594 2178; x_wconf 90' lang='lat' dir='ltr'>Ordo</span> <span class='ocrx_word' id='word_1_160' title='bbox 1643 2135 2024 2177; x_wconf 88' lang='lat' dir='ltr'>romanus</span> <span class='ocrx_word' id='word_1_161' title='bbox 2070 2116 2167 2176; x_wconf 87' lang='lat' dir='ltr'>XI.</span> 
     </span>
    </p>
   </div>
   <div class='ocr_carea' id='block_1_12' title="bbox 1069 2255 2482 2326">
    <p class='ocr_par' dir='ltr' id='par_1_12' title="bbox 1069 2255 2482 2326">
     <span class='ocr_line' id='line_1_25' title="bbox 1069 2255 2482 2326; baseline -0.001 -20"><span class='ocrx_word' id='word_1_162' title='bbox 1069 2255 1374 2318; x_wconf 75' lang='lat' dir='ltr'>(Benedicti</span> <span class='ocrx_word' id='word_1_163' title='bbox 1404 2257 1468 2309; x_wconf 87' lang='lat' dir='ltr'>B.</span> <span class='ocrx_word' id='word_1_164' title='bbox 1511 2255 1663 2309; x_wconf 76' lang='lat' dir='ltr'>Petri</span> <span class='ocrx_word' id='word_1_165' title='bbox 1695 2256 1952 2308; x_wconf 82' lang='lat' dir='ltr'>canonici</span> <span class='ocrx_word' id='word_1_166' title='bbox 1983 2255 2140 2307; x_wconf 83' lang='lat' dir='ltr'>Liber</span> <span class='ocrx_word' id='word_1_167' title='bbox 2165 2256 2482 2326; x_wconf 70' lang='lat' dir='ltr'>pollicitus).</span> 
     </span>
    </p>
   </div>
   <div class='ocr_carea' id='block_1_13' title="bbox 458 2365 3077 5012">
    <p class='ocr_par' dir='ltr' id='par_1_13' title="bbox 458 2365 3077 5012">
     <span class='ocr_line' id='line_1_26' title="bbox 679 2365 3075 2446; baseline 0 -22"><span class='ocrx_word' id='word_1_168' title='bbox 679 2366 736 2425; x_wconf 88' lang='lat'>8.</span> <span class='ocrx_word' id='word_1_169' title='bbox 778 2366 979 2426; x_wconf 86' lang='lat' dir='ltr'>Media</span> <span class='ocrx_word' id='word_1_170' title='bbox 1013 2380 1217 2426; x_wconf 88' lang='lat' dir='ltr'>autem</span> <span class='ocrx_word' id='word_1_171' title='bbox 1251 2381 1428 2426; x_wconf 92' lang='lat' dir='ltr'>nocte</span> <span class='ocrx_word' id='word_1_172' title='bbox 1462 2384 1722 2444; x_wconf 87' lang='lat' dir='ltr'>surgens</span> <span class='ocrx_word' id='word_1_173' title='bbox 1753 2365 1967 2426; x_wconf 86' lang='lat' dir='ltr'>audito</span> <span class='ocrx_word' id='word_1_174' title='bbox 1999 2366 2180 2445; x_wconf 83' lang='lat' dir='ltr'>signo</span> <span class='ocrx_word' id='word_1_175' title='bbox 2213 2366 2508 2427; x_wconf 89' lang='lat' dir='ltr'>dominus</span> <span class='ocrx_word' id='word_1_176' title='bbox 2543 2366 2722 2446; x_wconf 88' lang='lat' dir='ltr'>Papa,</span> <span class='ocrx_word' id='word_1_177' title='bbox 2758 2384 2903 2426; x_wconf 91' lang='lat' dir='ltr'>eum</span> <span class='ocrx_word' id='word_1_178' title='bbox 2936 2383 3075 2425; x_wconf 93' lang='lat' dir='ltr'>om-</span> 
     </span>
     <span class='ocr_line' id='line_1_27' title="bbox 467 2469 3075 2553; baseline 0 -23"><span class='ocrx_word' id='word_1_179' title='bbox 467 2469 647 2532; x_wconf 89' lang='lat' dir='ltr'>nibus</span> <span class='ocrx_word' id='word_1_180' title='bbox 697 2471 1019 2533; x_wconf 86' lang='lat' dir='ltr'>ordinibus</span> <span class='ocrx_word' id='word_1_181' title='bbox 1069 2472 1145 2533; x_wconf 87' lang='lat' dir='ltr'>ad</span> <span class='ocrx_word' id='word_1_182' title='bbox 1198 2488 1480 2533; x_wconf 86' lang='lat' dir='ltr'>sanctum</span> <span class='ocrx_word' id='word_1_183' title='bbox 1528 2473 1807 2533; x_wconf 90' lang='lat' dir='ltr'>Leonem</span> <span class='ocrx_word' id='word_1_184' title='bbox 1855 2473 2064 2533; x_wconf 86' lang='lat' dir='ltr'>venire</span> <span class='ocrx_word' id='word_1_185' title='bbox 2112 2474 2311 2549; x_wconf 84' lang='lat' dir='ltr'>debet,</span> <span class='ocrx_word' id='word_1_186' title='bbox 2363 2473 2572 2553; x_wconf 88' lang='lat' dir='ltr'>ibique</span> <span class='ocrx_word' id='word_1_187' title='bbox 2621 2472 3075 2535; x_wconf 86' lang='lat' dir='ltr'>mansionarius</span> 
     </span>
     <span class='ocr_line' id='line_1_28' title="bbox 465 2578 3076 2661; baseline 0 -23"><span class='ocrx_word' id='word_1_188' title='bbox 465 2594 779 2659; x_wconf 86' lang='lat' dir='ltr'>praeparat</span> <span class='ocrx_word' id='word_1_189' title='bbox 823 2578 1215 2639; x_wconf 89' lang='lat' dir='ltr'>thuribulum</span> <span class='ocrx_word' id='word_1_190' title='bbox 1263 2580 1579 2660; x_wconf 90' lang='lat' dir='ltr'>episcopo,</span> <span class='ocrx_word' id='word_1_191' title='bbox 1621 2596 1678 2640; x_wconf 84' lang='lat' dir='ltr'>et</span> <span class='ocrx_word' id='word_1_192' title='bbox 1712 2580 2041 2661; x_wconf 90' lang='lat' dir='ltr'>episcopus</span> <span class='ocrx_word' id='word_1_193' title='bbox 2074 2579 2376 2655; x_wconf 90' lang='lat' dir='ltr'>Pontifici,</span> <span class='ocrx_word' id='word_1_194' title='bbox 2408 2579 2702 2640; x_wconf 91' lang='lat' dir='ltr'>omnibus</span> <span class='ocrx_word' id='word_1_195' title='bbox 2735 2578 2967 2639; x_wconf 90' lang='lat' dir='ltr'>indutis</span> <span class='ocrx_word' id='word_1_196' title='bbox 3000 2579 3076 2639; x_wconf 93' lang='lat' dir='ltr'>de</span> 
     </span>
     <span class='ocr_line' id='line_1_29' title="bbox 463 2684 3075 2766; baseline -0 -20"><span class='ocrx_word' id='word_1_197' title='bbox 463 2684 587 2746; x_wconf 88' lang='lat' dir='ltr'>suis</span> <span class='ocrx_word' id='word_1_198' title='bbox 619 2685 1018 2748; x_wconf 88' lang='lat' dir='ltr'>indumentis.</span> <span class='ocrx_word' id='word_1_199' title='bbox 1054 2685 1434 2748; x_wconf 89' lang='lat' dir='ltr'>Cubicularii</span> <span class='ocrx_word' id='word_1_200' title='bbox 1470 2706 1617 2747; x_wconf 87' lang='lat' dir='ltr'>vero</span> <span class='ocrx_word' id='word_1_201' title='bbox 1651 2705 1796 2748; x_wconf 89' lang='lat' dir='ltr'>cum</span> <span class='ocrx_word' id='word_1_202' title='bbox 1830 2687 2072 2750; x_wconf 86' lang='lat' dir='ltr'>duabus</span> <span class='ocrx_word' id='word_1_203' title='bbox 2107 2685 2319 2748; x_wconf 88' lang='lat' dir='ltr'>faculis</span> <span class='ocrx_word' id='word_1_204' title='bbox 2352 2686 2639 2766; x_wconf 85' lang='lat' dir='ltr'>accensis,</span> <span class='ocrx_word' id='word_1_205' title='bbox 2672 2701 2730 2748; x_wconf 91' lang='lat' dir='ltr'>et</span> <span class='ocrx_word' id='word_1_206' title='bbox 2761 2684 3075 2747; x_wconf 87' lang='lat' dir='ltr'>camerarii</span> 
     </span>
     <span class='ocr_line' id='line_1_30' title="bbox 462 2792 3075 2856; baseline -0 -3"><span class='ocrx_word' id='word_1_207' title='bbox 462 2812 605 2854; x_wconf 87' lang='lat' dir='ltr'>cum</span> <span class='ocrx_word' id='word_1_208' title='bbox 658 2794 907 2855; x_wconf 86' lang='lat' dir='ltr'>duobus</span> <span class='ocrx_word' id='word_1_209' title='bbox 958 2793 1340 2856; x_wconf 88' lang='lat' dir='ltr'>candelabris</span> <span class='ocrx_word' id='word_1_210' title='bbox 1392 2811 1450 2855; x_wconf 89' lang='lat' dir='ltr'>et</span> <span class='ocrx_word' id='word_1_211' title='bbox 1502 2794 1715 2855; x_wconf 89' lang='lat' dir='ltr'>faculis</span> <span class='ocrx_word' id='word_1_212' title='bbox 1766 2795 2041 2856; x_wconf 89' lang='lat' dir='ltr'>accensis</span> <span class='ocrx_word' id='word_1_213' title='bbox 2088 2794 2313 2855; x_wconf 90' lang='lat' dir='ltr'>debent</span> <span class='ocrx_word' id='word_1_214' title='bbox 2366 2793 2451 2854; x_wconf 90' lang='lat' dir='ltr'>ire</span> <span class='ocrx_word' id='word_1_215' title='bbox 2502 2809 2642 2855; x_wconf 87' lang='lat' dir='ltr'>ante</span> <span class='ocrx_word' id='word_1_216' title='bbox 2695 2792 3075 2854; x_wconf 84' lang='lat' dir='ltr'>Pontificem.</span> 
     </span>
     <span class='ocr_line' id='line_1_31' title="bbox 463 2871 3072 2982; baseline -0 -22"><span class='ocrx_word' id='word_1_217' title='bbox 463 2900 743 2961; x_wconf 86' lang='lat' dir='ltr'>Pontifex</span> <span class='ocrx_word' id='word_1_218' title='bbox 775 2916 982 2962; x_wconf 90' lang='lat' dir='ltr'>autem</span> <span class='ocrx_word' id='word_1_219' title='bbox 1018 2902 1292 2982; x_wconf 90' lang='lat' dir='ltr'>primum</span> <span class='ocrx_word' id='word_1_220' title='bbox 1327 2902 1599 2962; x_wconf 87' lang='lat' dir='ltr'>incensat</span> <span class='ocrx_word' id='word_1_221' title='bbox 1631 2901 1813 2963; x_wconf 88' lang='lat' dir='ltr'>altare</span> <span class='ocrx_word' id='word_1_222' title='bbox 1847 2902 2039 2962; x_wconf 86' lang='lat' dir='ltr'>sancti</span> <span class='ocrx_word' id='word_1_223' title='bbox 2074 2871 2341 2964; x_wconf 64' lang='lat' dir='ltr'>Leonis:</span> <span class='ocrx_word' id='word_1_224' title='bbox 2393 2900 2615 2961; x_wconf 88' lang='lat' dir='ltr'>deinde</span> <span class='ocrx_word' id='word_1_225' title='bbox 2650 2920 2795 2962; x_wconf 90' lang='lat' dir='ltr'>cum</span> <span class='ocrx_word' id='word_1_226' title='bbox 2829 2919 3072 2982; x_wconf 89' lang='lat' dir='ltr'>proces-</span> 
     </span>
     <span class='ocr_line' id='line_1_32' title="bbox 462 3007 3077 3089; baseline 0 -21"><span class='ocrx_word' id='word_1_227' title='bbox 462 3007 634 3069; x_wconf 91' lang='lat' dir='ltr'>sione</span> <span class='ocrx_word' id='word_1_228' title='bbox 681 3008 970 3068; x_wconf 88' lang='lat' dir='ltr'>incedens</span> <span class='ocrx_word' id='word_1_229' title='bbox 1016 3028 1125 3089; x_wconf 90' lang='lat' dir='ltr'>per</span> <span class='ocrx_word' id='word_1_230' title='bbox 1173 3009 1476 3088; x_wconf 91' lang='lat' dir='ltr'>porticum</span> <span class='ocrx_word' id='word_1_231' title='bbox 1514 3008 1906 3088; x_wconf 89' lang='lat' dir='ltr'>pontificium</span> <span class='ocrx_word' id='word_1_232' title='bbox 1939 3010 2012 3069; x_wconf 92' lang='lat' dir='ltr'>ad</span> <span class='ocrx_word' id='word_1_233' title='bbox 2047 3024 2331 3070; x_wconf 87' lang='lat' dir='ltr'>sanctum</span> <span class='ocrx_word' id='word_1_234' title='bbox 2366 3008 2765 3089; x_wconf 88' lang='lat' dir='ltr'>Gregorium,</span> <span class='ocrx_word' id='word_1_235' title='bbox 2802 3008 3077 3088; x_wconf 91' lang='lat' dir='ltr'>primum</span> 
     </span>
     <span class='ocr_line' id='line_1_33' title="bbox 462 3094 3073 3193; baseline -0 -19"><span class='ocrx_word' id='word_1_236' title='bbox 462 3114 735 3175; x_wconf 82' lang='lat' dir='ltr'>incensat</span> <span class='ocrx_word' id='word_1_237' title='bbox 784 3115 966 3175; x_wconf 86' lang='lat' dir='ltr'>altare</span> <span class='ocrx_word' id='word_1_238' title='bbox 1019 3113 1169 3192; x_wconf 86' lang='lat' dir='ltr'>ejus,</span> <span class='ocrx_word' id='word_1_239' title='bbox 1221 3130 1279 3175; x_wconf 91' lang='lat' dir='ltr'>et</span> <span class='ocrx_word' id='word_1_240' title='bbox 1328 3116 1511 3177; x_wconf 87' lang='lat' dir='ltr'>altare</span> <span class='ocrx_word' id='word_1_241' title='bbox 1562 3115 1755 3177; x_wconf 88' lang='lat' dir='ltr'>sancti</span> <span class='ocrx_word' id='word_1_242' title='bbox 1806 3116 2169 3193; x_wconf 85' lang='lat' dir='ltr'>Sebastiani,</span> <span class='ocrx_word' id='word_1_243' title='bbox 2219 3132 2277 3177; x_wconf 89' lang='lat' dir='ltr'>et</span> <span class='ocrx_word' id='word_1_244' title='bbox 2323 3115 2506 3176; x_wconf 87' lang='lat' dir='ltr'>altare</span> <span class='ocrx_word' id='word_1_245' title='bbox 2553 3114 2744 3176; x_wconf 82' lang='lat' dir='ltr'>sancti</span> <span class='ocrx_word' id='word_1_246' title='bbox 2775 3094 3073 3175; x_wconf 87' lang='lat' dir='ltr'>Tiburtii:</span> 
     </span>
     <span class='ocr_line' id='line_1_34' title="bbox 462 3220 3076 3303; baseline -0.001 -21"><span class='ocrx_word' id='word_1_247' title='bbox 462 3221 687 3282; x_wconf 88' lang='lat' dir='ltr'>deinde</span> <span class='ocrx_word' id='word_1_248' title='bbox 735 3223 863 3282; x_wconf 93' lang='lat' dir='ltr'>duo</span> <span class='ocrx_word' id='word_1_249' title='bbox 901 3221 1108 3283; x_wconf 87' lang='lat' dir='ltr'>altaria</span> <span class='ocrx_word' id='word_1_250' title='bbox 1139 3221 1201 3282; x_wconf 89' lang='lat' dir='ltr'>in</span> <span class='ocrx_word' id='word_1_251' title='bbox 1238 3222 1519 3283; x_wconf 87' lang='lat' dir='ltr'>mediana</span> <span class='ocrx_word' id='word_1_252' title='bbox 1552 3225 1628 3284; x_wconf 92' lang='lat' dir='ltr'>ad</span> <span class='ocrx_word' id='word_1_253' title='bbox 1663 3222 2008 3301; x_wconf 87' lang='lat' dir='ltr'>crucifixos,</span> <span class='ocrx_word' id='word_1_254' title='bbox 2046 3223 2149 3284; x_wconf 92' lang='lat' dir='ltr'>ubi</span> <span class='ocrx_word' id='word_1_255' title='bbox 2185 3224 2259 3283; x_wconf 89' lang='lat' dir='ltr'>ab</span> <span class='ocrx_word' id='word_1_256' title='bbox 2292 3222 2563 3302; x_wconf 86' lang='lat' dir='ltr'>antiquis</span> <span class='ocrx_word' id='word_1_257' title='bbox 2597 3221 2867 3303; x_wconf 86' lang='lat' dir='ltr'>patribus</span> <span class='ocrx_word' id='word_1_258' title='bbox 2898 3220 3076 3280; x_wconf 88' lang='lat' dir='ltr'>audi-</span> 
     </span>
     <span class='ocr_line' id='line_1_35' title="bbox 465 3327 3075 3411; baseline 0.001 -25"><span class='ocrx_word' id='word_1_259' title='bbox 465 3328 663 3389; x_wconf 88' lang='lat' dir='ltr'>vimus</span> <span class='ocrx_word' id='word_1_260' title='bbox 694 3329 1075 3410; x_wconf 86' lang='lat' dir='ltr'>requiescere</span> <span class='ocrx_word' id='word_1_261' title='bbox 1109 3331 1422 3411; x_wconf 88' lang='lat' dir='ltr'>apostolos</span> <span class='ocrx_word' id='word_1_262' title='bbox 1455 3330 1783 3391; x_wconf 90' lang='lat' dir='ltr'>Simonem</span> <span class='ocrx_word' id='word_1_263' title='bbox 1816 3345 1875 3389; x_wconf 90' lang='lat' dir='ltr'>et</span> <span class='ocrx_word' id='word_1_264' title='bbox 1905 3330 2147 3390; x_wconf 90' lang='lat' dir='ltr'>Judam.</span> <span class='ocrx_word' id='word_1_265' title='bbox 2204 3331 2421 3390; x_wconf 91' lang='lat' dir='ltr'>Postea</span> <span class='ocrx_word' id='word_1_266' title='bbox 2457 3329 2616 3389; x_wconf 87' lang='lat' dir='ltr'>vadit</span> <span class='ocrx_word' id='word_1_267' title='bbox 2649 3329 2724 3389; x_wconf 88' lang='lat' dir='ltr'>ad</span> <span class='ocrx_word' id='word_1_268' title='bbox 2757 3327 3075 3388; x_wconf 86' lang='lat' dir='ltr'>sudarium</span> 
     </span>
     <span class='ocr_line' id='line_1_36' title="bbox 461 3433 3075 3517; baseline -0.002 -20"><span class='ocrx_word' id='word_1_269' title='bbox 461 3435 709 3507; x_wconf 89' lang='lat' dir='ltr'>Christi,</span> <span class='ocrx_word' id='word_1_270' title='bbox 760 3438 932 3517; x_wconf 89' lang='lat' dir='ltr'>quod</span> <span class='ocrx_word' id='word_1_271' title='bbox 980 3453 1232 3498; x_wconf 86' lang='lat' dir='ltr'>vocatur</span> <span class='ocrx_word' id='word_1_272' title='bbox 1266 3436 1585 3511; x_wconf 88' lang='lat' dir='ltr'>Veronica,</span> <span class='ocrx_word' id='word_1_273' title='bbox 1641 3451 1699 3497; x_wconf 90' lang='lat' dir='ltr'>et</span> <span class='ocrx_word' id='word_1_274' title='bbox 1739 3438 2033 3511; x_wconf 88' lang='lat' dir='ltr'>incensat,</span> <span class='ocrx_word' id='word_1_275' title='bbox 2064 3452 2122 3497; x_wconf 90' lang='lat' dir='ltr'>et</span> <span class='ocrx_word' id='word_1_276' title='bbox 2153 3436 2335 3496; x_wconf 86' lang='lat' dir='ltr'>altare</span> <span class='ocrx_word' id='word_1_277' title='bbox 2368 3452 2613 3496; x_wconf 86' lang='lat' dir='ltr'>sanctae</span> <span class='ocrx_word' id='word_1_278' title='bbox 2647 3434 2872 3495; x_wconf 87' lang='lat' dir='ltr'>Mariae</span> <span class='ocrx_word' id='word_1_279' title='bbox 2907 3433 3075 3493; x_wconf 90' lang='lat' dir='ltr'>simi-</span> 
     </span>
     <span class='ocr_line' id='line_1_37' title="bbox 460 3539 3077 3621; baseline -0.002 -19"><span class='ocrx_word' id='word_1_280' title='bbox 460 3542 610 3617; x_wconf 88' lang='lat' dir='ltr'>liter,</span> <span class='ocrx_word' id='word_1_281' title='bbox 673 3544 886 3604; x_wconf 89' lang='lat' dir='ltr'>Postea</span> <span class='ocrx_word' id='word_1_282' title='bbox 932 3543 1202 3605; x_wconf 83' lang='lat' dir='ltr'>ascendit</span> <span class='ocrx_word' id='word_1_283' title='bbox 1249 3544 1324 3603; x_wconf 82' lang='lat' dir='ltr'>ad</span> <span class='ocrx_word' id='word_1_284' title='bbox 1371 3558 1656 3603; x_wconf 85' lang='lat' dir='ltr'>sanctum</span> <span class='ocrx_word' id='word_1_285' title='bbox 1690 3543 2003 3603; x_wconf 87' lang='lat' dir='ltr'>Pastorem</span> <span class='ocrx_word' id='word_1_286' title='bbox 2049 3541 2214 3619; x_wconf 83' lang='lat' dir='ltr'>juxta</span> <span class='ocrx_word' id='word_1_287' title='bbox 2261 3561 2473 3602; x_wconf 86' lang='lat' dir='ltr'>arcum</span> <span class='ocrx_word' id='word_1_288' title='bbox 2524 3539 2984 3621; x_wconf 86' lang='lat' dir='ltr'>triumphalem,</span> <span class='ocrx_word' id='word_1_289' title='bbox 3019 3556 3077 3598; x_wconf 90' lang='lat' dir='ltr'>et</span> 
     </span>
     <span class='ocr_line' id='line_1_38' title="bbox 463 3648 3068 3731; baseline -0.003 -19"><span class='ocrx_word' id='word_1_290' title='bbox 463 3651 752 3713; x_wconf 88' lang='lat' dir='ltr'>incensat.</span> <span class='ocrx_word' id='word_1_291' title='bbox 820 3653 1060 3713; x_wconf 89' lang='lat' dir='ltr'>Deinde</span> <span class='ocrx_word' id='word_1_292' title='bbox 1111 3652 1488 3712; x_wconf 88' lang='lat' dir='ltr'>descendens</span> <span class='ocrx_word' id='word_1_293' title='bbox 1541 3652 1617 3712; x_wconf 83' lang='lat' dir='ltr'>ad</span> <span class='ocrx_word' id='word_1_294' title='bbox 1665 3670 1911 3731; x_wconf 89' lang='lat' dir='ltr'>corpus,</span> <span class='ocrx_word' id='word_1_295' title='bbox 1957 3649 2226 3711; x_wconf 83' lang='lat' dir='ltr'>incensat</span> <span class='ocrx_word' id='word_1_296' title='bbox 2273 3649 2456 3709; x_wconf 82' lang='lat' dir='ltr'>altare</span> <span class='ocrx_word' id='word_1_297' title='bbox 2500 3667 2687 3729; x_wconf 92' lang='lat' dir='ltr'>super</span> <span class='ocrx_word' id='word_1_298' title='bbox 2717 3648 3068 3728; x_wconf 88' lang='lat' dir='ltr'>sepulcrum</span> 
     </span>
     <span class='ocr_line' id='line_1_39' title="bbox 462 3753 3069 3835; baseline -0.002 -16"><span class='ocrx_word' id='word_1_299' title='bbox 462 3757 520 3819; x_wconf 88' lang='lat' dir='ltr'>S.</span> <span class='ocrx_word' id='word_1_300' title='bbox 553 3759 745 3819; x_wconf 87' lang='lat' dir='ltr'>Petri:</span> <span class='ocrx_word' id='word_1_301' title='bbox 809 3775 866 3820; x_wconf 92' lang='lat' dir='ltr'>et</span> <span class='ocrx_word' id='word_1_302' title='bbox 911 3759 996 3819; x_wconf 90' lang='lat' dir='ltr'>sic</span> <span class='ocrx_word' id='word_1_303' title='bbox 1042 3759 1211 3819; x_wconf 87' lang='lat' dir='ltr'>sedet</span> <span class='ocrx_word' id='word_1_304' title='bbox 1256 3758 1320 3818; x_wconf 90' lang='lat' dir='ltr'>in</span> <span class='ocrx_word' id='word_1_305' title='bbox 1366 3758 1662 3819; x_wconf 90' lang='lat' dir='ltr'>subsellio</span> <span class='ocrx_word' id='word_1_306' title='bbox 1710 3776 1854 3818; x_wconf 89' lang='lat' dir='ltr'>cum</span> <span class='ocrx_word' id='word_1_307' title='bbox 1901 3753 2276 3818; x_wconf 85' lang='lat' dir='ltr'>candelabris</span> <span class='ocrx_word' id='word_1_308' title='bbox 2310 3771 2449 3817; x_wconf 89' lang='lat' dir='ltr'>ante</span> <span class='ocrx_word' id='word_1_309' title='bbox 2482 3775 2563 3817; x_wconf 89' lang='lat' dir='ltr'>se.</span> <span class='ocrx_word' id='word_1_310' title='bbox 2630 3755 3069 3835; x_wconf 84' lang='lat' dir='ltr'>Paraphonista</span> 
     </span>
     <span class='ocr_line' id='line_1_40' title="bbox 461 3861 3072 3947; baseline -0.002 -22"><span class='ocrx_word' id='word_1_311' title='bbox 461 3884 601 3925; x_wconf 90' lang='lat' dir='ltr'>cum</span> <span class='ocrx_word' id='word_1_312' title='bbox 637 3866 848 3928; x_wconf 86' lang='lat' dir='ltr'>schola</span> <span class='ocrx_word' id='word_1_313' title='bbox 880 3866 1088 3947; x_wconf 90' lang='lat' dir='ltr'>incipit</span> <span class='ocrx_word' id='word_1_314' title='bbox 1119 3866 1373 3945; x_wconf 85' lang='lat' dir='ltr'>vigilias,</span> <span class='ocrx_word' id='word_1_315' title='bbox 1406 3865 1502 3926; x_wconf 85' lang='lat' dir='ltr'>Ex</span> <span class='ocrx_word' id='word_1_316' title='bbox 1534 3865 1807 3946; x_wconf 76' lang='lat' dir='ltr'>Aegypto</span> <span class='ocrx_word' id='word_1_317' title='bbox 1841 3865 2054 3925; x_wconf 85' lang='lat' dir='ltr'>vocavi</span> <span class='ocrx_word' id='word_1_318' title='bbox 2059 3863 2284 3943; x_wconf 84' lang='lat' dir='ltr'>filium</span> <span class='ocrx_word' id='word_1_319' title='bbox 2318 3885 2513 3924; x_wconf 85' lang='lat' dir='ltr'>meum</span> <span class='ocrx_word' id='word_1_320' title='bbox 2528 3887 2561 3938; x_wconf 92' lang='lat'>,·</span> <span class='ocrx_word' id='word_1_321' title='bbox 2608 3862 2900 3944; x_wconf 77' lang='lat' dir='ltr'>psalmuS,</span> <span class='ocrx_word' id='word_1_322' title='bbox 2948 3861 3072 3922; x_wconf 88' lang='lat' dir='ltr'>Be-</span> 
     </span>
     <span class='ocr_line' id='line_1_41' title="bbox 461 3969 3077 4054; baseline -0.002 -21"><span class='ocrx_word' id='word_1_323' title='bbox 461 3980 597 4034; x_wconf 81' lang='lat' dir='ltr'>atus</span> <span class='ocrx_word' id='word_1_324' title='bbox 642 3976 755 4037; x_wconf 86' lang='lat' dir='ltr'>vir.</span> <span class='ocrx_word' id='word_1_325' title='bbox 818 3973 1103 4034; x_wconf 88' lang='lat' dir='ltr'>Secunda</span> <span class='ocrx_word' id='word_1_326' title='bbox 1151 3989 1270 4035; x_wconf 87' lang='lat' dir='ltr'>ant.</span> <span class='ocrx_word' id='word_1_327' title='bbox 1332 3973 1490 4034; x_wconf 84' lang='lat' dir='ltr'>Ecce</span> <span class='ocrx_word' id='word_1_328' title='bbox 1537 3972 1863 4054; x_wconf 85' lang='lat' dir='ltr'>apparebit</span> <span class='ocrx_word' id='word_1_329' title='bbox 1889 3972 2199 4033; x_wconf 82' lang='lat' dir='ltr'>Dominus</span> <span class='ocrx_word' id='word_1_330' title='bbox 2231 3980 2418 4052; x_wconf 81' lang='lat' dir='ltr'>supra</span> <span class='ocrx_word' id='word_1_331' title='bbox 2450 3970 2667 4031; x_wconf 83' lang='lat' dir='ltr'>nubem</span> <span class='ocrx_word' id='word_1_332' title='bbox 2700 3969 3027 4029; x_wconf 86' lang='lat' dir='ltr'>candidam</span> <span class='ocrx_word' id='word_1_333' title='bbox 3046 3992 3077 4042; x_wconf 79' lang='lat'>,-</span> 
     </span>
     <span class='ocr_line' id='line_1_42' title="bbox 461 4077 3075 4160; baseline -0.003 -19"><span class='ocrx_word' id='word_1_334' title='bbox 461 4080 754 4160; x_wconf 76' lang='lat' dir='ltr'>psalmus,</span> <span class='ocrx_word' id='word_1_335' title='bbox 790 4081 1009 4160; x_wconf 78' lang='lat' dir='ltr'>Quare</span> <span class='ocrx_word' id='word_1_336' title='bbox 1019 4084 1422 4160; x_wconf 84' lang='lat' dir='ltr'>fremuerunt</span> <span class='ocrx_word' id='word_1_337' title='bbox 1439 4086 1669 4159; x_wconf 79' lang='lat' dir='ltr'>gentes,</span> <span class='ocrx_word' id='word_1_338' title='bbox 1702 4078 1909 4140; x_wconf 87' lang='lat' dir='ltr'>Tertia</span> <span class='ocrx_word' id='word_1_339' title='bbox 1943 4093 2068 4140; x_wconf 87' lang='lat' dir='ltr'>ant.</span> <span class='ocrx_word' id='word_1_340' title='bbox 2117 4077 2277 4138; x_wconf 76' lang='lat' dir='ltr'>Ecce</span> <span class='ocrx_word' id='word_1_341' title='bbox 2306 4080 2505 4138; x_wconf 83' lang='lat' dir='ltr'>veniet</span> <span class='ocrx_word' id='word_1_342' title='bbox 2532 4077 2867 4149; x_wconf 84' lang='lat' dir='ltr'>Dominus,</span> <span class='ocrx_word' id='word_1_343' title='bbox 2901 4096 3075 4155; x_wconf 86' lang='lat' dir='ltr'>quem</span> 
     </span>
     <span class='ocr_line' id='line_1_43' title="bbox 458 4181 3076 4269; baseline -0.003 -20"><span class='ocrx_word' id='word_1_344' title='bbox 458 4187 770 4257; x_wconf 76' lang='lat' dir='ltr'>,Iohannes</span> <span class='ocrx_word' id='word_1_345' title='bbox 805 4188 1240 4269; x_wconf 83' lang='lat' dir='ltr'>praedicavit,·</span> <span class='ocrx_word' id='word_1_346' title='bbox 1287 4186 1577 4268; x_wconf 80' lang='lat' dir='ltr'>psalmuS,</span> <span class='ocrx_word' id='word_1_347' title='bbox 1633 4186 1902 4246; x_wconf 83' lang='lat' dir='ltr'>Domine</span> <span class='ocrx_word' id='word_1_348' title='bbox 1951 4187 2106 4266; x_wconf 86' lang='lat' dir='ltr'>quid</span> <span class='ocrx_word' id='word_1_349' title='bbox 2152 4184 2553 4266; x_wconf 81' lang='lat' dir='ltr'>multipIicati</span> <span class='ocrx_word' id='word_1_350' title='bbox 2600 4190 2757 4245; x_wconf 84' lang='lat' dir='ltr'>sunt.</span> <span class='ocrx_word' id='word_1_351' title='bbox 2835 4181 3076 4242; x_wconf 84' lang='lat' dir='ltr'>Deinde</span> 
     </span>
     <span class='ocr_line' id='line_1_44' title="bbox 461 4290 3076 4372; baseline -0.003 -16"><span class='ocrx_word' id='word_1_352' title='bbox 461 4297 589 4356; x_wconf 90' lang='lat' dir='ltr'>duo</span> <span class='ocrx_word' id='word_1_353' title='bbox 636 4295 998 4357; x_wconf 89' lang='lat' dir='ltr'>subdiaconi</span> <span class='ocrx_word' id='word_1_354' title='bbox 1052 4293 1365 4354; x_wconf 83' lang='lat' dir='ltr'>basilicarii</span> <span class='ocrx_word' id='word_1_355' title='bbox 1400 4292 1610 4353; x_wconf 88' lang='lat' dir='ltr'>dicum</span> <span class='ocrx_word' id='word_1_356' title='bbox 1647 4312 1924 4354; x_wconf 86' lang='lat' dir='ltr'>versum:</span> <span class='ocrx_word' id='word_1_357' title='bbox 1976 4291 2245 4372; x_wconf 86' lang='lat' dir='ltr'>acolythi</span> <span class='ocrx_word' id='word_1_358' title='bbox 2277 4306 2490 4351; x_wconf 90' lang='lat' dir='ltr'>tenent</span> <span class='ocrx_word' id='word_1_359' title='bbox 2523 4290 2748 4351; x_wconf 90' lang='lat' dir='ltr'>librum</span> <span class='ocrx_word' id='word_1_360' title='bbox 2785 4290 3076 4350; x_wconf 88' lang='lat' dir='ltr'>stationa-</span> 
     </span>
     <span class='ocr_line' id='line_1_45' title="bbox 459 4397 3076 4478; baseline -0.002 -15"><span class='ocrx_word' id='word_1_361' title='bbox 459 4402 600 4478; x_wconf 89' lang='lat' dir='ltr'>lem,</span> <span class='ocrx_word' id='word_1_362' title='bbox 646 4418 704 4463; x_wconf 91' lang='lat' dir='ltr'>et</span> <span class='ocrx_word' id='word_1_363' title='bbox 749 4401 1106 4463; x_wconf 83' lang='lat' dir='ltr'>cubicularii</span> <span class='ocrx_word' id='word_1_364' title='bbox 1153 4400 1401 4475; x_wconf 74' lang='lat' dir='ltr'>faculaS,</span> <span class='ocrx_word' id='word_1_365' title='bbox 1434 4416 1491 4461; x_wconf 93' lang='lat' dir='ltr'>et</span> <span class='ocrx_word' id='word_1_366' title='bbox 1525 4398 1851 4461; x_wconf 83' lang='lat' dir='ltr'>basilicarii</span> <span class='ocrx_word' id='word_1_367' title='bbox 1875 4400 2090 4477; x_wconf 87' lang='lat' dir='ltr'>legunt</span> <span class='ocrx_word' id='word_1_368' title='bbox 2121 4399 2434 4476; x_wconf 87' lang='lat' dir='ltr'>lectiones,</span> <span class='ocrx_word' id='word_1_369' title='bbox 2471 4397 2769 4459; x_wconf 81' lang='lat' dir='ltr'>Gaudens</span> <span class='ocrx_word' id='word_1_370' title='bbox 2792 4397 3076 4478; x_wconf 79' lang='lat' dir='ltr'>gaudebo</span> 
     </span>
     <span class='ocr_line' id='line_1_46' title="bbox 460 4505 3074 4588; baseline -0.003 -17"><span class='ocrx_word' id='word_1_371' title='bbox 460 4513 524 4571; x_wconf 86' lang='lat' dir='ltr'>in</span> <span class='ocrx_word' id='word_1_372' title='bbox 572 4512 856 4571; x_wconf 86' lang='lat' dir='ltr'>domino:</span> <span class='ocrx_word' id='word_1_373' title='bbox 903 4510 1200 4570; x_wconf 87' lang='lat' dir='ltr'>diaconus</span> <span class='ocrx_word' id='word_1_374' title='bbox 1247 4508 1564 4588; x_wconf 89' lang='lat' dir='ltr'>praecinit,</span> <span class='ocrx_word' id='word_1_375' title='bbox 1627 4505 1705 4569; x_wconf 90' lang='lat' dir='ltr'>Tu</span> <span class='ocrx_word' id='word_1_376' title='bbox 1753 4515 1969 4568; x_wconf 85' lang='lat' dir='ltr'>autem.</span> <span class='ocrx_word' id='word_1_377' title='bbox 2033 4506 2423 4568; x_wconf 89' lang='lat' dir='ltr'>Primicerius</span> <span class='ocrx_word' id='word_1_378' title='bbox 2456 4525 2601 4567; x_wconf 93' lang='lat' dir='ltr'>cum</span> <span class='ocrx_word' id='word_1_379' title='bbox 2634 4505 2845 4566; x_wconf 90' lang='lat' dir='ltr'>schola</span> <span class='ocrx_word' id='word_1_380' title='bbox 2880 4521 3074 4566; x_wconf 88' lang='lat' dir='ltr'>cantat</span> 
     </span>
     <span class='ocr_line' id='line_1_47' title="bbox 460 4610 3074 4696; baseline -0.003 -19"><span class='ocrx_word' id='word_1_381' title='bbox 460 4615 869 4696; x_wconf 87' lang='lat' dir='ltr'>responsoria.</span> <span class='ocrx_word' id='word_1_382' title='bbox 932 4613 1146 4675; x_wconf 86' lang='lat' dir='ltr'>Finitis</span> <span class='ocrx_word' id='word_1_383' title='bbox 1191 4613 1387 4674; x_wconf 89' lang='lat' dir='ltr'>tribus</span> <span class='ocrx_word' id='word_1_384' title='bbox 1432 4612 1820 4690; x_wconf 79' lang='lat' dir='ltr'>lectionibuS,</span> <span class='ocrx_word' id='word_1_385' title='bbox 1870 4612 2254 4693; x_wconf 89' lang='lat' dir='ltr'>primicerius</span> <span class='ocrx_word' id='word_1_386' title='bbox 2303 4612 2465 4689; x_wconf 91' lang='lat' dir='ltr'>dicit,</span> <span class='ocrx_word' id='word_1_387' title='bbox 2510 4610 2582 4672; x_wconf 85' lang='lat' dir='ltr'>Te</span> <span class='ocrx_word' id='word_1_388' title='bbox 2614 4611 2816 4671; x_wconf 88' lang='lat' dir='ltr'>Deum</span> <span class='ocrx_word' id='word_1_389' title='bbox 2851 4611 3074 4669; x_wconf 78' lang='lat' dir='ltr'>lauda-</span> 
     </span>
     <span class='ocr_line' id='line_1_48' title="bbox 460 4718 3075 4801; baseline -0.003 -18"><span class='ocrx_word' id='word_1_390' title='bbox 460 4743 610 4783; x_wconf 76' lang='lat' dir='ltr'>mus,</span> <span class='ocrx_word' id='word_1_391' title='bbox 644 4722 1077 4783; x_wconf 86' lang='lat' dir='ltr'>Subdiaconus</span> <span class='ocrx_word' id='word_1_392' title='bbox 1110 4720 1491 4800; x_wconf 88' lang='lat' dir='ltr'>regionarius</span> <span class='ocrx_word' id='word_1_393' title='bbox 1524 4720 1782 4801; x_wconf 85' lang='lat' dir='ltr'>porrigit</span> <span class='ocrx_word' id='word_1_394' title='bbox 1816 4720 2372 4781; x_wconf 84' lang='lat' dir='ltr'>Sacramentarium</span> <span class='ocrx_word' id='word_1_395' title='bbox 2405 4720 2715 4800; x_wconf 82' lang='lat' dir='ltr'>episcopO,</span> <span class='ocrx_word' id='word_1_396' title='bbox 2748 4733 2807 4778; x_wconf 91' lang='lat' dir='ltr'>et</span> <span class='ocrx_word' id='word_1_397' title='bbox 2838 4718 3075 4798; x_wconf 92' lang='lat' dir='ltr'>episco-</span> 
     </span>
     <span class='ocr_line' id='line_1_49' title="bbox 462 4823 3076 4910; baseline -0.003 -20"><span class='ocrx_word' id='word_1_398' title='bbox 462 4850 577 4910; x_wconf 90' lang='lat' dir='ltr'>pus</span> <span class='ocrx_word' id='word_1_399' title='bbox 610 4844 777 4890; x_wconf 83' lang='lat' dir='ltr'>tenet</span> <span class='ocrx_word' id='word_1_400' title='bbox 810 4844 949 4889; x_wconf 86' lang='lat' dir='ltr'>ante</span> <span class='ocrx_word' id='word_1_401' title='bbox 985 4827 1381 4903; x_wconf 88' lang='lat' dir='ltr'>Pontificem;</span> <span class='ocrx_word' id='word_1_402' title='bbox 1433 4844 1489 4888; x_wconf 92' lang='lat' dir='ltr'>et</span> <span class='ocrx_word' id='word_1_403' title='bbox 1523 4826 1842 4887; x_wconf 79' lang='lat' dir='ltr'>basilicarii</span> <span class='ocrx_word' id='word_1_404' title='bbox 1878 4842 2089 4887; x_wconf 89' lang='lat' dir='ltr'>tenent</span> <span class='ocrx_word' id='word_1_405' title='bbox 2120 4827 2499 4901; x_wconf 86' lang='lat' dir='ltr'>candelabra,</span> <span class='ocrx_word' id='word_1_406' title='bbox 2532 4841 2590 4885; x_wconf 89' lang='lat' dir='ltr'>et</span> <span class='ocrx_word' id='word_1_407' title='bbox 2625 4824 2900 4885; x_wconf 90' lang='lat' dir='ltr'>Pontifex</span> <span class='ocrx_word' id='word_1_408' title='bbox 2935 4823 3076 4883; x_wconf 91' lang='lat' dir='ltr'>dicit</span> 
     </span>
     <span class='ocr_line' id='line_1_50' title="bbox 461 4931 3072 5012; baseline -0.003 -15"><span class='ocrx_word' id='word_1_409' title='bbox 461 4936 824 4997; x_wconf 88' lang='lat' dir='ltr'>orationem.</span> <span class='ocrx_word' id='word_1_410' title='bbox 849 4936 1164 4997; x_wconf 86' lang='lat' dir='ltr'>Diaconus</span> <span class='ocrx_word' id='word_1_411' title='bbox 1196 4935 1358 5012; x_wconf 89' lang='lat' dir='ltr'>dicit,</span> <span class='ocrx_word' id='word_1_412' title='bbox 1381 4934 1829 4995; x_wconf 84' lang='lat' dir='ltr'>Benedicamus</span> <span class='ocrx_word' id='word_1_413' title='bbox 1851 4933 2148 5007; x_wconf 87' lang='lat' dir='ltr'>Domin0,</span> <span class='ocrx_word' id='word_1_414' title='bbox 2171 4950 2227 4994; x_wconf 92' lang='lat' dir='ltr'>et</span> <span class='ocrx_word' id='word_1_415' title='bbox 2249 4932 2542 4994; x_wconf 89' lang='lat' dir='ltr'>dominus</span> <span class='ocrx_word' id='word_1_416' title='bbox 2566 4932 2726 5011; x_wconf 85' lang='lat' dir='ltr'>Papa</span> <span class='ocrx_word' id='word_1_417' title='bbox 2750 4931 3072 4991; x_wconf 88' lang='lat' dir='ltr'>benedicit.</span> 
     </span>
    </p>
   </div>
  </div>
 </body>
</html>
