3684 5416
2597 399 2688 404 ——-
2717 399 3248 406 z—-k-*i

670 519 840 599 apud
872 518 1309 582 Alexandriam
1352 522 1420 583 B.
1454 523 1613 583 Petri
1658 524 1922 585 nomine
1954 544 1986 584 a
2020 524 2251 600 Marco,
2296 523 2428 585 eius
2474 523 2777 605 discipulo
2808 539 2990 605 atque
3022 544 3294 604 euange-

668 623 826 704 lista,
859 643 1210 688 consecrata
1244 645 1349 690 est.
1430 638 1459 698 s
1492 650 1553 709 4.
1602 630 1823 692 Tereia
1860 650 2015 693 uero
2047 632 2225 692 sedes
2256 632 2423 713 apud
2456 630 2855 693 Antiochiam
2886 630 3183 710 eiusdem,
3216 632 3288 693 B.

668 732 831 793 Petri
863 733 1126 795 habetur
1156 735 1572 798 honorabilis:
1623 737 1770 818 quia
1801 737 1942 818 illic,
1977 737 2341 819 priusquam
2375 738 2727 799 Romanam
2758 739 3018 815 ueniret,
3053 739 3289 816 habuit,

671 855 731 901 et
762 839 1069 919 Ignatium
1115 843 1479 924 episcopum
1531 845 1880 922 constituit;
1931 861 1991 907 et
2038 845 2158 907 illic
2205 846 2482 928 primum
2528 864 2759 907 nornen
2792 844 3290 908 Christianorum

592 954 615 998 5
672 963 961 1010 exortum
992 966 1098 1030 est,
1130 950 1216 1012 Et
1228 958 1380 1032 post
1392 960 1623 1032 pauca.
1672 961 1701 1022 S
1744 973 1797 1031 5.
1832 952 1991 1013 lnter
2021 954 2232 1014 beatos
2263 953 2582 1036 apostolos
2614 953 2886 1033 quedam
2918 950 3032 1013 fuit
3063 951 3292 1012 discre-

671 1055 779 1135 tio,
827 1072 888 1118 et
932 1073 1071 1139 post
1114 1057 1252 1118 licet
1284 1077 1506 1120 omnes
1538 1075 1742 1120 essent
1773 1059 2058 1141 apostoli,
2093 1061 2270 1121 Petro
2302 1077 2508 1123 tamen
2540 1081 2575 1122 a
2607 1059 2890 1121 Domino
2923 1077 3290 1120 concessum

671 1178 762 1225 est
794 1163 873 1240 (et
904 1163 1020 1245 ipsi
1052 1165 1213 1225 inter
1243 1185 1306 1226 se
1340 1166 1679 1227 uoluerunt
1712 1166 1773 1227 id
1806 1167 2056 1247 ipsum),
2105 1184 2174 1229 ut
2217 1167 2471 1249 reliquis
2503 1168 2797 1229 omnibus
2830 1180 3099 1247 preesset
3136 1183 3290 1246 apo-

673 1269 858 1349 stolis,
891 1285 951 1332 et
983 1271 1251 1353 Cephas,
1287 1272 1348 1333 id
1382 1288 1471 1333 est
1504 1289 1688 1354 caput
1719 1289 1778 1335 et
1811 1273 2184 1356 principium
2214 1290 2448 1337 teneret
2479 1274 2888 1356 apostolatus;
2939 1272 3048 1353 qui
3068 1287 3126 1333 et
3146 1291 3292 1333 ean-

674 1376 820 1437 dem
853 1377 1119 1439 formam
1153 1378 1281 1440 suis
1313 1380 1775 1442 successoribus
1807 1396 1866 1442 et
1896 1380 2153 1462 reliquis
2186 1382 2492 1464 episcopis
2523 1382 2856 1443 tenendam
2891 1379 3304 1441 tradiderunt..

570 1491 622 1524 ¹⁰
674 1484 747 1546 Et
790 1502 922 1545 non
967 1484 1175 1546 solum
1208 1485 1330 1546 hoc
1364 1485 1429 1546 in
1461 1505 1634 1547 nouo
1664 1501 2034 1549 testamento
2066 1504 2157 1549 est
2189 1488 2615 1565 constitutum,
2645 1489 2753 1549 sed
2786 1488 2970 1550 etiam
3002 1487 3069 1548 in
3101 1487 3290 1547 ueteri

674 1592 821 1668 fuit3
873 1593 1040 1653 unde
1087 1592 1383 1673 scriptum
1435 1608 1555 1654 est:
1612 1594 1905 1675 «Moyses
1956 1610 2014 1656 et
2059 1599 2235 1656 Aron
2286 1595 2353 1656 in
2402 1595 2824 1657 sacerdotibus
2869 1595 3065 1673 eius»,
3109 1593 3174 1654 id
3204 1609 3298 1654 est

675 1699 858 1782 primi
909 1698 1067 1761 inter
1116 1719 1223 1761 eos
1271 1700 1541 1762 fuerunt.
1586 1700 1672 1762 Et
1699 1708 1854 1781 post
1880 1711 2091 1784 pauca
2107 1726 2132 1763 .·
2194 1712 2223 1772 s
2272 1704 2329 1764 6.
2382 1703 2512 1764 Hec
2559 1723 2711 1764 uero
2744 1702 3084 1783 apostolica
3114 1700 3293 1761 sedes

674 1821 860 1888 caput
905 1821 963 1867 et
1002 1807 1190 1867 cardo
1235 1807 1323 1884 (ut
1369 1807 1713 1887 praefatum
1759 1808 1868 1884 est)
1903 1830 1935 1869 a
1969 1808 2265 1884 Domino,
2297 1824 2358 1884 et
2390 1827 2520 1871 non
2551 1811 2627 1870 ab
2660 1808 2781 1870 alio
2813 1807 3142 1869 constituta
3175 1823 3290 1880 est;

678 1927 739 1975 et
788 1912 949 1974 sicut
992 1913 1239 1974 cardine
1272 1914 1502 1975 ostium
1536 1915 1786 1995 regitur,
1820 1915 1908 1976 sic
1941 1915 2128 1977 huius
2159 1931 2402 1977 sanctae
2436 1915 2806 1997 apostolicae
2838 1913 2999 1975 sedis
3031 1912 3293 1974 auctori-

574 2032 621 2077 15
675 2034 798 2081 tate
828 2040 1048 2082 omnes
1081 2020 1331 2082 ecclesie
1365 2020 1662 2097 (Domino
1697 2022 2085 2103 disponente)
2120 2038 2440 2103 reguntur.

894 2127 1164 2189 Gratian.
1239 2127 1386 2189 Hac
1433 2132 1802 2191 auctoritate
1847 2129 2280 2191 Alexandrina
2329 2130 2589 2192 ecclesia
2634 2130 2964 2191 secundum
3011 2151 3050 2190 a
3081 2130 3306 2209 prima

681 2237 879 2299 locum
925 2235 1148 2297 habere
1194 2243 1490 2298 censetur.
1554 2237 1603 2298 S
1604 2238 1684 2297 ed
1710 2244 1929 2319 postea
1962 2241 2027 2298 in
2055 2237 2756 2320 ‚Constantinopolitano
2789 2237 3006 2299 sinodo
3040 2236 3306 2296 ecclesia

683 2344 1372 2426 Constantinopolitana
1403 2345 1735 2406 secundum
1768 2367 1804 2404 a
1837 2346 1977 2406 sede
2008 2343 2346 2426 apostolica
2378 2344 2574 2406 locum
2607 2347 2855 2425 accepit.

1182 2605 1310 2663 228.
1351 2605 1766 2662 concILnJu
1805 2604 2353 2662 ANTIOGRENUM
2391 2606 2535 2661 hab.
2577 2622 2634 2661 a.
2671 2605 2801 2660 332.

572 2744 627 2776 ²⁰
1518 2734 1583 2803 a)
1636 2732 2482 2803 c.4.=c.1.C.IX.q.3.

897 2863 925 2890 ‘
982 2862 1193 2931 Corpus
1231 2863 1336 2913 ίαν.
1374 2877 1495 2913 can.
1534 2860 1624 2913 ed.
1664 2857 1828 2913 Frie
1846 2858 1936 2912 db
1955 2873 2098 2929 erg.
2139 2858 2313 2911 Tom.
2343 2858 2380 2911 Ι.
2422 2857 2532 2913 col.
2560 2859 2681 2913 606.
2742 2856 2787 2910 Β
2807 2874 2885 2910 ru
2905 2874 2941 2911 n
2959 2873 2985 2909 s
3004 2896 3017 2919 ‚
3057 2857 3309 2910 Conone>-

678 2943 1067 3013 Apostolorum
1107 2947 1163 2994 et
1186 2941 1574 2995 Cone-iliorum.
1615 2940 1789 2994 Tom.
1818 2939 1881 2992 11.
1921 2955 1976 3010 p.
2000 2957 2088 3007 44.
2139 2936 2286 2992 Hes
2297 2938 2440 3008 ele,
2482 2937 3087 3008 Conciliengesclzichte.
3125 2936 3304 2991 Tom.

679 3020 720 3073 1.
800 3059 813 3072 .
898 3039 975 3089 14.

721 3037 1129 3180 NZcSepiscopi
1158 3107 1278 3162 sine
1306 3105 1736 3176 metropolitani
1763 3122 2073 3171 consensu,
2101 3122 2208 3161 nec
2234 3105 2324 3161 ille
2351 3104 2473 3160 sine
2502 3122 2708 3160 eorum
2735 3121 3026 3160 consensu
3051 3102 3261 3176 aliquid

574 3204 626 3247 ²5
1579 3202 1749 3257 agere
1776 3186 1965 3241 debet.
2007 3188 2188 3252 (Decr.
2231 3186 2424 3249 Grat.)

898 3303 1014 3364 Per
1044 3301 1319 3381 singulas
1353 3299 1707 3381 prouincias
1741 3316 1983 3382 oportet
2012 3300 2337 3382 episcopos
2357 3318 2731 3379 cognoscere
2751 3298 3306 3380 metropolitanum

682 3429 889 3489 suum,
921 3425 979 3471 et
1012 3409 1218 3491 ipsum
1250 3408 1546 3490 primatus
1579 3427 1793 3470 curam
1825 3407 2154 3489 suscipere,
2201 3407 2388 3469 nichil
2421 3422 2627 3469 autem
2659 3424 2837 3485 agere
2870 3404 3140 3485 reliquos
3170 3404 3302 3485 epi-

682 3537 905 3600 scopos
938 3532 1140 3599 preter
1171 3536 1340 3594 eum,
1375 3516 1722 3577 secundum
1743 3516 1917 3596 quod
1939 3515 2277 3596 antiquitus
2297 3536 2330 3575 a
2353 3513 2626 3596 patribus
2649 3511 2870 3575 nostris
2890 3512 3300 3573 constitutum

684 3624 1039 3687 continetur
1069 3624 1135 3685 in
1167 3641 1427 3685 canone.
1491 3623 1745 3704 Propter
1777 3622 1952 3702 quod
1985 3637 2042 3682 et
2076 3621 2594 3703 metropolitanus
2631 3620 2816 3681 nichil
2839 3618 3304 3700 praesumptiue

576 3757 630 3803 30
684 3747 954 3792 assumat
986 3732 1220 3811 absque
1253 3729 1515 3791 consilio
1549 3744 1916 3791 ceterorum.

1579 3918 1646 3989 b)
1684 3934 1730 3973 c.
1759 3935 1886 3989 9=
1915 3934 1962 3973 c.
1992 3937 2041 3973 2.
2070 3918 2135 3975 C.
2165 3919 2259 3972 IX.
2289 3936 2343 3991 q.
2377 3937 2424 3991 3.

899 4065 929 4094 ‘
989 4065 1200 4136 Corpus
1237 4067 1341 4118 ίαν.
1368 4080 1490 4117 can.
1519 4063 1607 4116 ed.
1647 4060 2084 4134 Friedberg.
2123 4063 2366 4117 Tom.1.
2407 4061 2515 4116 col.
2543 4062 2842 4130 606—607.
2883 4059 3150 4126 Bruns,
3190 4059 3298 4109 Ca—

685 4162 866 4199 nones.
906 4145 1079 4202 Torn.
1120 4144 1183 4198 11.
1221 4162 1275 4216 p.
1302 4161 1389 4215 49.
1465 4141 1614 4197 Hes
1623 4142 1767 4205 ele,
1809 4143 2409 4213 Cotzcz'lz'cvzgeschtkhte.
2449 4142 2621 4197 Tom.
2649 4142 2687 4195 1.
2726 4158 2780 4212 p.
2824 4157 2943 4211 515·

792 4267 930 4323 Sine
958 4268 1387 4339 metropolitani
1419 4266 1770 4325 conscientia
1799 4281 1957 4322 extra
1984 4285 2149 4323 suam
2177 4266 2492 4324 dioecesim
2522 4264 2690 4321 nichil
2716 4276 2851 4335 agat
2877 4262 3197 4335 episcopus.

577 4360 628 4408 35
1794 4351 1978 4414 (Decr.
2024 4350 2209 4415 Grat.)

898 4472 1016 4534 Per
1059 4471 1332 4551 singulas
1377 4471 1731 4556 prouincias
1776 4471 2103 4553 episcopos
2135 4471 2418 4551 singulos
2452 4470 2603 4531 scire
2629 4483 2902 4550 oportet,
2935 4467 3299 4549 episcopum

685 4578 1257 4661 metropolitanum,
1305 4579 1415 4660 qui
1461 4594 1679 4661 preest,
1726 4598 1937 4641 curam
1974 4594 2036 4640 et
2066 4578 2549 4640 sollicitudinem
2582 4577 2771 4637 totius
2805 4573 3163 4658 prouinciae
3194 4592 3295 4633 su-

683 4686 970 4770 scepisse.
1036 4687 1292 4767 Propter
1342 4687 1518 4767 quod
1568 4688 1646 4748 ad
1696 4685 2236 4768 metropolitanam
2285 4686 2600 4748 ciuitatem
2646 4684 2721 4744 ab
2771 4683 2886 4759 his,
2931 4681 3041 4763 qui
3088 4701 3299 4742 causas

683 4795 933 4873 habent,
966 4810 1389 4855 concurratur.
1433 4793 1833 4875 Quapropter
1866 4792 2094 4875 placuit
2125 4812 2270 4854 eum
2306 4808 2363 4853 et
2394 4794 2635 4853 honore
2669 4789 3021 4872 precellere,
3056 4804 3114 4849 et
3147 4787 3302 4849 nihil

573 4930 632 4970 40
685 4902 840 4963 ultra
889 4902 1020 4963 sine
1064 4901 1200 4983 ipso
1247 4900 1519 4982 reliquos
1565 4900 1892 4983 episcopos
1938 4920 2117 4982 agere
2162 4901 2508 4961 secundum
2542 4897 2870 4979 antiquum
2900 4897 3155 4959 Patrum
3186 4914 3308 4957 no-
