<?xml version="1.0" encoding="UTF-8"?>
<!DOCTYPE html PUBLIC "-//W3C//DTD XHTML 1.0 Transitional//EN"
    "http://www.w3.org/TR/xhtml1/DTD/xhtml1-transitional.dtd">
<html xmlns="http://www.w3.org/1999/xhtml" xml:lang="en" lang="en">
 <head>
  <title>
</title>
<meta http-equiv="Content-Type" content="text/html;charset=utf-8" />
  <meta name='ocr-system' content='tesseract 3.04.00' />
  <meta name='ocr-capabilities' content='ocr_page ocr_carea ocr_par ocr_line ocrx_word'/>
</head>
<body>
  <div class='ocr_page' id='page_1' title='image "./fontesiuriscano00unkngoog/fontesiuriscano00unkngoog_0417.png"; bbox 0 0 3684 5416; ppageno 0'>
   <div class='ocr_carea' id='block_1_1' title="bbox 1596 347 3046 422">
    <p class='ocr_par' dir='ltr' id='par_1_1' title="bbox 1596 347 3046 422">
     <span class='ocr_line' id='line_1_1' title="bbox 1596 347 3046 422; baseline -0.002 -18"><span class='ocrx_word' id='word_1_1' title='bbox 1596 347 1919 404; x_wconf 81' lang='lat' dir='ltr'>Ordinatio.</span> <span class='ocrx_word' id='word_1_2' title='bbox 2956 350 3046 422; x_wconf 69' lang='lat'>382</span> 
     </span>
    </p>
   </div>
   <div class='ocr_carea' id='block_1_2' title="bbox 446 525 3055 600">
    <p class='ocr_par' dir='ltr' id='par_1_2' title="bbox 446 525 3055 600">
     <span class='ocr_line' id='line_1_2' title="bbox 446 525 3055 600; baseline -0.002 -15"><span class='ocrx_word' id='word_1_3' title='bbox 446 528 760 585; x_wconf 84' lang='lat' dir='ltr'>Cuiusdam</span> <span class='ocrx_word' id='word_1_4' title='bbox 793 527 1062 600; x_wconf 80' lang='lat' dir='ltr'>Episcopi</span> <span class='ocrx_word' id='word_1_5' title='bbox 1089 526 1375 582; x_wconf 87' lang='lat' dir='ltr'>ordinatio</span> <span class='ocrx_word' id='word_1_6' title='bbox 1406 525 1685 596; x_wconf 84' lang='lat' dir='ltr'>differtur,</span> <span class='ocrx_word' id='word_1_7' title='bbox 1713 525 1845 598; x_wconf 87' lang='lat' dir='ltr'>quia</span> <span class='ocrx_word' id='word_1_8' title='bbox 1874 543 2111 580; x_wconf 83' lang='lat' dir='ltr'>uxorem</span> <span class='ocrx_word' id='word_1_9' title='bbox 2139 525 2314 581; x_wconf 84' lang='lat' dir='ltr'>habet</span> <span class='ocrx_word' id='word_1_10' title='bbox 2341 538 2398 580; x_wconf 89' lang='lat' dir='ltr'>et</span> <span class='ocrx_word' id='word_1_11' title='bbox 2425 525 2588 581; x_wconf 85' lang='lat' dir='ltr'>filios.</span> <span class='ocrx_word' id='word_1_12' title='bbox 2632 528 2816 592; x_wconf 85' lang='lat' dir='ltr'>(Decr.</span> <span class='ocrx_word' id='word_1_13' title='bbox 2861 530 3055 585; x_wconf 53' lang='grc' dir='ltr'>(έναι)</span> 
     </span>
    </p>
   </div>
   <div class='ocr_carea' id='block_1_3' title="bbox 347 636 3077 2971">
    <p class='ocr_par' dir='ltr' id='par_1_3' title="bbox 444 636 3062 938">
     <span class='ocr_line' id='line_1_3' title="bbox 658 636 3061 721; baseline -0.002 -19"><span class='ocrx_word' id='word_1_14' title='bbox 658 641 805 702; x_wconf 91' lang='lat' dir='ltr'><strong>VIII.</strong></span> <span class='ocrx_word' id='word_1_15' title='bbox 842 642 1006 702; x_wconf 90' lang='lat' dir='ltr'>Pars.</span> <span class='ocrx_word' id='word_1_16' title='bbox 1059 640 1151 700; x_wconf 93' lang='lat' dir='ltr'>De</span> <span class='ocrx_word' id='word_1_17' title='bbox 1185 639 1581 700; x_wconf 76' lang='lat' dir='ltr'>siracusanae</span> <span class='ocrx_word' id='word_1_18' title='bbox 1628 638 1800 699; x_wconf 90' lang='lat' dir='ltr'>urbis</span> <span class='ocrx_word' id='word_1_19' title='bbox 1846 636 2109 698; x_wconf 80' lang='lat' dir='ltr'>antistite</span> <span class='ocrx_word' id='word_1_20' title='bbox 2142 653 2583 718; x_wconf 88' lang='lat' dir='ltr'>optaueramus</span> <span class='ocrx_word' id='word_1_21' title='bbox 2616 639 2680 700; x_wconf 90' lang='lat' dir='ltr'>in</span> <span class='ocrx_word' id='word_1_22' title='bbox 2714 640 2848 721; x_wconf 89' lang='lat' dir='ltr'>ipso</span> <span class='ocrx_word' id='word_1_23' title='bbox 2883 639 3061 699; x_wconf 90' lang='lat' dir='ltr'>initio</span> 
     </span>
     <span class='ocr_line' id='line_1_4' title="bbox 444 745 3062 834; baseline -0.002 -22"><span class='ocrx_word' id='word_1_24' title='bbox 444 751 675 834; x_wconf 87' lang='lat' dir='ltr'>gloriae</span> <span class='ocrx_word' id='word_1_25' title='bbox 708 765 945 812; x_wconf 87' lang='lat' dir='ltr'>uestrae</span> <span class='ocrx_word' id='word_1_26' title='bbox 979 747 1294 809; x_wconf 85' lang='lat' dir='ltr'>desideriis</span> <span class='ocrx_word' id='word_1_27' title='bbox 1326 747 1596 825; x_wconf 88' lang='lat' dir='ltr'>obedire,</span> <span class='ocrx_word' id='word_1_28' title='bbox 1619 745 1735 806; x_wconf 83' lang='lat' dir='ltr'>nisi</span> <span class='ocrx_word' id='word_1_29' title='bbox 1770 766 1887 807; x_wconf 91' lang='lat' dir='ltr'>nos</span> <span class='ocrx_word' id='word_1_30' title='bbox 1921 747 2241 828; x_wconf 84' lang='lat' dir='ltr'>multiplex</span> <span class='ocrx_word' id='word_1_31' title='bbox 2273 747 2426 807; x_wconf 88' lang='lat' dir='ltr'>ratio</span> <span class='ocrx_word' id='word_1_32' title='bbox 2458 746 2651 828; x_wconf 89' lang='lat' dir='ltr'>ipsius</span> <span class='ocrx_word' id='word_1_33' title='bbox 2683 768 2812 809; x_wconf 89' lang='lat' dir='ltr'>non</span> <span class='ocrx_word' id='word_1_34' title='bbox 2850 747 3062 828; x_wconf 86' lang='lat' dir='ltr'>paucis</span> 
     </span>
     <span class='ocr_line' id='line_1_5' title="bbox 445 853 3061 938; baseline -0.002 -20"><span class='ocrx_word' id='word_1_35' title='bbox 445 858 832 938; x_wconf 87' lang='lat' dir='ltr'>temporibus</span> <span class='ocrx_word' id='word_1_36' title='bbox 878 856 1339 917; x_wconf 86' lang='lat' dir='ltr'>ordinationem</span> <span class='ocrx_word' id='word_1_37' title='bbox 1388 854 1628 915; x_wconf 88' lang='lat' dir='ltr'>differre</span> <span class='ocrx_word' id='word_1_38' title='bbox 1677 854 2001 915; x_wconf 85' lang='lat' dir='ltr'>sacerdotii</span> <span class='ocrx_word' id='word_1_39' title='bbox 2052 853 2370 933; x_wconf 86' lang='lat' dir='ltr'>coegisset,</span> <span class='ocrx_word' id='word_1_40' title='bbox 2418 856 2501 915; x_wconf 94' lang='lat' dir='ltr'>ob</span> <span class='ocrx_word' id='word_1_41' title='bbox 2546 856 2687 929; x_wconf 86' lang='lat' dir='ltr'>hoc,</span> <span class='ocrx_word' id='word_1_42' title='bbox 2735 855 2907 935; x_wconf 90' lang='lat' dir='ltr'>quod</span> <span class='ocrx_word' id='word_1_43' title='bbox 2959 855 3061 916; x_wconf 93' lang='lat' dir='ltr'>uel</span> 
     </span>
    </p>

    <p class='ocr_par' dir='ltr' id='par_1_4' title="bbox 370 962 3064 1474">
     <span class='ocr_line' id='line_1_6' title="bbox 370 962 3061 1046; baseline -0.002 -19"><span class='ocrx_word' id='word_1_44' title='bbox 370 986 390 1029; x_wconf 82' lang='lat'>5</span> <span class='ocrx_word' id='word_1_45' title='bbox 447 983 745 1046; x_wconf 86' lang='lat' dir='ltr'>personae</span> <span class='ocrx_word' id='word_1_46' title='bbox 792 963 1052 1044; x_wconf 85' lang='lat' dir='ltr'>qualitas</span> <span class='ocrx_word' id='word_1_47' title='bbox 1101 962 1278 1040; x_wconf 86' lang='lat' dir='ltr'>(sicut</span> <span class='ocrx_word' id='word_1_48' title='bbox 1324 980 1381 1023; x_wconf 91' lang='lat' dir='ltr'>et</span> <span class='ocrx_word' id='word_1_49' title='bbox 1431 983 1547 1023; x_wconf 91' lang='lat' dir='ltr'>uos</span> <span class='ocrx_word' id='word_1_50' title='bbox 1595 962 1793 1023; x_wconf 89' lang='lat' dir='ltr'>nostis</span> <span class='ocrx_word' id='word_1_51' title='bbox 1842 962 2104 1040; x_wconf 83' lang='lat' dir='ltr'>melius),</span> <span class='ocrx_word' id='word_1_52' title='bbox 2154 962 2255 1023; x_wconf 88' lang='lat' dir='ltr'>uel</span> <span class='ocrx_word' id='word_1_53' title='bbox 2288 977 2598 1042; x_wconf 88' lang='lat' dir='ltr'>superstes</span> <span class='ocrx_word' id='word_1_54' title='bbox 2630 981 2787 1023; x_wconf 85' lang='lat' dir='ltr'>uxor</span> <span class='ocrx_word' id='word_1_55' title='bbox 2819 977 2924 1022; x_wconf 87' lang='lat' dir='ltr'>aut</span> <span class='ocrx_word' id='word_1_56' title='bbox 2956 962 3061 1023; x_wconf 87' lang='lat' dir='ltr'>filii</span> 
     </span>
     <span class='ocr_line' id='line_1_7' title="bbox 447 1069 3064 1157; baseline -0.002 -24"><span class='ocrx_word' id='word_1_57' title='bbox 447 1074 573 1155; x_wconf 89' lang='lat' dir='ltr'>(per</span> <span class='ocrx_word' id='word_1_58' title='bbox 618 1093 781 1153; x_wconf 91' lang='lat' dir='ltr'>quos</span> <span class='ocrx_word' id='word_1_59' title='bbox 829 1070 1229 1157; x_wconf 84' lang='lat' dir='ltr'>ecclesiastica</span> <span class='ocrx_word' id='word_1_60' title='bbox 1275 1072 1434 1133; x_wconf 91' lang='lat' dir='ltr'>solet</span> <span class='ocrx_word' id='word_1_61' title='bbox 1477 1070 1800 1151; x_wconf 88' lang='lat' dir='ltr'>periclitari</span> <span class='ocrx_word' id='word_1_62' title='bbox 1847 1069 2227 1145; x_wconf 86' lang='lat' dir='ltr'>substantia),</span> <span class='ocrx_word' id='word_1_63' title='bbox 2276 1084 2523 1131; x_wconf 89' lang='lat' dir='ltr'>nostros</span> <span class='ocrx_word' id='word_1_64' title='bbox 2554 1070 2797 1131; x_wconf 90' lang='lat' dir='ltr'>animos</span> <span class='ocrx_word' id='word_1_65' title='bbox 2830 1070 3064 1131; x_wconf 88' lang='lat' dir='ltr'>diutius</span> 
     </span>
     <span class='ocr_line' id='line_1_8' title="bbox 446 1177 3062 1259; baseline -0.002 -19"><span class='ocrx_word' id='word_1_66' title='bbox 446 1182 521 1241; x_wconf 90' lang='lat' dir='ltr'>ab</span> <span class='ocrx_word' id='word_1_67' title='bbox 555 1179 689 1243; x_wconf 89' lang='lat' dir='ltr'>eius</span> <span class='ocrx_word' id='word_1_68' title='bbox 723 1178 1113 1241; x_wconf 91' lang='lat' dir='ltr'>ordinatione</span> <span class='ocrx_word' id='word_1_69' title='bbox 1146 1179 1569 1259; x_wconf 88' lang='lat' dir='ltr'>suspenderet.</span> <span class='ocrx_word' id='word_1_70' title='bbox 1633 1179 1709 1239; x_wconf 86' lang='lat' dir='ltr'>Et</span> <span class='ocrx_word' id='word_1_71' title='bbox 1759 1193 2067 1258; x_wconf 89' lang='lat' dir='ltr'>quantum</span> <span class='ocrx_word' id='word_1_72' title='bbox 2102 1178 2177 1239; x_wconf 90' lang='lat' dir='ltr'>ad</span> <span class='ocrx_word' id='word_1_73' title='bbox 2211 1177 2515 1239; x_wconf 82' lang='lat' dir='ltr'>cautelam</span> <span class='ocrx_word' id='word_1_74' title='bbox 2546 1177 2888 1237; x_wconf 87' lang='lat' dir='ltr'>humanam</span> <span class='ocrx_word' id='word_1_75' title='bbox 2926 1196 3062 1258; x_wconf 90' lang='lat' dir='ltr'>per-</span> 
     </span>
     <span class='ocr_line' id='line_1_9' title="bbox 447 1283 3061 1367; baseline -0.001 -21"><span class='ocrx_word' id='word_1_76' title='bbox 447 1286 615 1365; x_wconf 82' lang='lat' dir='ltr'>tinet,</span> <span class='ocrx_word' id='word_1_77' title='bbox 662 1286 900 1366; x_wconf 83' lang='lat' dir='ltr'>integro</span> <span class='ocrx_word' id='word_1_78' title='bbox 946 1307 1111 1350; x_wconf 89' lang='lat' dir='ltr'>anno</span> <span class='ocrx_word' id='word_1_79' title='bbox 1157 1306 1317 1367; x_wconf 89' lang='lat' dir='ltr'>pene</span> <span class='ocrx_word' id='word_1_80' title='bbox 1365 1286 1740 1362; x_wconf 76' lang='lat' dir='ltr'>distulimuS‚</span> <span class='ocrx_word' id='word_1_81' title='bbox 1795 1286 2142 1367; x_wconf 76' lang='lat' dir='ltr'>opinanteS,</span> <span class='ocrx_word' id='word_1_82' title='bbox 2191 1284 2366 1365; x_wconf 89' lang='lat' dir='ltr'>quod</span> <span class='ocrx_word' id='word_1_83' title='bbox 2400 1284 2464 1345; x_wconf 89' lang='lat' dir='ltr'>in</span> <span class='ocrx_word' id='word_1_84' title='bbox 2499 1283 2718 1344; x_wconf 91' lang='lat' dir='ltr'>melius</span> <span class='ocrx_word' id='word_1_85' title='bbox 2751 1283 3061 1344; x_wconf 87' lang='lat' dir='ltr'>Siracusa-</span> 
     </span>
     <span class='ocr_line' id='line_1_10' title="bbox 450 1389 3063 1474; baseline -0.002 -21"><span class='ocrx_word' id='word_1_86' title='bbox 450 1411 676 1454; x_wconf 92' lang='lat' dir='ltr'>norum</span> <span class='ocrx_word' id='word_1_87' title='bbox 723 1393 1053 1474; x_wconf 91' lang='lat' dir='ltr'>prouenire</span> <span class='ocrx_word' id='word_1_88' title='bbox 1101 1409 1307 1473; x_wconf 90' lang='lat' dir='ltr'>posset</span> <span class='ocrx_word' id='word_1_89' title='bbox 1339 1392 1573 1454; x_wconf 83' lang='lat' dir='ltr'>electio,</span> <span class='ocrx_word' id='word_1_90' title='bbox 1637 1392 1760 1453; x_wconf 89' lang='lat' dir='ltr'>Sed</span> <span class='ocrx_word' id='word_1_91' title='bbox 1794 1391 1939 1472; x_wconf 90' lang='lat' dir='ltr'>quia</span> <span class='ocrx_word' id='word_1_92' title='bbox 1975 1390 2034 1452; x_wconf 92' lang='lat' dir='ltr'>in</span> <span class='ocrx_word' id='word_1_93' title='bbox 2067 1390 2407 1451; x_wconf 90' lang='lat' dir='ltr'>uoluntatis</span> <span class='ocrx_word' id='word_1_94' title='bbox 2438 1409 2584 1452; x_wconf 89' lang='lat' dir='ltr'>suae</span> <span class='ocrx_word' id='word_1_95' title='bbox 2617 1389 2936 1470; x_wconf 88' lang='lat' dir='ltr'>proposito</span> <span class='ocrx_word' id='word_1_96' title='bbox 2969 1389 3063 1450; x_wconf 90' lang='lat' dir='ltr'>in-</span> 
     </span>
    </p>

    <p class='ocr_par' dir='ltr' id='par_1_5' title="bbox 347 1495 3069 2006">
     <span class='ocr_line' id='line_1_11' title="bbox 347 1495 3067 1591; baseline -0.001 -34"><span class='ocrx_word' id='word_1_97' title='bbox 347 1526 398 1557; x_wconf 80' lang='grc' dir='ltr'>ιο</span> <span class='ocrx_word' id='word_1_98' title='bbox 451 1498 873 1559; x_wconf 88' lang='lat' dir='ltr'>reuocabiliter</span> <span class='ocrx_word' id='word_1_99' title='bbox 907 1499 1321 1580; x_wconf 89' lang='lat' dir='ltr'>perstiterunt,</span> <span class='ocrx_word' id='word_1_100' title='bbox 1344 1515 1402 1559; x_wconf 90' lang='lat' dir='ltr'>et</span> <span class='ocrx_word' id='word_1_101' title='bbox 1434 1498 1643 1560; x_wconf 90' lang='lat' dir='ltr'>nullus</span> <span class='ocrx_word' id='word_1_102' title='bbox 1676 1514 1766 1559; x_wconf 90' lang='lat' dir='ltr'>est</span> <span class='ocrx_word' id='word_1_103' title='bbox 1797 1498 1952 1558; x_wconf 87' lang='lat' dir='ltr'>alius</span> <span class='ocrx_word' id='word_1_104' title='bbox 1986 1515 2263 1591; x_wconf 60' lang='lat' dir='ltr'>repertus</span> <span class='ocrx_word' id='word_1_105' title='bbox 2295 1497 2357 1558; x_wconf 91' lang='lat' dir='ltr'>in</span> <span class='ocrx_word' id='word_1_106' title='bbox 2389 1495 2640 1558; x_wconf 89' lang='lat' dir='ltr'>ecclesia</span> <span class='ocrx_word' id='word_1_107' title='bbox 2676 1497 2912 1570; x_wconf 85' lang='lat' dir='ltr'>eadem,</span> <span class='ocrx_word' id='word_1_108' title='bbox 2950 1496 3067 1557; x_wconf 83' lang='lat' dir='ltr'>nisi</span> 
     </span>
     <span class='ocr_line' id='line_1_12' title="bbox 450 1603 3069 1685; baseline -0.001 -20"><span class='ocrx_word' id='word_1_109' title='bbox 450 1605 836 1684; x_wconf 84' lang='lat' dir='ltr'>longioribus</span> <span class='ocrx_word' id='word_1_110' title='bbox 881 1606 1085 1666; x_wconf 88' lang='lat' dir='ltr'>adhuc</span> <span class='ocrx_word' id='word_1_111' title='bbox 1131 1621 1485 1685; x_wconf 88' lang='lat' dir='ltr'>temporum</span> <span class='ocrx_word' id='word_1_112' title='bbox 1534 1605 1847 1665; x_wconf 80' lang='lat' dir='ltr'>differetur</span> <span class='ocrx_word' id='word_1_113' title='bbox 1890 1604 2128 1685; x_wconf 87' lang='lat' dir='ltr'>spatiis;</span> <span class='ocrx_word' id='word_1_114' title='bbox 2180 1623 2258 1664; x_wconf 87' lang='lat' dir='ltr'>ne</span> <span class='ocrx_word' id='word_1_115' title='bbox 2308 1603 2495 1684; x_wconf 89' lang='lat' dir='ltr'>paulo</span> <span class='ocrx_word' id='word_1_116' title='bbox 2541 1604 2807 1685; x_wconf 90' lang='lat' dir='ltr'>amplius</span> <span class='ocrx_word' id='word_1_117' title='bbox 2842 1603 3069 1664; x_wconf 86' lang='lat' dir='ltr'>insani-</span> 
     </span>
     <span class='ocr_line' id='line_1_13' title="bbox 454 1709 3066 1792; baseline -0.002 -20"><span class='ocrx_word' id='word_1_118' title='bbox 454 1728 585 1772; x_wconf 90' lang='lat' dir='ltr'>rent</span> <span class='ocrx_word' id='word_1_119' title='bbox 629 1711 785 1772; x_wconf 90' lang='lat' dir='ltr'>sicut</span> <span class='ocrx_word' id='word_1_120' title='bbox 829 1711 936 1772; x_wconf 82' lang='lat' dir='ltr'>filii</span> <span class='ocrx_word' id='word_1_121' title='bbox 981 1711 1166 1772; x_wconf 90' lang='lat' dir='ltr'>uestri</span> <span class='ocrx_word' id='word_1_122' title='bbox 1214 1712 1330 1772; x_wconf 90' lang='lat' dir='ltr'>uiri</span> <span class='ocrx_word' id='word_1_123' title='bbox 1378 1711 1692 1792; x_wconf 85' lang='lat' dir='ltr'>magnifici</span> <span class='ocrx_word' id='word_1_124' title='bbox 1748 1711 2007 1792; x_wconf 87' lang='lat' dir='ltr'>pretoris</span> <span class='ocrx_word' id='word_1_125' title='bbox 2039 1709 2459 1771; x_wconf 87' lang='lat' dir='ltr'>testificatione</span> <span class='ocrx_word' id='word_1_126' title='bbox 2493 1711 2875 1785; x_wconf 83' lang='lat' dir='ltr'>dedicimus),</span> <span class='ocrx_word' id='word_1_127' title='bbox 2913 1710 3066 1770; x_wconf 88' lang='lat' dir='ltr'>inter</span> 
     </span>
     <span class='ocr_line' id='line_1_14' title="bbox 455 1814 3069 1897; baseline -0 -19"><span class='ocrx_word' id='word_1_128' title='bbox 455 1818 818 1880; x_wconf 90' lang='lat' dir='ltr'>huiusmodi</span> <span class='ocrx_word' id='word_1_129' title='bbox 864 1818 1291 1897; x_wconf 82' lang='lat' dir='ltr'>ambiguitates</span> <span class='ocrx_word' id='word_1_130' title='bbox 1342 1818 1495 1880; x_wconf 92' lang='lat' dir='ltr'>illud</span> <span class='ocrx_word' id='word_1_131' title='bbox 1544 1816 1893 1879; x_wconf 89' lang='lat' dir='ltr'>consultius</span> <span class='ocrx_word' id='word_1_132' title='bbox 1939 1815 2357 1877; x_wconf 89' lang='lat' dir='ltr'>iudicauimus</span> <span class='ocrx_word' id='word_1_133' title='bbox 2404 1814 2774 1888; x_wconf 85' lang='lat' dir='ltr'>faciendum,</span> <span class='ocrx_word' id='word_1_134' title='bbox 2815 1832 2882 1876; x_wconf 91' lang='lat' dir='ltr'>ut</span> <span class='ocrx_word' id='word_1_135' title='bbox 2915 1835 3069 1877; x_wconf 89' lang='lat' dir='ltr'>con-</span> 
     </span>
     <span class='ocr_line' id='line_1_15' title="bbox 454 1922 3067 2006; baseline -0.001 -21"><span class='ocrx_word' id='word_1_136' title='bbox 454 1945 604 2006; x_wconf 87' lang='lat' dir='ltr'>grua</span> <span class='ocrx_word' id='word_1_137' title='bbox 652 1924 1042 2005; x_wconf 89' lang='lat' dir='ltr'>prouidentia</span> <span class='ocrx_word' id='word_1_138' title='bbox 1089 1944 1356 1997; x_wconf 87' lang='lat' dir='ltr'>causam,</span> <span class='ocrx_word' id='word_1_139' title='bbox 1403 1941 1655 2006; x_wconf 91' lang='lat' dir='ltr'>propter</span> <span class='ocrx_word' id='word_1_140' title='bbox 1701 1945 1894 2005; x_wconf 87' lang='lat' dir='ltr'>quam</span> <span class='ocrx_word' id='word_1_141' title='bbox 1939 1922 2294 2006; x_wconf 88' lang='lat' dir='ltr'>principalis</span> <span class='ocrx_word' id='word_1_142' title='bbox 2344 1922 2705 1985; x_wconf 89' lang='lat' dir='ltr'>constitutio</span> <span class='ocrx_word' id='word_1_143' title='bbox 2740 1924 3067 1983; x_wconf 89' lang='lat' dir='ltr'>habentem</span> 
     </span>
    </p>

    <p class='ocr_par' dir='ltr' id='par_1_6' title="bbox 355 2029 3075 2541">
     <span class='ocr_line' id='line_1_16' title="bbox 355 2029 3066 2113; baseline -0.001 -23"><span class='ocrx_word' id='word_1_144' title='bbox 355 2059 398 2102; x_wconf 79' lang='lat'>15</span> <span class='ocrx_word' id='word_1_145' title='bbox 456 2033 614 2094; x_wconf 82' lang='lat' dir='ltr'>filios</span> <span class='ocrx_word' id='word_1_146' title='bbox 659 2048 716 2093; x_wconf 92' lang='lat' dir='ltr'>et</span> <span class='ocrx_word' id='word_1_147' title='bbox 759 2051 1017 2093; x_wconf 83' lang='lat' dir='ltr'>uxorem</span> <span class='ocrx_word' id='word_1_148' title='bbox 1053 2032 1128 2092; x_wconf 91' lang='lat' dir='ltr'>ad</span> <span class='ocrx_word' id='word_1_149' title='bbox 1163 2032 1554 2113; x_wconf 87' lang='lat' dir='ltr'>episcopatus</span> <span class='ocrx_word' id='word_1_150' title='bbox 1589 2032 1878 2093; x_wconf 89' lang='lat' dir='ltr'>ordinem</span> <span class='ocrx_word' id='word_1_151' title='bbox 1911 2029 2269 2113; x_wconf 88' lang='lat' dir='ltr'>promoueri</span> <span class='ocrx_word' id='word_1_152' title='bbox 2302 2031 2608 2111; x_wconf 89' lang='lat' dir='ltr'>prohibet,</span> <span class='ocrx_word' id='word_1_153' title='bbox 2655 2030 2824 2090; x_wconf 88' lang='lat' dir='ltr'>salua</span> <span class='ocrx_word' id='word_1_154' title='bbox 2858 2030 3066 2110; x_wconf 89' lang='lat' dir='ltr'>dispo-</span> 
     </span>
     <span class='ocr_line' id='line_1_17' title="bbox 455 2136 3069 2214; baseline -0.002 -14"><span class='ocrx_word' id='word_1_155' title='bbox 455 2139 672 2201; x_wconf 88' lang='lat' dir='ltr'>sitione</span> <span class='ocrx_word' id='word_1_156' title='bbox 706 2139 950 2201; x_wconf 87' lang='lat' dir='ltr'>concilii</span> <span class='ocrx_word' id='word_1_157' title='bbox 984 2138 1388 2202; x_wconf 90' lang='lat' dir='ltr'>muniremus.</span> <span class='ocrx_word' id='word_1_158' title='bbox 1427 2139 1569 2214; x_wconf 87' lang='lat' dir='ltr'>Qua</span> <span class='ocrx_word' id='word_1_159' title='bbox 1603 2139 1678 2199; x_wconf 94' lang='lat' dir='ltr'>de</span> <span class='ocrx_word' id='word_1_160' title='bbox 1712 2159 1774 2200; x_wconf 91' lang='lat' dir='ltr'>re</span> <span class='ocrx_word' id='word_1_161' title='bbox 1807 2158 2059 2199; x_wconf 91' lang='lat' dir='ltr'>summo</span> <span class='ocrx_word' id='word_1_162' title='bbox 2091 2138 2300 2199; x_wconf 87' lang='lat' dir='ltr'>studio</span> <span class='ocrx_word' id='word_1_163' title='bbox 2332 2139 2407 2197; x_wconf 92' lang='lat' dir='ltr'>ab</span> <span class='ocrx_word' id='word_1_164' title='bbox 2429 2138 2653 2198; x_wconf 90' lang='lat' dir='ltr'>eodem</span> <span class='ocrx_word' id='word_1_165' title='bbox 2674 2136 3069 2197; x_wconf 87' lang='lat' dir='ltr'>Siracusanae</span> 
     </span>
     <span class='ocr_line' id='line_1_18' title="bbox 456 2244 3067 2328; baseline -0.002 -21"><span class='ocrx_word' id='word_1_166' title='bbox 456 2245 624 2308; x_wconf 87' lang='lat' dir='ltr'>urbis</span> <span class='ocrx_word' id='word_1_167' title='bbox 666 2247 979 2328; x_wconf 90' lang='lat' dir='ltr'>episcop0‚</span> <span class='ocrx_word' id='word_1_168' title='bbox 1024 2247 1388 2328; x_wconf 85' lang='lat' dir='ltr'>priusquam</span> <span class='ocrx_word' id='word_1_169' title='bbox 1422 2269 1456 2308; x_wconf 93' lang='lat' dir='ltr'>a</span> <span class='ocrx_word' id='word_1_170' title='bbox 1491 2246 1673 2308; x_wconf 91' lang='lat' dir='ltr'>nobis</span> <span class='ocrx_word' id='word_1_171' title='bbox 1724 2246 2111 2328; x_wconf 85' lang='lat' dir='ltr'>contingeret</span> <span class='ocrx_word' id='word_1_172' title='bbox 2143 2245 2434 2323; x_wconf 90' lang='lat' dir='ltr'>ordinari,</span> <span class='ocrx_word' id='word_1_173' title='bbox 2468 2245 2831 2306; x_wconf 90' lang='lat' dir='ltr'>huiusmodi</span> <span class='ocrx_word' id='word_1_174' title='bbox 2866 2244 3067 2323; x_wconf 83' lang='lat' dir='ltr'>exegi-</span> 
     </span>
     <span class='ocr_line' id='line_1_19' title="bbox 456 2351 3067 2434; baseline -0.002 -20"><span class='ocrx_word' id='word_1_175' title='bbox 456 2372 597 2414; x_wconf 89' lang='lat' dir='ltr'>mus</span> <span class='ocrx_word' id='word_1_176' title='bbox 628 2354 1000 2427; x_wconf 87' lang='lat' dir='ltr'>cautionem,</span> <span class='ocrx_word' id='word_1_177' title='bbox 1031 2373 1140 2434; x_wconf 90' lang='lat' dir='ltr'>per</span> <span class='ocrx_word' id='word_1_178' title='bbox 1170 2373 1359 2433; x_wconf 88' lang='lat' dir='ltr'>quam</span> <span class='ocrx_word' id='word_1_179' title='bbox 1395 2370 1453 2415; x_wconf 92' lang='lat' dir='ltr'>et</span> <span class='ocrx_word' id='word_1_180' title='bbox 1482 2373 1662 2415; x_wconf 87' lang='lat' dir='ltr'>suam</span> <span class='ocrx_word' id='word_1_181' title='bbox 1698 2355 2005 2431; x_wconf 88' lang='lat' dir='ltr'>fateretur,</span> <span class='ocrx_word' id='word_1_182' title='bbox 2039 2352 2337 2434; x_wconf 87' lang='lat' dir='ltr'>quantula</span> <span class='ocrx_word' id='word_1_183' title='bbox 2370 2366 2546 2430; x_wconf 88' lang='lat' dir='ltr'>esset,</span> <span class='ocrx_word' id='word_1_184' title='bbox 2581 2351 2879 2433; x_wconf 87' lang='lat' dir='ltr'>presentis</span> <span class='ocrx_word' id='word_1_185' title='bbox 2911 2366 3067 2411; x_wconf 91' lang='lat' dir='ltr'>tem-</span> 
     </span>
     <span class='ocr_line' id='line_1_20' title="bbox 460 2458 3075 2541; baseline -0.001 -22"><span class='ocrx_word' id='word_1_186' title='bbox 460 2460 624 2540; x_wconf 90' lang='lat' dir='ltr'>poris</span> <span class='ocrx_word' id='word_1_187' title='bbox 656 2461 860 2521; x_wconf 89' lang='lat' dir='ltr'>habita</span> <span class='ocrx_word' id='word_1_188' title='bbox 893 2479 1100 2521; x_wconf 88' lang='lat' dir='ltr'>rerum</span> <span class='ocrx_word' id='word_1_189' title='bbox 1132 2459 1541 2541; x_wconf 86' lang='lat' dir='ltr'>descriptione</span> <span class='ocrx_word' id='word_1_190' title='bbox 1578 2459 2005 2536; x_wconf 86' lang='lat' dir='ltr'>substantiam,</span> <span class='ocrx_word' id='word_1_191' title='bbox 2054 2476 2113 2519; x_wconf 91' lang='lat' dir='ltr'>et</span> <span class='ocrx_word' id='word_1_192' title='bbox 2146 2458 2335 2519; x_wconf 85' lang='lat' dir='ltr'>nichil</span> <span class='ocrx_word' id='word_1_193' title='bbox 2367 2477 2673 2539; x_wconf 87' lang='lat' dir='ltr'>umquam</span> <span class='ocrx_word' id='word_1_194' title='bbox 2708 2478 2816 2539; x_wconf 88' lang='lat' dir='ltr'>per</span> <span class='ocrx_word' id='word_1_195' title='bbox 2848 2479 2935 2535; x_wconf 87' lang='lat' dir='ltr'>se,</span> <span class='ocrx_word' id='word_1_196' title='bbox 2967 2472 3075 2517; x_wconf 88' lang='lat' dir='ltr'>aut</span> 
     </span>
    </p>

    <p class='ocr_par' dir='ltr' id='par_1_7' title="bbox 352 2564 3077 2971">
     <span class='ocr_line' id='line_1_21' title="bbox 352 2564 3069 2649; baseline 0 -25"><span class='ocrx_word' id='word_1_197' title='bbox 352 2594 405 2624; x_wconf 82' lang='lat'>20</span> <span class='ocrx_word' id='word_1_198' title='bbox 457 2586 565 2649; x_wconf 92' lang='lat' dir='ltr'>per</span> <span class='ocrx_word' id='word_1_199' title='bbox 613 2566 775 2629; x_wconf 88' lang='lat' dir='ltr'>filios</span> <span class='ocrx_word' id='word_1_200' title='bbox 819 2583 878 2627; x_wconf 90' lang='lat' dir='ltr'>et</span> <span class='ocrx_word' id='word_1_201' title='bbox 922 2586 1203 2644; x_wconf 84' lang='lat' dir='ltr'>uxorem,</span> <span class='ocrx_word' id='word_1_202' title='bbox 1251 2565 1382 2626; x_wconf 92' lang='lat' dir='ltr'>siue</span> <span class='ocrx_word' id='word_1_203' title='bbox 1430 2566 1771 2646; x_wconf 89' lang='lat' dir='ltr'>quamlibet</span> <span class='ocrx_word' id='word_1_204' title='bbox 1809 2565 2228 2647; x_wconf 87' lang='lat' dir='ltr'>propinquam</span> <span class='ocrx_word' id='word_1_205' title='bbox 2261 2580 2368 2625; x_wconf 86' lang='lat' dir='ltr'>aut</span> <span class='ocrx_word' id='word_1_206' title='bbox 2398 2564 2799 2625; x_wconf 88' lang='lat' dir='ltr'>domesticam</span> <span class='ocrx_word' id='word_1_207' title='bbox 2835 2565 2935 2625; x_wconf 89' lang='lat' dir='ltr'>uel</span> <span class='ocrx_word' id='word_1_208' title='bbox 2969 2585 3069 2624; x_wconf 86' lang='lat' dir='ltr'>ex-</span> 
     </span>
     <span class='ocr_line' id='line_1_22' title="bbox 457 2671 3074 2757; baseline -0.002 -21"><span class='ocrx_word' id='word_1_209' title='bbox 457 2689 729 2736; x_wconf 87' lang='lat' dir='ltr'>traneam</span> <span class='ocrx_word' id='word_1_210' title='bbox 778 2675 931 2736; x_wconf 85' lang='lat' dir='ltr'>forte</span> <span class='ocrx_word' id='word_1_211' title='bbox 976 2692 1308 2757; x_wconf 87' lang='lat' dir='ltr'>personam</span> <span class='ocrx_word' id='word_1_212' title='bbox 1356 2674 1431 2734; x_wconf 93' lang='lat' dir='ltr'>de</span> <span class='ocrx_word' id='word_1_213' title='bbox 1477 2676 1659 2734; x_wconf 90' lang='lat' dir='ltr'>rebus</span> <span class='ocrx_word' id='word_1_214' title='bbox 1705 2675 1929 2735; x_wconf 89' lang='lat' dir='ltr'>audeat</span> <span class='ocrx_word' id='word_1_215' title='bbox 1973 2691 2271 2754; x_wconf 85' lang='lat' dir='ltr'>usurpare</span> <span class='ocrx_word' id='word_1_216' title='bbox 2322 2672 2631 2751; x_wconf 87' lang='lat' dir='ltr'>ecclesiae,</span> <span class='ocrx_word' id='word_1_217' title='bbox 2680 2686 2738 2732; x_wconf 86' lang='lat' dir='ltr'>et</span> <span class='ocrx_word' id='word_1_218' title='bbox 2784 2671 3074 2732; x_wconf 88' lang='lat' dir='ltr'>uniuersa</span> 
     </span>
     <span class='ocr_line' id='line_1_23' title="bbox 460 2777 3077 2863; baseline -0.002 -20"><span class='ocrx_word' id='word_1_219' title='bbox 460 2783 556 2843; x_wconf 86' lang='lat' dir='ltr'>sui</span> <span class='ocrx_word' id='word_1_220' title='bbox 602 2782 988 2863; x_wconf 88' lang='lat' dir='ltr'>episcopatus</span> <span class='ocrx_word' id='word_1_221' title='bbox 1039 2781 1312 2861; x_wconf 89' lang='lat' dir='ltr'>quaesita</span> <span class='ocrx_word' id='word_1_222' title='bbox 1361 2798 1642 2862; x_wconf 87' lang='lat' dir='ltr'>ternpore</span> <span class='ocrx_word' id='word_1_223' title='bbox 1695 2780 1982 2841; x_wconf 88' lang='lat' dir='ltr'>ecclesiae</span> <span class='ocrx_word' id='word_1_224' title='bbox 2034 2800 2182 2841; x_wconf 84' lang='lat' dir='ltr'>suae</span> <span class='ocrx_word' id='word_1_225' title='bbox 2230 2778 2513 2840; x_wconf 90' lang='lat' dir='ltr'>dominio</span> <span class='ocrx_word' id='word_1_226' title='bbox 2557 2778 2831 2856; x_wconf 89' lang='lat' dir='ltr'>sociaret,</span> <span class='ocrx_word' id='word_1_227' title='bbox 2885 2777 3077 2838; x_wconf 86' lang='lat' dir='ltr'>nichil</span> 
     </span>
     <span class='ocr_line' id='line_1_24' title="bbox 462 2885 2923 2971; baseline -0.001 -22"><span class='ocrx_word' id='word_1_228' title='bbox 462 2890 615 2951; x_wconf 90' lang='lat' dir='ltr'>ultra</span> <span class='ocrx_word' id='word_1_229' title='bbox 649 2888 728 2967; x_wconf 90' lang='lat' dir='ltr'>id,</span> <span class='ocrx_word' id='word_1_230' title='bbox 760 2889 930 2969; x_wconf 89' lang='lat' dir='ltr'>quod</span> <span class='ocrx_word' id='word_1_231' title='bbox 966 2888 1159 2950; x_wconf 90' lang='lat' dir='ltr'>modo</span> <span class='ocrx_word' id='word_1_232' title='bbox 1193 2888 1565 2971; x_wconf 90' lang='lat' dir='ltr'>descriptum</span> <span class='ocrx_word' id='word_1_233' title='bbox 1602 2905 1709 2966; x_wconf 90' lang='lat' dir='ltr'>est,</span> <span class='ocrx_word' id='word_1_234' title='bbox 1743 2888 1872 2949; x_wconf 90' lang='lat' dir='ltr'>suis</span> <span class='ocrx_word' id='word_1_235' title='bbox 1906 2887 2045 2948; x_wconf 79' lang='lat' dir='ltr'>filiis</span> <span class='ocrx_word' id='word_1_236' title='bbox 2080 2887 2182 2949; x_wconf 90' lang='lat' dir='ltr'>uel</span> <span class='ocrx_word' id='word_1_237' title='bbox 2217 2887 2545 2948; x_wconf 90' lang='lat' dir='ltr'>heredibus</span> <span class='ocrx_word' id='word_1_238' title='bbox 2578 2885 2923 2946; x_wconf 78' lang='lat' dir='ltr'>relicturus,</span> 
     </span>
    </p>
   </div>
   <div class='ocr_carea' id='block_1_4' title="bbox 1016 3129 2536 3200">
    <p class='ocr_par' dir='ltr' id='par_1_8' title="bbox 1016 3129 2536 3200">
     <span class='ocr_line' id='line_1_25' title="bbox 1016 3129 2536 3200; baseline -0.003 -13"><span class='ocrx_word' id='word_1_239' title='bbox 1016 3134 1143 3188; x_wconf 74' lang='lat'>160.</span> <span class='ocrx_word' id='word_1_240' title='bbox 1185 3131 1607 3188; x_wconf 79' lang='lat' dir='ltr'><strong>CONCILIUM</strong></span> <span class='ocrx_word' id='word_1_241' title='bbox 1645 3131 2106 3187; x_wconf 76' lang='lat' dir='ltr'>TOLETANUM</span> <span class='ocrx_word' id='word_1_242' title='bbox 2144 3131 2216 3186; x_wconf 79' lang='lat' dir='ltr'>V.</span> <span class='ocrx_word' id='word_1_243' title='bbox 2255 3132 2342 3200; x_wconf 77' lang='lat' dir='ltr'>(a.</span> <span class='ocrx_word' id='word_1_244' title='bbox 2377 3129 2536 3198; x_wconf 78' lang='lat'>643).</span> 
     </span>
    </p>
   </div>
   <div class='ocr_carea' id='block_1_5' title="bbox 356 3273 2182 3346">
    <p class='ocr_par' dir='ltr' id='par_1_9' title="bbox 356 3273 2182 3346">
     <span class='ocr_line' id='line_1_26' title="bbox 356 3273 2182 3346; baseline -0.007 -7"><span class='ocrx_word' id='word_1_245' title='bbox 356 3295 405 3339; x_wconf 61' lang='grc' dir='ltr'>πε</span> <span class='ocrx_word' id='word_1_246' title='bbox 1361 3292 1407 3328; x_wconf 77' lang='lat' dir='ltr'>e.</span> <span class='ocrx_word' id='word_1_247' title='bbox 1445 3293 1497 3344; x_wconf 66' lang='lat'>4„</span> <span class='ocrx_word' id='word_1_248' title='bbox 1537 3301 1606 3322; x_wconf 57' lang='grc' dir='ltr'><strong>Ξ</strong></span> <span class='ocrx_word' id='word_1_249' title='bbox 1645 3291 1692 3330; x_wconf 75' lang='lat' dir='ltr'>e.</span> <span class='ocrx_word' id='word_1_250' title='bbox 1735 3293 1782 3346; x_wconf 87' lang='lat'>3.</span> <span class='ocrx_word' id='word_1_251' title='bbox 1823 3276 1892 3328; x_wconf 88' lang='lat' dir='ltr'>D.</span> <span class='ocrx_word' id='word_1_252' title='bbox 1935 3273 2182 3328; x_wconf 83' lang='lat' dir='ltr'>xxvtu.</span> 
     </span>
    </p>
   </div>
   <div class='ocr_carea' id='block_1_6' title="bbox 460 3396 3072 3554">
    <p class='ocr_par' dir='ltr' id='par_1_10' title="bbox 460 3396 3072 3554">
     <span class='ocr_line' id='line_1_27' title="bbox 673 3396 3072 3471; baseline -0.003 -17"><span class='ocrx_word' id='word_1_253' title='bbox 673 3400 703 3432; x_wconf 87' lang='grc'>*</span> <span class='ocrx_word' id='word_1_254' title='bbox 741 3401 1019 3471; x_wconf 78' lang='lat' dir='ltr'>Corp.iur</span> <span class='ocrx_word' id='word_1_255' title='bbox 1055 3419 1176 3455; x_wconf 83' lang='lat' dir='ltr'>can.</span> <span class='ocrx_word' id='word_1_256' title='bbox 1216 3400 1304 3454; x_wconf 89' lang='lat' dir='ltr'>ed.</span> <span class='ocrx_word' id='word_1_257' title='bbox 1343 3399 1781 3468; x_wconf 87' lang='lat' dir='ltr'>Friedberg.</span> <span class='ocrx_word' id='word_1_258' title='bbox 1822 3400 1995 3453; x_wconf 83' lang='lat' dir='ltr'>Tom.</span> <span class='ocrx_word' id='word_1_259' title='bbox 2026 3399 2062 3451; x_wconf 92' lang='lat' dir='ltr'>I.</span> <span class='ocrx_word' id='word_1_260' title='bbox 2091 3398 2212 3451; x_wconf 82' lang='lat' dir='ltr'>col.</span> <span class='ocrx_word' id='word_1_261' title='bbox 2251 3414 2359 3452; x_wconf 86' lang='lat'>101.</span> <span class='ocrx_word' id='word_1_262' title='bbox 2412 3397 2683 3458; x_wconf 77' lang='lat' dir='ltr'>Brun3‚</span> <span class='ocrx_word' id='word_1_263' title='bbox 2722 3396 2855 3451; x_wconf 83' lang='lat' dir='ltr'>Can.</span> <span class='ocrx_word' id='word_1_264' title='bbox 2884 3396 3072 3465; x_wconf 83' lang='lat' dir='ltr'>Apost.</span> 
     </span>
     <span class='ocr_line' id='line_1_28' title="bbox 460 3481 1243 3554; baseline -0.001 -21"><span class='ocrx_word' id='word_1_265' title='bbox 460 3486 516 3533; x_wconf 82' lang='lat' dir='ltr'>et</span> <span class='ocrx_word' id='word_1_266' title='bbox 550 3481 709 3534; x_wconf 74' lang='lat' dir='ltr'>Cone.</span> <span class='ocrx_word' id='word_1_267' title='bbox 762 3481 1243 3554; x_wconf 76' lang='lat' dir='ltr'>Tom.1.‚p..235.</span> 
     </span>
    </p>
   </div>
   <div class='ocr_carea' id='block_1_7' title="bbox 463 3598 3069 3676">
    <p class='ocr_par' dir='ltr' id='par_1_11' title="bbox 463 3598 3069 3676">
     <span class='ocr_line' id='line_1_29' title="bbox 463 3598 3069 3676; baseline -0.004 -18"><span class='ocrx_word' id='word_1_268' title='bbox 463 3604 633 3659; x_wconf 87' lang='lat' dir='ltr'>Caste</span> <span class='ocrx_word' id='word_1_269' title='bbox 650 3623 711 3660; x_wconf 90' lang='lat' dir='ltr'>se</span> <span class='ocrx_word' id='word_1_270' title='bbox 728 3605 980 3661; x_wconf 88' lang='lat' dir='ltr'>uicturos</span> <span class='ocrx_word' id='word_1_271' title='bbox 995 3605 1335 3676; x_wconf 86' lang='lat' dir='ltr'>promittant</span> <span class='ocrx_word' id='word_1_272' title='bbox 1352 3603 1516 3675; x_wconf 89' lang='lat' dir='ltr'>quiin</span> <span class='ocrx_word' id='word_1_273' title='bbox 1530 3602 1809 3657; x_wconf 89' lang='lat' dir='ltr'>diaconos</span> <span class='ocrx_word' id='word_1_274' title='bbox 1825 3601 1914 3656; x_wconf 90' lang='lat' dir='ltr'>uel</span> <span class='ocrx_word' id='word_1_275' title='bbox 1926 3603 2294 3673; x_wconf 89' lang='lat' dir='ltr'>presbyteros</span> <span class='ocrx_word' id='word_1_276' title='bbox 2308 3598 2658 3653; x_wconf 86' lang='lat' dir='ltr'>ordinantur.</span> <span class='ocrx_word' id='word_1_277' title='bbox 2675 3600 2860 3663; x_wconf 82' lang='lat' dir='ltr'>(Decr.</span> <span class='ocrx_word' id='word_1_278' title='bbox 2878 3598 3069 3658; x_wconf 81' lang='lat' dir='ltr'>Grat.)</span> 
     </span>
    </p>
   </div>
   <div class='ocr_carea' id='block_1_8' title="bbox 358 3710 3077 4101">
    <p class='ocr_par' dir='ltr' id='par_1_12' title="bbox 674 3710 3075 3797">
     <span class='ocr_line' id='line_1_30' title="bbox 674 3710 3075 3797; baseline -0.005 -19"><span class='ocrx_word' id='word_1_279' title='bbox 674 3717 737 3778; x_wconf 92' lang='lat'>11.</span> <span class='ocrx_word' id='word_1_280' title='bbox 773 3719 931 3779; x_wconf 86' lang='lat' dir='ltr'>Pars.</span> <span class='ocrx_word' id='word_1_281' title='bbox 996 3717 1269 3793; x_wconf 88' lang='lat' dir='ltr'>Quando</span> <span class='ocrx_word' id='word_1_282' title='bbox 1303 3716 1617 3797; x_wconf 89' lang='lat' dir='ltr'>presbiteri</span> <span class='ocrx_word' id='word_1_283' title='bbox 1651 3732 1708 3779; x_wconf 88' lang='lat' dir='ltr'>et</span> <span class='ocrx_word' id='word_1_284' title='bbox 1741 3716 2028 3776; x_wconf 86' lang='lat' dir='ltr'>diacones</span> <span class='ocrx_word' id='word_1_285' title='bbox 2062 3734 2170 3795; x_wconf 88' lang='lat' dir='ltr'>per</span> <span class='ocrx_word' id='word_1_286' title='bbox 2202 3711 2555 3794; x_wconf 89' lang='lat' dir='ltr'>parrochias</span> <span class='ocrx_word' id='word_1_287' title='bbox 2587 3710 3075 3784; x_wconf 88' lang='lat' dir='ltr'>constituuntur,</span> 
     </span>
    </p>

    <p class='ocr_par' dir='ltr' id='par_1_13' title="bbox 358 3815 3069 3908">
     <span class='ocr_line' id='line_1_31' title="bbox 358 3815 3069 3908; baseline -0.004 -24"><span class='ocrx_word' id='word_1_288' title='bbox 358 3864 411 3908; x_wconf 85' lang='lat'>30</span> <span class='ocrx_word' id='word_1_289' title='bbox 464 3841 704 3904; x_wconf 88' lang='lat' dir='ltr'>oportet</span> <span class='ocrx_word' id='word_1_290' title='bbox 749 3844 856 3886; x_wconf 90' lang='lat' dir='ltr'>eos</span> <span class='ocrx_word' id='word_1_291' title='bbox 903 3824 1350 3906; x_wconf 90' lang='lat' dir='ltr'>professionem</span> <span class='ocrx_word' id='word_1_292' title='bbox 1399 3823 1694 3903; x_wconf 91' lang='lat' dir='ltr'>episcopo</span> <span class='ocrx_word' id='word_1_293' title='bbox 1727 3841 1846 3882; x_wconf 93' lang='lat' dir='ltr'>suo</span> <span class='ocrx_word' id='word_1_294' title='bbox 1879 3821 2093 3898; x_wconf 85' lang='lat' dir='ltr'>facere,</span> <span class='ocrx_word' id='word_1_295' title='bbox 2140 3836 2206 3881; x_wconf 92' lang='lat' dir='ltr'>ut</span> <span class='ocrx_word' id='word_1_296' title='bbox 2238 3835 2396 3879; x_wconf 88' lang='lat' dir='ltr'>caste</span> <span class='ocrx_word' id='word_1_297' title='bbox 2428 3832 2485 3877; x_wconf 92' lang='lat' dir='ltr'>et</span> <span class='ocrx_word' id='word_1_298' title='bbox 2517 3834 2669 3897; x_wconf 90' lang='lat' dir='ltr'>pure</span> <span class='ocrx_word' id='word_1_299' title='bbox 2703 3815 2920 3876; x_wconf 89' lang='lat' dir='ltr'>uiuant</span> <span class='ocrx_word' id='word_1_300' title='bbox 2951 3816 3069 3874; x_wconf 90' lang='lat' dir='ltr'>sub</span> 
     </span>
    </p>

    <p class='ocr_par' dir='ltr' id='par_1_14' title="bbox 462 3922 3077 4101">
     <span class='ocr_line' id='line_1_32' title="bbox 462 3922 3077 4012; baseline -0.003 -21"><span class='ocrx_word' id='word_1_301' title='bbox 462 3931 679 3993; x_wconf 90' lang='lat' dir='ltr'>tirnore</span> <span class='ocrx_word' id='word_1_302' title='bbox 714 3932 848 4010; x_wconf 90' lang='lat' dir='ltr'>Dei,</span> <span class='ocrx_word' id='word_1_303' title='bbox 898 3946 985 4012; x_wconf 91' lang='lat' dir='ltr'>ut,</span> <span class='ocrx_word' id='word_1_304' title='bbox 1032 3932 1189 3993; x_wconf 89' lang='lat' dir='ltr'>dum</span> <span class='ocrx_word' id='word_1_305' title='bbox 1233 3952 1340 3992; x_wconf 89' lang='lat' dir='ltr'>eos</span> <span class='ocrx_word' id='word_1_306' title='bbox 1387 3930 1520 3990; x_wconf 89' lang='lat' dir='ltr'>talis</span> <span class='ocrx_word' id='word_1_307' title='bbox 1566 3929 1870 4011; x_wconf 88' lang='lat' dir='ltr'>professio</span> <span class='ocrx_word' id='word_1_308' title='bbox 1916 3928 2166 4008; x_wconf 85' lang='lat' dir='ltr'>obligat,</span> <span class='ocrx_word' id='word_1_309' title='bbox 2211 3926 2373 3987; x_wconf 91' lang='lat' dir='ltr'>uitae</span> <span class='ocrx_word' id='word_1_310' title='bbox 2411 3940 2654 3986; x_wconf 91' lang='lat' dir='ltr'>sanctae</span> <span class='ocrx_word' id='word_1_311' title='bbox 2686 3922 3077 4003; x_wconf 85' lang='lat' dir='ltr'>disciplinam</span> 
     </span>
     <span class='ocr_line' id='line_1_33' title="bbox 465 4055 777 4101; baseline 0.003 -2"><span class='ocrx_word' id='word_1_312' title='bbox 465 4055 777 4101; x_wconf 79' lang='lat' dir='ltr'>retineant.</span> 
     </span>
    </p>
   </div>
   <div class='ocr_carea' id='block_1_9' title="bbox 535 4220 3004 4299">
    <p class='ocr_par' dir='ltr' id='par_1_15' title="bbox 535 4220 3004 4299">
     <span class='ocr_line' id='line_1_34' title="bbox 535 4220 3004 4299; baseline -0.005 -15"><span class='ocrx_word' id='word_1_313' title='bbox 535 4227 662 4284; x_wconf 75' lang='lat'>161.</span> <span class='ocrx_word' id='word_1_314' title='bbox 703 4226 1112 4282; x_wconf 75' lang='lat' dir='ltr'><strong>CONGILIUM</strong></span> <span class='ocrx_word' id='word_1_315' title='bbox 1154 4224 1681 4299; x_wconf 73' lang='lat' dir='ltr'>QUMSEXTUM</span> <span class='ocrx_word' id='word_1_316' title='bbox 1720 4220 2741 4293; x_wconf 75' lang='lat' dir='ltr'><strong>(CONSTANTINOPOLITANUM)</strong></span> <span class='ocrx_word' id='word_1_317' title='bbox 2780 4236 2838 4275; x_wconf 80' lang='lat' dir='ltr'>a.</span> <span class='ocrx_word' id='word_1_318' title='bbox 2877 4221 3004 4274; x_wconf 73' lang='lat'>692.</span> 
     </span>
    </p>
   </div>
   <div class='ocr_carea' id='block_1_10' title="bbox 1372 4366 2172 4438">
    <p class='ocr_par' dir='ltr' id='par_1_16' title="bbox 1372 4366 2172 4438">
     <span class='ocr_line' id='line_1_35' title="bbox 1372 4366 2172 4438; baseline -0.005 -15"><span class='ocrx_word' id='word_1_319' title='bbox 1372 4386 1419 4423; x_wconf 83' lang='lat' dir='ltr'>c.</span> <span class='ocrx_word' id='word_1_320' title='bbox 1458 4370 1508 4424; x_wconf 85' lang='lat'>6.</span> <span class='ocrx_word' id='word_1_321' title='bbox 1548 4393 1617 4415; x_wconf 78' lang='lat'>=-</span> <span class='ocrx_word' id='word_1_322' title='bbox 1657 4386 1704 4423; x_wconf 78' lang='lat' dir='ltr'>c.</span> <span class='ocrx_word' id='word_1_323' title='bbox 1744 4386 1794 4438; x_wconf 90' lang='lat'>7.</span> <span class='ocrx_word' id='word_1_324' title='bbox 1833 4368 1906 4421; x_wconf 89' lang='lat' dir='ltr'>D.</span> <span class='ocrx_word' id='word_1_325' title='bbox 1945 4366 2172 4420; x_wconf 79' lang='lat' dir='ltr'>xxxtt.</span> 
     </span>
    </p>
   </div>
   <div class='ocr_carea' id='block_1_11' title="bbox 361 4490 3078 4650">
    <p class='ocr_par' dir='ltr' id='par_1_17' title="bbox 361 4490 3078 4650">
     <span class='ocr_line' id='line_1_36' title="bbox 361 4490 3078 4569; baseline -0.003 -17"><span class='ocrx_word' id='word_1_326' title='bbox 361 4523 411 4568; x_wconf 81' lang='lat'>35</span> <span class='ocrx_word' id='word_1_327' title='bbox 680 4496 711 4526; x_wconf 72' lang='lat'><em>⁶</em></span> <span class='ocrx_word' id='word_1_328' title='bbox 751 4498 910 4569; x_wconf 83' lang='lat' dir='ltr'>Corp.</span> <span class='ocrx_word' id='word_1_329' title='bbox 936 4499 1042 4550; x_wconf 75' lang='grc' dir='ltr'>ίαν.</span> <span class='ocrx_word' id='word_1_330' title='bbox 1070 4512 1191 4548; x_wconf 83' lang='lat' dir='ltr'>can.</span> <span class='ocrx_word' id='word_1_331' title='bbox 1218 4495 1307 4548; x_wconf 89' lang='lat' dir='ltr'>ed.</span> <span class='ocrx_word' id='word_1_332' title='bbox 1349 4494 1462 4548; x_wconf 89' lang='lat' dir='ltr'>Fri</span> <span class='ocrx_word' id='word_1_333' title='bbox 1482 4512 1511 4548; x_wconf 90' lang='lat' dir='ltr'>e</span> <span class='ocrx_word' id='word_1_334' title='bbox 1530 4495 1567 4548; x_wconf 92' lang='lat' dir='ltr'>d</span> <span class='ocrx_word' id='word_1_335' title='bbox 1585 4494 1619 4548; x_wconf 95' lang='lat' dir='ltr'>b</span> <span class='ocrx_word' id='word_1_336' title='bbox 1639 4510 1668 4547; x_wconf 90' lang='lat' dir='ltr'>e</span> <span class='ocrx_word' id='word_1_337' title='bbox 1687 4511 1784 4563; x_wconf 85' lang='lat' dir='ltr'>rg.</span> <span class='ocrx_word' id='word_1_338' title='bbox 1823 4494 1997 4547; x_wconf 90' lang='lat' dir='ltr'>Tom.</span> <span class='ocrx_word' id='word_1_339' title='bbox 2026 4492 2063 4545; x_wconf 88' lang='lat'>1.</span> <span class='ocrx_word' id='word_1_340' title='bbox 2104 4490 2214 4546; x_wconf 92' lang='lat' dir='ltr'>col.</span> <span class='ocrx_word' id='word_1_341' title='bbox 2251 4507 2362 4562; x_wconf 88' lang='lat'><strong>¹¹9·</strong></span> <span class='ocrx_word' id='word_1_342' title='bbox 2422 4490 2468 4544; x_wconf 87' lang='grc' dir='ltr'>Β</span> <span class='ocrx_word' id='word_1_343' title='bbox 2488 4508 2513 4544; x_wconf 86' lang='grc' dir='ltr'>ι·</span> <span class='ocrx_word' id='word_1_344' title='bbox 2531 4506 2694 4560; x_wconf 89' lang='lat' dir='ltr'>uns,</span> <span class='ocrx_word' id='word_1_345' title='bbox 2732 4491 2866 4544; x_wconf 87' lang='lat' dir='ltr'>Can.</span> <span class='ocrx_word' id='word_1_346' title='bbox 2893 4493 3078 4561; x_wconf 81' lang='lat' dir='ltr'>Apost.</span> 
     </span>
     <span class='ocr_line' id='line_1_37' title="bbox 465 4571 2649 4650; baseline -0.003 -17"><span class='ocrx_word' id='word_1_347' title='bbox 465 4585 521 4634; x_wconf 82' lang='lat' dir='ltr'>et</span> <span class='ocrx_word' id='word_1_348' title='bbox 543 4580 702 4634; x_wconf 67' lang='lat' dir='ltr'>Cone.</span> <span class='ocrx_word' id='word_1_349' title='bbox 742 4579 915 4634; x_wconf 88' lang='lat' dir='ltr'>Tom.</span> <span class='ocrx_word' id='word_1_350' title='bbox 945 4577 983 4630; x_wconf 90' lang='lat' dir='ltr'>l.</span> <span class='ocrx_word' id='word_1_351' title='bbox 1024 4595 1107 4650; x_wconf 87' lang='lat'>30.</span> <span class='ocrx_word' id='word_1_352' title='bbox 1161 4577 1211 4630; x_wconf 87' lang='lat' dir='ltr'><strong>H</strong></span> <span class='ocrx_word' id='word_1_353' title='bbox 1230 4575 1307 4630; x_wconf 89' lang='lat' dir='ltr'>ef</span> <span class='ocrx_word' id='word_1_354' title='bbox 1317 4575 1379 4630; x_wconf 89' lang='lat' dir='ltr'>el</span> <span class='ocrx_word' id='word_1_355' title='bbox 1399 4593 1456 4639; x_wconf 84' lang='lat' dir='ltr'>e,</span> <span class='ocrx_word' id='word_1_356' title='bbox 1497 4574 2097 4644; x_wconf 74' lang='lat' dir='ltr'>Conciliengeschiclzte.</span> <span class='ocrx_word' id='word_1_357' title='bbox 2137 4573 2303 4627; x_wconf 89' lang='lat' dir='ltr'>Tom.</span> <span class='ocrx_word' id='word_1_358' title='bbox 2332 4571 2418 4626; x_wconf 90' lang='lat'>111.</span> <span class='ocrx_word' id='word_1_359' title='bbox 2446 4588 2501 4642; x_wconf 94' lang='lat' dir='ltr'>p.</span> <span class='ocrx_word' id='word_1_360' title='bbox 2531 4572 2649 4643; x_wconf 81' lang='lat'>328.</span> 
     </span>
    </p>
   </div>
   <div class='ocr_carea' id='block_1_12' title="bbox 467 4695 3078 4774">
    <p class='ocr_par' dir='ltr' id='par_1_18' title="bbox 467 4695 3078 4774">
     <span class='ocr_line' id='line_1_38' title="bbox 467 4695 3078 4774; baseline -0.003 -15"><span class='ocrx_word' id='word_1_361' title='bbox 467 4704 581 4774; x_wconf 88' lang='lat' dir='ltr'>Qui</span> <span class='ocrx_word' id='word_1_362' title='bbox 608 4721 850 4759; x_wconf 85' lang='lat' dir='ltr'>uxorem</span> <span class='ocrx_word' id='word_1_363' title='bbox 878 4704 1086 4757; x_wconf 89' lang='lat' dir='ltr'>ducere</span> <span class='ocrx_word' id='word_1_364' title='bbox 1115 4699 1379 4770; x_wconf 87' lang='lat' dir='ltr'>uoluerit,</span> <span class='ocrx_word' id='word_1_365' title='bbox 1405 4712 1538 4754; x_wconf 87' lang='lat' dir='ltr'>ante</span> <span class='ocrx_word' id='word_1_366' title='bbox 1565 4698 1829 4754; x_wconf 91' lang='lat' dir='ltr'>ordinem</span> <span class='ocrx_word' id='word_1_367' title='bbox 1851 4697 2302 4753; x_wconf 89' lang='lat' dir='ltr'>subdiaconatus</span> <span class='ocrx_word' id='word_1_368' title='bbox 2322 4696 2435 4752; x_wconf 89' lang='lat' dir='ltr'>hoc</span> <span class='ocrx_word' id='word_1_369' title='bbox 2456 4695 2645 4752; x_wconf 86' lang='lat' dir='ltr'>faciat.</span> <span class='ocrx_word' id='word_1_370' title='bbox 2674 4698 2859 4762; x_wconf 83' lang='lat' dir='ltr'>(Decr.</span> <span class='ocrx_word' id='word_1_371' title='bbox 2881 4697 3078 4750; x_wconf 77' lang='lat' dir='ltr'>Grat.)</span> 
     </span>
    </p>
   </div>
   <div class='ocr_carea' id='block_1_13' title="bbox 468 4807 3085 5006">
    <p class='ocr_par' dir='ltr' id='par_1_19' title="bbox 468 4807 3085 5006">
     <span class='ocr_line' id='line_1_39' title="bbox 682 4807 3085 4896; baseline -0.005 -19"><span class='ocrx_word' id='word_1_372' title='bbox 682 4815 747 4877; x_wconf 91' lang='lat' dir='ltr'>Si</span> <span class='ocrx_word' id='word_1_373' title='bbox 780 4817 918 4896; x_wconf 91' lang='lat' dir='ltr'>quis</span> <span class='ocrx_word' id='word_1_374' title='bbox 950 4834 1191 4892; x_wconf 90' lang='lat' dir='ltr'>eorum,</span> <span class='ocrx_word' id='word_1_375' title='bbox 1223 4813 1331 4894; x_wconf 90' lang='lat' dir='ltr'>qui</span> <span class='ocrx_word' id='word_1_376' title='bbox 1365 4813 1442 4873; x_wconf 91' lang='lat' dir='ltr'>ad</span> <span class='ocrx_word' id='word_1_377' title='bbox 1474 4813 1710 4874; x_wconf 90' lang='lat' dir='ltr'>clerum</span> <span class='ocrx_word' id='word_1_378' title='bbox 1741 4813 2060 4889; x_wconf 88' lang='lat' dir='ltr'>accedunt,</span> <span class='ocrx_word' id='word_1_379' title='bbox 2097 4810 2363 4872; x_wconf 88' lang='lat' dir='ltr'>uoluerit</span> <span class='ocrx_word' id='word_1_380' title='bbox 2395 4809 2654 4890; x_wconf 89' lang='lat' dir='ltr'>nuptiali</span> <span class='ocrx_word' id='word_1_381' title='bbox 2687 4809 2817 4868; x_wconf 91' lang='lat' dir='ltr'>iure</span> <span class='ocrx_word' id='word_1_382' title='bbox 2840 4807 3085 4868; x_wconf 87' lang='lat' dir='ltr'>mulieri</span> 
     </span>
     <span class='ocr_line' id='line_1_40' title="bbox 468 4919 2152 5006; baseline -0.004 -20"><span class='ocrx_word' id='word_1_383' title='bbox 468 4924 763 5006; x_wconf 87' lang='lat' dir='ltr'>copulari,</span> <span class='ocrx_word' id='word_1_384' title='bbox 800 4925 919 4985; x_wconf 94' lang='lat' dir='ltr'>hoc</span> <span class='ocrx_word' id='word_1_385' title='bbox 951 4939 1092 4984; x_wconf 89' lang='lat' dir='ltr'>ante</span> <span class='ocrx_word' id='word_1_386' title='bbox 1125 4922 1411 4983; x_wconf 88' lang='lat' dir='ltr'>ordinem</span> <span class='ocrx_word' id='word_1_387' title='bbox 1445 4919 1926 4981; x_wconf 89' lang='lat' dir='ltr'>subdiaconatus</span> <span class='ocrx_word' id='word_1_388' title='bbox 1961 4919 2152 4980; x_wconf 87' lang='lat' dir='ltr'>faciat.</span> 
     </span>
    </p>
   </div>
  </div>
 </body>
</html>
