3684 5416
577 1560 626 1591 to

577 2093 623 2136 ¹5

571 2626 625 2656 20

571 3161 621 3203 25

572 3693 625 3737 30

573 4227 621 4272 35

683 411 784 447 202
1310 391 1574 446 Potestas
1613 390 1995 447 ecclesiastica
2033 405 2090 448 et
2126 389 2429 464 imperium
2468 392 2645 448 civile.

679 593 786 639 aut
831 577 974 658 quia
1020 576 1244 638 falsum
1288 576 1731 637 secundum
1775 575 1985 657 quid.
2061 576 2124 637 Si
2168 576 2540 659 simpliciter,
2590 597 2698 660 per
2743 579 3279 661 interemptionem

681 683 986 765 adsumpti
1020 683 1388 745 solvendum
1421 698 1539 755 est;
1573 683 1622 743 si
1654 683 2003 744 secundum
2035 684 2211 764 quid,
2243 703 2350 765 per
2381 684 2855 747 distinctionem.

897 791 1032 853 Hoc
1064 790 1214 863 viso,
1245 790 1322 850 ad
1344 787 1667 850 meliorem
1701 788 1889 866 hujus
1908 805 1967 850 et
1998 788 2258 851 aliarum
2288 789 2544 851 inferius
2576 790 2871 852 factarum
2894 792 3275 852 solutionum

678 897 1073 974 evidentiam,
1106 897 1577 976 advertendum,
1623 896 1795 976 quod
1840 896 1995 957 circa
2040 916 2294 958 sensum
2344 897 2672 979 mysticum
2719 897 3043 979 dupliciter
3087 917 3278 960 errare

681 1003 1162 1088 contingitzdaqt
1196 1004 1558 1084 quaerendo
1604 1003 1806 1084 ipsum
1857 1003 1963 1065 ubi
2012 1023 2143 1065 non
2177 1019 2287 1075 est,
2337 1019 2444 1066 aut
2488 1005 2849 1086 accipiendo
2893 1006 3066 1068 aliter
3096 1024 3282 1086 quam

680 1111 872 1192 accipi
904 1112 1154 1194 debeat,⁴

899 1217 1154 1298 Propter
1187 1217 1525 1297 primum
1572 1215 1714 1278 dicit
1759 1216 2266 1296 Augustinus
2315 1217 2380 1277 in
2412 1216 2670 1278 Civitate
2704 1216 2850 1278 Dei:
2897 1219 3043 1279 Non
3077 1218 3281 1279 omnia

686 1344 847 1404 quae
878 1340 1044 1404 gesta
1085 1339 1433 1396 narrantur,
1479 1323 1663 1385 etiam
1694 1322 2036 1404 significare
2084 1323 2319 1404 aliquid
2368 1324 2636 1404 putanda
2668 1341 2848 1393 sunt:¹
2901 1325 3007 1386 sed
3042 1341 3284 1406 propter

679 1431 780 1492 illa
814 1449 975 1511 quae
1006 1429 1242 1511 aliquid
1261 1429 1628 1509 significant,
1661 1430 1846 1491 etiam
1878 1448 1946 1502 ea
1967 1449 2128 1510 quae
2161 1429 2316 1491 nihil
2335 1429 2704 1512 significant,
2735 1445 3105 1493 attexuntur.
3137 1431 3286 1493 Solo

679 1556 931 1599 vomere
961 1553 1118 1599 terra
1140 1537 1585 1618 proscinditur3
1620 1537 1729 1599 sed
1763 1552 1830 1598 ut
1863 1537 1984 1598 hoc
2003 1536 2136 1598 fieri
2169 1537 2375 1618 possit,
2407 1537 2591 1598 etiam
2613 1553 2845 1599 caetera
2879 1538 3056 1600 aratri
3089 1557 3283 1600 mem·

681 1648 787 1706 bra
817 1660 963 1706 sunt
995 1645 1350 1706 necessaria.

898 1753 1152 1833 Propter
1183 1771 1366 1812 secu
1386 1750 1641 1826 ndum,
1691 1750 1893 1811 idem
1938 1750 2021 1810 ait
2068 1749 2132 1810 in
2164 1749 2458 1811 Doctrina
2489 1750 2859 1829 Christiana,
2907 1751 3174 1830 loquens
3206 1752 3285 1811 de

680 1859 807 1938 illo,
839 1858 948 1939 qui
980 1858 1113 1919 vult
1127 1858 1299 1919 aliud
1333 1858 1400 1918 in
1427 1857 1745 1938 scripturis
1764 1856 2007 1933 sentire,
2041 1873 2230 1935 quam
2263 1853 2362 1916 ille
2383 1855 2493 1936 qui
2524 1856 2763 1937 scripsit
2794 1877 2898 1918 eas
2918 1855 3080 1934 dicit,
3113 1858 3282 1937 quod

689 1967 808 2027 «ita
841 1965 1084 2039 fallitur,
1130 1985 1201 2026 ac
1233 1964 1284 2026 si
1316 1965 1652 2044 quisquam
1684 1965 1973 2025 deserens
2005 1962 2188 2039 viam,
2239 1980 2318 2022 eo
2346 1977 2556 2023 tamen
2589 1982 2699 2044 per
2726 1982 2953 2044 gyrum
2987 1979 3282 2045 pergeret,

681 2091 811 2153 quo
842 2073 938 2134 via
969 2072 1072 2134 illa
1118 2071 1451 2152 perducit.»
1505 2072 1580 2132 Et
1612 2069 1852 2132 subdit:
1908 2068 2518 2130 «Demonstrandum
2563 2086 2671 2144 est,
2718 2085 2785 2130 ut
2832 2069 3285 2131 consuetudine

680 2180 964 2242 deviandi
998 2179 1178 2241 etiam
1224 2177 1290 2239 in
1321 2193 1738 2239 transversum
1772 2191 1878 2237 aut
1919 2194 2275 2257 perversum
2324 2176 2409 2237 ire
2442 2192 2752 2255 cogatur.»
2813 2176 3053 2238 Deinde
3086 2176 3285 2239 innuit

681 2306 950 2364 causam,
997 2306 1188 2367 quare
1234 2287 1581 2347 cavendum
1613 2284 1688 2346 sit
1719 2285 1839 2344 hoc
1873 2283 1938 2344 in
1968 2283 2303 2363 scripturis,
2337 2283 2582 2345 dicens:
2642 2283 2999 2344 «Titubabit
3028 2282 3202 2359 fides»,
3234 2284 3283 2345 si

682 2396 1032 2457 divinarum
1063 2393 1502 2474 scripturarum
1534 2391 1772 2453 vacillat
1801 2390 2191 2453 auctoritas.»
2262 2389 2394 2469 Ego
2427 2406 2634 2451 autem
2668 2390 2829 2469 dico,
2862 2391 3037 2470 quod
3069 2390 3120 2450 si
3149 2389 3287 2451 talia

681 2503 909 2564 fuerint
939 2503 1018 2563 de
1048 2500 1416 2580 ignorantia,
1450 2498 1835 2581 correptione
1867 2497 2192 2576 diligenter
2220 2496 2510 2575 adhibita,
2532 2497 2989 2577 ignoscendum
3007 2513 3115 2574 est,
3134 2496 3291 2559 sicut

679 2608 1139 2692 ignoscendum
1171 2623 1327 2668 esset
1356 2606 1464 2684 illi,
1498 2606 1607 2687 qui
1636 2607 1890 2667 leonem
1922 2606 1988 2666 in
2019 2605 2295 2665 nubibus
2315 2602 2687 2666 formidaret.
2720 2605 2784 2667 Si
2804 2624 2954 2667 vero
2974 2604 3291 2682 industria,

679 2736 808 2780 non
839 2717 1012 2779 aliter
1044 2735 1188 2777 cum
1220 2714 1308 2775 sic
1338 2714 1681 2776 errantibus
1714 2730 1803 2774 est
1834 2713 2170 2793 agendum,
2203 2731 2396 2793 quam
2415 2731 2563 2774 cum
2582 2713 2878 2794 tyrannis,
2911 2713 3023 2794 qui
3043 2711 3288 2794 publica

680 2824 811 2904 jura
858 2844 989 2885 non
1033 2824 1111 2884 ad
1144 2839 1543 2883 communem
1580 2821 1905 2882 utilitatem
1936 2835 2305 2900 sequuntur,
2338 2820 2447 2881 sed
2477 2820 2555 2880 ad
2589 2819 2898 2900 propriam
2931 2836 3289 2901 retorquere
3359 2895 3362 2897 Α

678 2948 1000 2995 conantur.

753 3027 758 3031 ’
893 3040 997 3101 Oh
1043 3055 1364 3099 summum
1411 3036 1665 3113 facinus,
1713 3035 1948 3097 etiamsi
1993 3036 2306 3115 contingat
2349 3035 2416 3096 in
2449 3035 2728 3111 somniis,
2763 3035 2990 3096 aeterni
3027 3034 3290 3116 Spiritus

678 3148 1019 3211 intentione
1051 3143 1243 3206 abuti!
1280 3143 1428 3203 Non
1461 3141 1628 3203 enim
1661 3157 1945 3223 peccatur
1977 3142 2043 3202 in
2065 3144 2349 3223 Moysen,
2383 3161 2518 3204 non
2548 3141 2613 3201 in
2648 3141 2863 3219 David,
2896 3159 3027 3202 non
3059 3141 3125 3202 in
3155 3141 3290 3210 Job‚

679 3275 808 3317 non
842 3256 907 3316 in
941 3251 1343 3326 Matthaeum‚
1379 3267 1493 3310 nec
1526 3249 1591 3311 in
1626 3248 1909 3325 Paulum,
1952 3249 2060 3309 sed
2094 3248 2156 3308 in
2188 3247 2485 3329 Spiritum
2518 3248 2833 3323 Sanctum,
2868 3248 2979 3329 qui
3011 3246 3292 3328 loquitur

679 3365 742 3425 in
788 3362 920 3424 illis.
984 3362 1147 3422 Nam
1192 3376 1578 3438 quamquam
1627 3356 1858 3418 scribae
1904 3355 2097 3417 divini
2145 3355 2378 3437 eloquii
2424 3355 2604 3417 multi
2647 3356 2785 3430 sint,
2828 3355 3055 3416 unicus
3084 3369 3291 3415 tamen

679 3470 937 3531 dictator
982 3482 1072 3529 est
1120 3466 1309 3539 Deus,
1353 3465 1464 3545 qui
1513 3463 1967 3544 beneplacitum
2014 3481 2202 3524 suum
2251 3463 2431 3525 nobis
2477 3483 2586 3544 per
2631 3464 2973 3524 multorum
3020 3462 3293 3523 calamos

679 3576 973 3658 explicare
1005 3574 1290 3653 dignatus
1322 3586 1431 3633 est.

894 3682 1006 3743 His
1039 3682 1245 3760 itaque
1287 3678 1672 3761 praenotatis,
1718 3677 1795 3739 ad
1825 3677 1890 3738 id
1922 3676 2100 3758 quod
2131 3677 2415 3759 superius
2445 3677 2765 3739 dicebatur
2794 3676 2936 3738 dico
2966 3695 3074 3757 per
3104 3675 3291 3735 inter-

679 3790 1061 3872 emptionem
1092 3787 1257 3849 illius
1288 3785 1449 3864 dicti,
1483 3786 1659 3866 quod
1693 3784 1939 3846 dicunt:
1989 3786 2090 3846 illa
2135 3786 2292 3846 duo
2337 3784 2773 3846 luminaria
2822 3783 3026 3866 typice
3058 3784 3290 3863 impor-

677 3915 801 3958 tare
847 3897 977 3957 duo
1023 3895 1173 3956 haec
1220 3892 1541 3974 regimina,
1587 3892 1654 3953 in
1686 3910 1818 3973 quo
1850 3892 2109 3972 quidem
2141 3891 2308 3953 dicto
2334 3906 2461 3953 tota
2494 3892 2586 3953 vis
2618 3890 2968 3973 argumenti
2999 3889 3290 3952 consistit.

680 4004 873 4078 Quod
923 4018 1128 4063 autem
1178 4000 1279 4062 ille
1330 4018 1550 4062 sensus
1595 3998 1863 4060 omnino
1905 3998 2194 4060 sustineri
2241 4016 2371 4058 non
2415 3996 2629 4078 possit,
2683 3997 2915 4078 duplici
2959 3997 3056 4058 via
3088 4011 3287 4078 potest

679 4108 940 4172 ostendi.
958 4109 1185 4182 Primo,
1200 4107 1348 4187 quia
1364 4125 1562 4187 quum
1580 4105 1943 4167 huiusmodi
1959 4104 2259 4184 regimina
2279 4103 2402 4165 sint
2421 4103 2759 4166 accidentia
2773 4105 3083 4185 quaedam
3103 4103 3291 4185 ipsius

681 4216 973 4294 hominis,
1004 4215 1312 4277 videretur
1332 4216 1505 4278 Deus
1534 4235 1687 4276 usus
1718 4214 1903 4276 fuisse
1936 4214 2154 4275 ordine
2176 4232 2482 4294 perverso,
2514 4213 2849 4275 accidentia
2870 4213 3039 4296 prius
3059 4211 3289 4294 produ-

681 4323 899 4401 cend0,
933 4340 1129 4403 quam
1161 4322 1483 4405 proprium
1515 4320 1893 4400 subjectum;
1929 4321 2105 4403 quod
2137 4320 2478 4383 absurdum
2511 4336 2602 4382 est
2621 4320 2821 4382 dicere
2842 4322 2919 4382 de
2942 4320 3096 4382 Deo.
3129 4320 3291 4380 Nam

682 4430 781 4490 illa
827 4430 956 4490 duo
1002 4428 1331 4490 luminaria
1378 4430 1678 4510 producta
1724 4443 1869 4488 sunt
1916 4427 2015 4488 die
2062 4443 2302 4507 quarto,
2348 4443 2408 4488 et
2440 4427 2633 4488 homo
2667 4426 2765 4486 die
2796 4443 2997 4497 δεικτος
3033 4440 3101 4487 ut
3132 4438 3291 4505 patet

681 4536 742 4597 in
773 4536 961 4598 litera.

895 4644 1225 4711 Praeterea,
1270 4662 1473 4724 quum
1520 4644 1628 4704 ista
1674 4643 1973 4723 regimina
2019 4642 2143 4703 sint
2187 4643 2519 4704 hominum
2564 4640 2853 4702 directiva
2885 4639 2949 4701 in
2982 4638 3289 4720 quosdam

681 4748 852 4823 fines,
902 4766 968 4811 ut
1013 4736 1166 4811 infra
1202 4750 1448 4831 patebit,
1496 4750 1546 4810 si
1581 4750 1773 4810 homo
1805 4749 2064 4810 stetisset
2096 4749 2162 4809 in
2193 4764 2352 4810 statu
2386 4746 2792 4825 innocentiae,
2825 4747 2890 4807 in
2923 4766 3055 4827 quo
3088 4766 3122 4806 a
3154 4745 3293 4806 Deo

682 4857 876 4919 factus
907 4873 1013 4932 est,
1045 4857 1268 4918 talibus
1299 4856 1603 4918 directivis
1632 4874 1763 4918 non
1798 4854 2175 4934 indiguisset.
2220 4854 2382 4917 Sunt
2413 4874 2563 4934 ergo
2597 4852 2960 4932 hujusmodi
2990 4852 3287 4933 regimina

683 4964 953 5027 remedia
986 4979 1197 5026 contra
1232 4962 1643 5023 infirmitatem
1678 4961 1928 5042 peccati.
2007 4960 2228 5037 Quum
2261 4981 2410 5042 ergo
2442 4981 2572 5024 non
2606 4964 2813 5024 solum
2847 4961 2910 5023 in
2941 4960 3041 5022 die
3070 4976 3299 5041 quarto
