3684 5416
525 1540 578 1571 10

522 2072 574 2115 15

517 2614 577 2645 ‘20

519 3149 577 3193 ²5

517 3684 579 3728 ao

520 4225 579 4269 '²35

627 363 739 431 (354
1504 362 1751 419 Ordines
1791 376 1849 419 et
1887 364 2383 435 congregationes

634 566 765 607 non
800 549 992 627 possit
1024 567 1414 628 consurgere,
1451 564 1507 609 et
1541 549 1605 610 in
1642 549 1864 609 nostris
1898 549 2239 630 periculum
2258 550 2340 611 sit
2358 570 2453 625 ne,
2480 567 2547 612 ut
2570 552 2836 633 quisque
2860 554 2968 614 erit
2989 554 3250 631 doctior,

632 654 712 714 ita
768 655 1145 735 provinciam
1197 656 1377 733 hanc,
1433 670 1755 736 tamquam
1804 657 2005 738 primo
2055 674 2301 739 aspectu
2351 660 2557 720 minus
2602 660 2967 740 speciosam,
2999 661 3251 723 forsitan

632 760 962 821 detrectare
1010 779 1288 841 conetur,
1334 781 1481 824 cum
1514 778 1718 824 tamen
1752 784 1959 825 revera
1993 766 2159 827 nulla
2194 766 2268 827 sit
2301 766 2675 829 fructuosior
2710 767 2803 828 vel
2836 770 3130 850 proximis
3161 770 3239 830 ad

631 867 1141 943 aedificationem,
1174 870 1266 929 vel
1303 870 1525 930 nostris
1557 870 1633 930 ad
1671 870 1931 930 caritatis
1964 885 2023 931 et
2055 871 2415 933 humilitatis
2453 872 2636 933 simul
2669 872 2873 934 officia
2894 875 3245 936 exercenda.

631 975 875 1036 Subditi
922 995 1088 1055 ver0,
1139 994 1268 1037 turn
1317 992 1568 1058 propter
1618 997 1966 1058 numquam
2000 980 2141 1040 satis
2172 980 2494 1042 laudatum
2530 981 2891 1043 humilitatis
2922 984 3242 1043 assiduum

632 1084 1010 1161 exercitium,
1060 1085 1409 1165 praeposito
1463 1085 1524 1145 in
1574 1085 1871 1146 omnibus
1916 1087 1994 1147 ad
2045 1087 2391 1148 institutum
2441 1088 2757 1150 Societatis
2802 1089 3245 1170 pertinentibus

635 1210 843 1271 parere
893 1210 1134 1270 semper
1180 1208 1516 1268 teneantur,
1576 1209 1633 1253 et
1678 1193 1740 1253 in
1774 1194 1879 1255 illo
1913 1193 2234 1256 Christum
2265 1196 2454 1256 veluti
2493 1213 2876 1276 praesentem
2908 1212 3254 1276 agnoscant

635 1315 692 1359 et
725 1316 1030 1377 quantum
1066 1300 1236 1360 decet
1268 1316 1657 1361 venerentur.

848 1416 876 1475 5
924 1427 1014 1467 ιο.
1049 1409 1213 1469 Cum
1245 1424 1449 1468 autem
1487 1408 1713 1488 experti
1749 1407 2047 1468 fuerimus
2080 1409 2533 1482 iucundiorem,
2565 1411 2880 1492 puriorem
2915 1428 2972 1472 et
3004 1411 3082 1472 ad
3102 1432 3249 1493 pro-

634 1512 780 1572 ximi
815 1512 1306 1575 aedificationem
1340 1513 1637 1595 aptiorem
1672 1534 1801 1574 esse
1834 1514 2020 1575 vitam
2053 1518 2128 1575 ab
2162 1515 2334 1576 omni
2368 1516 2646 1577 avaritiae
2667 1519 3036 1596 contagione
3058 1538 3249 1598 quam

634 1616 1128 1693 remotissimam,
1161 1637 1218 1681 et
1251 1620 1633 1701 evangelicae
1669 1621 2007 1702 paupertati
2039 1640 2227 1701 quam
2252 1621 2656 1695 simillimam;
2693 1642 2961 1704 cumque
2983 1623 3248 1684 sciamus

636 1726 989 1787 Dominum
1037 1745 1319 1788 nostrum
1368 1728 1563 1789 lesum
1599 1727 1916 1790 Christum
1965 1729 2152 1789 servis
2198 1730 2323 1791 suis
2357 1749 2618 1809 regnum
2657 1731 2770 1791 Dei
2805 1732 3010 1792 solum
3042 1732 3248 1813 inqui-

634 1833 906 1894 rentibus
956 1836 1287 1896 necessaria
1334 1837 1411 1896 ad
1457 1836 1686 1896 victum
1736 1851 1794 1896 et
1840 1836 2131 1897 vestitum
2164 1857 2295 1898 esse
2326 1839 2953 1915 subministraturum,
2987 1859 3248 1901 voveant

637 1940 868 2021 singuli
917 1959 975 2003 et
1022 1944 1287 2003 universi
1336 1960 1693 2024 perpetuam
1745 1961 2186 2025 paupertatem,
2233 1947 2615 2006 declarantes
2661 1947 2840 2027 quod
2879 1967 3007 2007 non
3038 1947 3250 2008 solum

635 2048 939 2128 privatim,
973 2051 1078 2110 sed
1113 2070 1314 2131 neque
1348 2051 1530 2111 etiam
1564 2052 1997 2128 communiter,
2032 2053 2283 2133 possint,
2316 2072 2432 2134 pro
2467 2053 2770 2114 societatis
2802 2053 3251 2115 sustentatione

622 2171 739 2214 :aut
786 2175 924 2231 usu,
971 2156 1047 2215 ad
1083 2159 1247 2217 bona
1280 2158 1486 2237 aliqua
1519 2157 1749 2217 stabilia
1782 2174 1887 2218 aut
1919 2159 1993 2219 ad
2028 2174 2506 2239 proventusseu
2544 2159 2824 2220 introitus
2855 2158 3114 2239 aliquos,
3150 2159 3251 2220 ius

622 2260 886 2340 aliquod
920 2262 1091 2321 civile
1125 2262 1459 2342 acquirere,
1494 2264 1599 2323 sed
1634 2264 1757 2323 sint
1790 2265 2059 2325 contenti
2092 2284 2209 2325 usu
2230 2281 2474 2326 tantum
2494 2284 2701 2326 rerum
2724 2264 2838 2325 sibi
2860 2266 3250 2343 donatarum,

628 2366 709 2426 ad
745 2367 1078 2427 necessaria
1110 2368 1223 2428 sibi
1257 2370 1675 2450 comparanda
1709 2370 1991 2451 recipere.

850 2485 877 2544 5
924 2498 1014 2537 ιι.
1068 2476 1304 2538 Possint
1351 2494 1557 2539 tamen
1605 2478 1827 2539 habere
1861 2478 2452 2560 injuniversitatibus
2485 2479 2816 2558 collegium
2848 2498 2955 2539 seu
2989 2478 3248 2557 collegia

635 2584 919 2644 habentia
966 2584 1216 2662 reditus,
1262 2604 1483 2646 census
1514 2606 1624 2647 seu
1661 2586 2098 2666 possessiones,
2135 2588 2350 2648 usibus
2383 2603 2439 2647 et
2471 2586 2826 2648 necessariis
2859 2587 3245 2648 studentium

632 2691 1041 2773 applicandam,
1091 2710 1319 2755 retenta
1367 2714 1556 2774 penes
1606 2693 2021 2775 praepositum
2056 2712 2112 2756 et
2144 2695 2509 2757 Societatem
2540 2693 2903 2755 omnimoda
2935 2697 3249 2773 guberna·

630 2801 801 2860 tione
836 2820 943 2860 seu
979 2801 1547 2881 superintendentia
1581 2821 1767 2882 super
1787 2802 1941 2863 dicta
1963 2803 2224 2883 collegia
2245 2819 2302 2863 et
2324 2802 2664 2883 praedictos
2684 2801 3018 2876 studenteS,
3037 2803 3248 2882 quoad

635 2910 1063 2989 gubernatoris
1113 2930 1223 2970 seu
1272 2912 1758 2991 gubernatorum
1806 2931 1876 2971 ac
1922 2913 2308 2973 studentium
2353 2911 2718 2971 electionem
2764 2931 2833 2971 ac
2880 2911 3248 2972 eorumdem

634 3016 1094 3092 admissionem,
1130 3019 1549 3097 emissionem,
1581 3022 2013 3102 receptionem,
2048 3020 2487 3096 exclusionem,
2522 3036 2893 3080 statutorum
2926 3019 3081 3080 circa
3113 3034 3250 3082 stu-

637 3124 921 3184 dentium
967 3125 1451 3203 instructionem,
1500 3126 1984 3188 aedificationem
2031 3147 2099 3188 ac
2145 3126 2611 3200 correctionem,
2645 3125 2837 3187 victus
2870 3127 3248 3207 vestitusque

634 3230 718 3291 eis
768 3231 1148 3292 ministrandi
1196 3232 1456 3292 modum
1503 3249 1686 3313 atque
1721 3234 1902 3295 aliam
1937 3236 2370 3295 omnimodam
2401 3234 2935 3315 gubernationem,
2971 3235 3251 3313 regimen

633 3358 703 3398 ac
737 3357 964 3398 curam.
1029 3337 1126 3400 Sic
1160 3355 1365 3399 tamen
1402 3356 1468 3400 ut
1502 3360 1706 3421 neque
1739 3341 2054 3401 studentes
2088 3340 2260 3401 dictis
2292 3339 2473 3400 bonis
2504 3339 2690 3416 abuti,
2734 3358 2937 3418 neque
2970 3339 3243 3400 Societas

634 3445 696 3505 in
747 3444 1030 3526 proprios
1078 3466 1227 3507 usus
1272 3462 1620 3507 convertere
1668 3447 1875 3528 possit,
1937 3448 2043 3507 sed
2089 3446 2469 3507 studentium
2516 3445 2854 3506 necessitati
2899 3446 3246 3507 subvenire.

638 3551 766 3626 Qui
813 3554 1088 3633 quidem,
1135 3569 1274 3634 post
1320 3554 1642 3632 cognitum
1691 3554 1752 3614 in
1804 3553 2017 3633 spiritu
2053 3568 2113 3613 et
2146 3554 2329 3613 literis
2362 3571 2578 3614 eorum
2614 3551 2983 3634 profectum,
3015 3568 3074 3613 et
3106 3569 3248 3634 post

637 3659 1045 3721 sufficientem
1083 3660 1532 3742 probationem,
1568 3662 1629 3721 in
1663 3661 2026 3722 Societatem
2062 3675 2336 3721 nostram
2370 3659 2603 3720 admitti
2637 3661 2893 3740 possint.
3014 3736 3022 3743 .

851 3779 878 3838 5
925 3790 1015 3830 12.
1079 3769 1245 3831 Socii
1296 3789 1516 3830 omnes
1571 3770 1951 3849 quicumque
2000 3770 2061 3831 in
2107 3768 2288 3829 sacris
2337 3768 2577 3845 fuerint,
2623 3769 2904 3848 quamvis
2951 3766 3253 3829 beneficia

638 3877 1034 3939 ecclesiastica
1082 3893 1187 3938 aut
1234 3897 1450 3937 eorum
1502 3878 1734 3938 reditus
1766 3896 1899 3938 non
1935 3878 2213 3955 habeant,
2250 3892 2570 3937 teneantur
2600 3892 2807 3936 tamen
2840 3875 3089 3954 singuli,
3123 3875 3250 3954 pri-

635 3987 819 4047 vatim
854 4005 923 4046 ac
957 3984 1395 4065 particulariter
1428 3999 1487 4044 et
1521 4004 1649 4045 non
1683 3984 2120 4061 communiter,
2156 3985 2232 4044 ad
2254 3983 2587 4044 dicendum
2609 3981 2884 4043 officium
2905 3982 3251 4044 secundum

638 4092 937 4152 Ecclesiae
973 4092 1175 4152 ritum.

851 4211 878 4268 5
925 4221 1016 4279 13·
1066 4201 1234 4260 Haec
1267 4214 1413 4260 sunt
1456 4219 1635 4279 quae,
1667 4200 1781 4259 sub
1817 4197 2066 4278 praefati
2101 4196 2335 4258 domini
2371 4198 2563 4257 nostri
2598 4197 2768 4258 Pauli
2801 4213 2859 4256 et
2877 4197 3054 4259 Sedis
3076 4202 3248 4276 Apo-

640 4308 886 4368 stolicae
921 4307 1322 4386 beneplacitO,
1362 4307 1436 4366 de
1471 4322 1680 4366 nostra
1716 4305 2097 4386 professione
2119 4319 2268 4384 typo
2291 4303 2567 4383 quodam
2588 4303 2879 4384 explicare
2902 4305 3248 4385 potuimus;

644 4414 815 4494 quod
865 4434 1033 4474 nunc
1080 4415 1336 4474 fecimus
1385 4430 1452 4474 ut
1500 4414 1857 4474 summatim
1904 4412 2231 4492 scriptione
2277 4412 2391 4471 hac
2440 4410 2915 4473 informaremus
2948 4427 3081 4472 tum
3114 4410 3254 4471 illos

643 4522 750 4602 qui
801 4541 918 4582 nos
951 4522 1025 4581 de
1060 4537 1269 4581 nostro
1302 4522 1456 4581 vitae
1494 4522 1747 4582 intituto
1783 4522 2176 4600 interrogant,
2207 4535 2340 4579 tum
2375 4518 2556 4578 etiam
2593 4535 2871 4599 posteros
2905 4536 3166 4592 nostros,
3201 4517 3256 4577 si

640 4653 818 4712 quos,
858 4631 992 4690 Deo
1026 4629 1288 4706 volente,
1324 4630 1657 4690 imitatores
1678 4649 1993 4710 umquam
2030 4628 2394 4688 habebimus
2429 4626 2614 4687 huius
2647 4627 2834 4696 vitae:
2883 4645 3074 4706 quam
3106 4645 3254 4687 cum

629 4739 866 4798 multas
914 4755 1296 4816 magnasque
1353 4736 1576 4796 habere
1612 4755 1881 4797 annexas
1915 4734 2303 4795 difficultates
2337 4731 2634 4792 fuerimus
2667 4731 2915 4812 experti,
2949 4747 3254 4813 opportu-

639 4864 793 4906 num
830 4844 1237 4905 iudicavimus
1272 4844 1458 4903 etiam
1490 4858 1752 4903 statuere
1788 4863 1867 4903 ne
1902 4843 2040 4922 quis
2074 4842 2138 4902 in
2171 4842 2283 4901 hac
2304 4840 2603 4901 Societate
2623 4840 2969 4919 recipiatur,
2999 4838 3114 4899 nisi
3146 4838 3254 4899 diu

622 4971 707 5012 >ac
755 4951 1221 5029 diligentissime
1269 4951 1449 5010 fuerit
1497 4951 1809 5030 probatus.
1873 4948 2165 5029 Cumque
2213 4949 2484 5029 prudens
2530 4948 2593 5007 in
2626 4945 2876 5007 Christo
2923 4961 2980 5006 et
3007 4944 3102 5005 vel
3135 4946 3249 5005 do-
