3684 5416
1700 343 1982 415 Episcopi.
3046 347 3149 418 587

558 419 871 426 fflm-ffl—
886 420 1063 425 Am*-
1078 420 1119 425 ⁴„-
1144 419 1479 426 --m——dt—
1508 422 1535 425 --
1550 421 1837 427 ’-Δ-ῃ..-

2107 421 2832 429 Ϋρᾼψῴ--ψ
2869 424 3090 429 -υᾙ-
3103 424 3146 430 ——

745 527 845 589 tx.
896 527 1306 608 Dispensandi
1353 529 1429 588 ad
1479 529 1820 609 petendum
1854 529 2133 589 debitum
2167 528 2493 610 conjugale
2525 549 2672 590 cum
2705 545 3149 610 transgressore

532 635 657 696 voti
691 635 976 696 castitatis
1010 634 1290 716 privatim
1323 635 1527 697 emissi
1560 636 1668 715 qui
1704 636 2175 696 matrimonium
2216 655 2363 697 cum
2395 636 2557 698 dicto
2591 654 2738 699 voto
2770 640 3149 717 contraxerit,

531 739 896 819 hujusmodi
931 741 1354 823 poenitentem
1388 744 1708 804 monendo
1740 743 1946 824 ipsum
1983 744 2062 805 ad
2097 741 2263 804 idem
2296 758 2511 805 votum
2548 745 2920 806 servandum
2953 746 3147 807 teneri

528 863 652 909 tam
700 863 861 909 extra
907 848 1144 909 licitum
1192 849 1567 910 matrimonii
1618 869 1805 911 usum
1851 870 2042 930 quam
2087 850 2135 912 si
2182 852 2401 911 marito
2448 850 2544 912 vel
2591 852 2769 912 uxori
2815 852 3149 933 respective

452 981 475 1022 3
531 956 944 1037 supervixerit.

741 1065 816 1126 X.
868 1064 1280 1146 Dispensandi
1314 1084 1460 1125 cum
1493 1064 1850 1126 incestuoso
1884 1066 1978 1126 vel
2012 1065 2362 1127 incestuosa
2393 1066 2470 1126 ad
2505 1066 2843 1146 petendum
2868 1065 3147 1127 debitum

528 1171 870 1252 conjugale,
917 1170 1095 1248 cujus
1142 1170 1238 1249 jus
1269 1171 1468 1233 amisit
1501 1192 1573 1233 ex
1602 1173 2072 1253 superveniente
2105 1173 2344 1234 occulta
2376 1172 2665 1234 affinitate
2701 1194 2808 1255 per
2842 1176 3135 1256 copulam

529 1280 834 1340 carnalem
881 1279 1152 1340 habitam
1199 1298 1341 1339 cum
1393 1278 1857 1358 consanguinea
1904 1278 2028 1339 sive
2082 1280 2145 1339 in
2195 1279 2414 1360 primo,
2460 1280 2585 1340 sive
2620 1280 2684 1341 in
2721 1282 2923 1361 primo
2958 1299 3017 1343 et
3049 1303 3144 1343 se-

528 1387 758 1462 cund0,
810 1386 934 1448 sive
987 1387 1052 1447 in
1099 1387 1377 1447 secundo
1429 1387 1625 1467 gradu
1673 1404 1820 1447 suae
1870 1386 2077 1447 uxoris
2124 1405 2234 1448 seu
2267 1387 2599 1468 respective
2632 1387 2862 1461 mariti;
2913 1407 3149 1451 remota

424 1512 477 1544 ιο
530 1492 851 1553 occasione
898 1492 1195 1574 peccandi
1241 1508 1301 1553 et
1333 1492 1611 1569 injuncta
1644 1493 1810 1572 gravi
1847 1493 2221 1574 poenitentia
2256 1493 2502 1554 salutari
2536 1509 2594 1554 et
2627 1495 3019 1559 confessione
3053 1519 3148 1557 sa-

526 1599 878 1661 cramentali
924 1599 1185 1679 singulis
1225 1600 1546 1661 mensibus
1581 1620 1689 1681 per
1721 1615 1968 1670 tempus
2002 1600 2250 1660 arbitrio
2285 1600 2697 1682 dispensantis
2729 1605 3146 1664 statuendum.

742 1706 837 1768 XI.
887 1706 1301 1787 Dispensandi
1345 1727 1529 1789 super
1577 1709 1821 1769 occulto
1871 1707 2317 1787 impedimento
2365 1708 2547 1788 primi
2594 1728 2842 1771 necnon
2876 1710 3054 1792 primi
3089 1728 3148 1773 et

527 1815 781 1876 secundi
829 1833 899 1874 ac
943 1814 1199 1875 secundi
1246 1830 1487 1875 tantum
1534 1816 1765 1893 gradus
1803 1813 2115 1874 affinitatis
2148 1834 2218 1874 ex
2254 1814 2455 1875 illicita
2487 1816 2712 1876 carnali
2745 1819 2968 1897 copula
3002 1839 3146 1899 pro·

528 1921 850 1998 venientiS,
894 1922 1151 2001 quando
1201 1938 1415 2002 agatur
1448 1923 1522 1982 de
1555 1921 1951 1983 matrimonio
1984 1941 2129 1981 cum
2155 1921 2319 1982 dicto
2350 1921 2802 2002 impedimento
2837 1923 2958 2000 jam
2993 1945 3144 1986 con-

424 2047 470 2091 ι5
526 2045 737 2106 tracte,
773 2043 848 2103 et,
882 2044 1186 2109 quatenus
1215 2044 1431 2109 agatur
1463 2030 1540 2090 de
1573 2029 1795 2110 copula
1828 2049 1972 2090 cum
2007 2050 2151 2091 suae
2185 2046 2427 2112 putatae
2463 2030 2674 2091 uxoris
2707 2047 2920 2109 matre,
2957 2034 3142 2095 dum-

528 2136 722 2198 modo
753 2136 855 2197 illa
887 2152 1092 2197 secuta
1128 2136 1309 2197 fuerit
1341 2152 1482 2217 post
1513 2135 1792 2213 ejusdem
1824 2152 2069 2218 putatae
2091 2137 2299 2198 uxoris
2323 2138 2696 2198 nativitatem
2718 2155 2775 2199 et
2797 2158 2927 2199 non
2948 2141 3140 2219 aliter,

527 2243 768 2304 monito
820 2242 1168 2324 poenitente
1220 2244 1297 2304 de
1343 2245 1677 2305 necesseria
1724 2261 1951 2305 secreta
1997 2244 2394 2305 renovatione
2444 2264 2786 2306 consensus
2835 2266 2980 2307 cum
3034 2269 3142 2309 sua

528 2365 732 2431 putata
787 2369 975 2411 uxore
1032 2367 1135 2411 aut
1180 2370 1298 2413 suo
1344 2366 1560 2433 putato
1605 2352 1848 2429 marito,
1897 2351 2217 2412 certiorato
2265 2372 2373 2412 seu
2410 2352 2724 2412 certiorata
2759 2353 2834 2413 de
2872 2354 3148 2414 nullitate

528 2457 750 2537 prioris
802 2476 1173 2530 consensus;
1225 2457 1331 2516 sed
1387 2457 1464 2517 ita
1511 2473 1685 2518 caute
1733 2473 1799 2517 ut
1846 2457 2039 2538 ipsius
2086 2457 2459 2538 poenitentis
2501 2458 2798 2519 delictum
2832 2478 3140 2540 nusquam

417 2591 474 2623 20
529 2564 872 2642 detegatur:
923 2579 980 2624 et
1013 2579 1321 2644 quatenus
1353 2563 1503 2624 haec
1537 2563 1884 2624 certioratio
1916 2566 2150 2643 absque
2182 2564 2350 2643 gravi
2386 2565 2662 2644 periculo
2696 2565 2822 2627 fieri
2859 2584 3144 2648 nequeat,

524 2687 819 2734 renovato
853 2690 1160 2734 consensu
1195 2670 1357 2748 juxta
1391 2673 1634 2751 regulas
1667 2693 1696 2732 a
1735 2671 2006 2753 probatis
2039 2671 2394 2734 auctoribus
2428 2672 2704 2742 traditas:
2759 2690 2993 2736 remota
3028 2695 3134 2737 oc-

525 2781 769 2842 casione
803 2779 1097 2861 peccandi
1131 2799 1199 2839 ac
1232 2778 1507 2855 injuncta
1540 2778 1706 2860 gravi
1741 2779 2114 2859 poenitentia
2147 2779 2391 2839 salutari
2426 2795 2484 2840 et
2519 2779 2906 2842 confessione
2941 2802 3138 2843 sacra-

526 2888 775 2949 mentali
810 2888 999 2948 semel
1034 2886 1097 2947 in
1133 2906 1343 2948 mense
1377 2906 1484 2967 per
1516 2902 1761 2967 tempus
1794 2885 2202 2965 dispensantis
2235 2886 2484 2947 arbitrio
2519 2889 2940 2949 statuendum.

740 2995 890 3055 Item
942 2995 1018 3054 de
1068 2993 1313 3074 speciali
1363 3009 1420 3053 et
1468 3013 1749 3071 expressa
1797 2993 2134 3073 apostolica
2181 2993 2536 3054 auctoritate
2584 2994 2757 3054 vobis
2790 2993 3139 3057 facultatem

417 3126 468 3170 25
525 3103 930 3164 concedimus
951 3101 1346 3181 dispensandi
1366 3119 1553 3181 super
1573 3100 1737 3162 dicto
1760 3099 2007 3161 occulto
2041 3100 2510 3181 impedimento,
2540 3122 2649 3162 seu
2683 3088 3142 3183 impedimentis

524 3209 831 3270 affinitatis
878 3229 950 3269 ex
997 3209 1221 3290 copula
1266 3207 1490 3284 illicita,
1538 3207 1719 3268 etiam
1754 3207 1815 3268 in
1850 3208 2259 3268 matrimoniis
2292 3209 2746 3284 contrahendis,
2780 3209 3139 3289 dispensan-

524 3317 712 3396 dique
762 3316 1109 3376 facultatem
1143 3315 1608 3393 subdelegandi‚
1658 3314 1840 3375 etiam
1878 3314 2282 3390 habitualiter,
2316 3315 2598 3395 parochis
2631 3332 2863 3376 vestrae
2897 3317 3143 3378 dioece—

524 3423 624 3498 siS,
669 3424 924 3503 quando
971 3438 1178 3482 tamen
1225 3421 1438 3482 omnia
1486 3436 1692 3501 parata
1723 3420 1848 3481 sint
1881 3421 1954 3480 ad
1990 3421 2252 3501 nuptias,
2289 3440 2401 3481 nec
2435 3422 2903 3482 matrimonium
2942 3443 3139 3503 usque

526 3530 677 3591 dum
723 3533 798 3591 ab
834 3530 1189 3612 Apostolica
1225 3528 1382 3589 Sede
1429 3526 1686 3589 obtineri
1734 3527 1926 3608 possit
1958 3527 2328 3608 dispensatio
2361 3531 2598 3608 absque
2634 3528 2908 3609 periculo
2940 3532 3144 3608 gravis

417 3661 470 3706 30
523 3637 794 3699 scandali
827 3637 1025 3698 differi
1057 3651 1276 3718 queat:
1328 3650 1563 3695 remota
1594 3653 1837 3715 semper
1869 3633 2192 3695 occasione
2228 3636 2537 3715 peccandi,
2574 3650 2631 3696 et
2654 3635 2827 3696 firma
2852 3654 3139 3698 manente

522 3743 880 3804 conditione
928 3745 1099 3823 quod
1147 3742 1369 3822 copula
1419 3741 1622 3802 habita
1661 3760 1806 3801 curn
1842 3756 2033 3801 matre
2070 3741 2343 3801 mulieris
2377 3739 2565 3818 hujus
2598 3742 2967 3802 nativitatem
3007 3762 3137 3803 non

521 3850 867 3910 antecedat:
920 3848 1192 3928 injuncta
1227 3851 1288 3911 in
1321 3849 1604 3931 quolibet
1635 3869 1779 3910 casu
1813 3848 2183 3931 poenitentia
2217 3847 2484 3908 salutari.

736 3957 858 4019 XII.
910 3957 1321 4039 Dispensandi
1355 3976 1544 4039 super
1575 3956 1823 4017 occulto
1857 3955 2131 4015 criminis
2162 3955 2633 4034 impedimento,
2679 3955 3030 4017 dummodo
3064 3957 3139 4018 sit

520 4065 754 4143 absque
788 4063 911 4124 ulla
947 4063 1401 4125 machinatione
1434 4080 1494 4125 et
1527 4079 1740 4143 agatur
1774 4064 1852 4123 de
1886 4059 2281 4122 matrimonio
2317 4060 2437 4136 jam
2470 4076 2817 4132 contracto;
2887 4064 3138 4124 monitis

416 4194 467 4240 35
524 4169 752 4250 putatis
786 4170 1158 4249 conjugibus
1192 4172 1268 4231 de
1303 4171 1639 4232 necessaria
1673 4190 2019 4232 consensus
2050 4185 2277 4229 secreta
2311 4168 2726 4230 renovatione.

734 4274 901 4355 [Item
956 4297 1027 4338 ex
1077 4279 1293 4338 eadem
1325 4277 1572 4358 speciali
1606 4293 1663 4338 et
1697 4297 1978 4358 expressa
2012 4277 2370 4357 Apostolica
2403 4276 2761 4336 auctoritate
2795 4277 3015 4358 pariter
3050 4277 3135 4337 fa·

519 4385 809 4445 cultatem
859 4384 1264 4445 concedimus
1316 4384 1712 4465 dispensandi
1763 4403 1951 4464 super
2001 4384 2224 4444 eodem
2279 4383 2744 4464 impedimento,
2787 4384 3144 4444 dummodo

518 4491 593 4552 sit
623 4494 858 4573 absque
895 4492 1019 4552 ulla
1053 4491 1528 4568 machinatione,
1561 4491 1740 4552 etiam
1777 4491 1842 4551 in
1878 4490 2289 4551 matrimoniis
2322 4490 2780 4568 contrahendis,
2813 4490 2872 4551 in
2894 4490 3142 4551 casibus

515 4615 723 4662 tamen
778 4599 1237 4682 urgentioribus
1285 4599 1350 4659 in
1396 4599 1625 4678 quibus
1670 4615 1917 4680 tempus
1951 4618 2082 4659 non
2115 4615 2399 4679 suppetat
2430 4598 2784 4660 recurrendi
2819 4600 2894 4659 ad
2931 4597 2990 4657 S.
3027 4596 3136 4657 Se-

406 4729 463 4770 40
517 4707 695 4782 dem;
746 4706 1018 4785 injuncta
1081 4707 1145 4767 in
1194 4722 1461 4786 utroque
1509 4725 1654 4767 casu
1704 4705 1872 4786 gravi
1921 4705 2295 4786 poenitentia
2342 4705 2586 4767 salutari
2634 4719 2691 4764 et
2740 4703 3132 4764 confessione

515 4815 939 4876 sacramentali
986 4816 1177 4876 semel
1223 4812 1482 4892 singulis
1529 4813 1851 4874 mensibus
1885 4832 1993 4893 per
2025 4828 2269 4893 tempus
2302 4809 2704 4893 dispensantis
2737 4809 2983 4870 arbitrio
3017 4826 3142 4870 sta-

518 4922 845 4983 tuendum.
