3684 5416
331 1532 396 1565 (0

331 2083 393 2127 «s

331 3150 399 3196 ²5

331 3685 404 3732 ‘30

332 4224 402 4272 ⁴35

1092 383 1357 437 Potestas
1395 379 1778 437 ecclesiastica
1819 394 1878 436 et
1914 379 2217 453 imperium
2256 380 2431 436 civile.
2964 382 3059 454 169

1401 613 1494 667 50.
1531 610 2099 670 MANEGOLDUS.

1239 754 1352 815 Ad
1402 752 1966 817 Gebehardum
2014 754 2267 816 Liber.

666 873 694 902 ‘
731 876 1084 929 Monumenta
1122 874 1460 928 Germaniae
1482 873 1742 928 historica
1759 895 1783 940 ;
1819 875 2009 928 Libelli
2028 875 2093 927 dc
2117 877 2209 929 lite
2234 877 2633 946 Imperatorum
2660 879 2715 927 et
2735 874 3059 944 Pontificum

448 956 681 1007 saeculis
717 955 801 1009 XI
828 960 887 1008 et
917 956 1029 1009 XII
1056 956 1361 1025 conscripti.
1402 953 1574 1007 Tom.
1604 953 1640 1007 Ι.
1668 971 1722 1025 p.
1752 972 1856 1029 300
1870 971 2056 1028 -430.
2086 954 2175 1010 ed.
2204 955 2253 1008 Κ
2272 971 2307 1007 u
2326 970 2419 1009 no
2458 953 2589 1008 fra
2609 953 2764 1008 nke.
2816 953 3003 1008 Mirb
3023 966 3060 1014 t,

447 1036 554 1087 Die
593 1035 900 1090 Puhlmstae
936 1040 1035 1089 etc.
1077 1051 1129 1105 p.
1172 1034 1240 1088 26
1279 1049 1399 1104 seq.
1477 1032 1517 1089 S
1536 1033 1674 1088 olm
1692 1034 1708 1088 i
1729 1075 1741 1097 ‚
1792 1037 1946 1088 Stato
1996 1053 2025 1087 c
2062 1034 2255 1088 Chiesa
2308 1037 2459 1104 negli
2503 1038 2687 1089 scritti
2707 1037 2922 1106 politici
2951 1053 3061 1087 ccc.

447 1131 505 1185 p.
531 1115 620 1186 96,
652 1133 745 1187 ¹05
774 1132 936 1187 seqq.
989 1114 1030 1172 S
1049 1115 1327 1170 caduto
1347 1155 1359 1177 ‚
1410 1116 1565 1169 Staio
1613 1134 1644 1168 e
1680 1115 1877 1169 Chiesa
1928 1117 2079 1185 negli
2121 1117 2307 1170 scritti
2346 1117 2559 1186 politici
2587 1116 2739 1169 dalla
2762 1117 2881 1186 fine
2916 1117 3061 1169 della

449 1197 588 1249 lotia
613 1202 721 1268 per
757 1199 807 1251 lc
841 1198 1158 1252 investitura*
1183 1198 1306 1266 fino
1330 1197 1444 1249 alla
1469 1201 1644 1250 morte
1668 1197 1729 1249 di
1748 1196 2013 1249 Ludovico
2037 1197 2080 1250 il
2099 1196 2336 1249 Bavaro.
2377 1194 2609 1249 Firenze
2645 1194 2794 1250 1882.
2821 1212 2876 1267 p.
2910 1212 3062 1266 1—5.

451 1275 503 1329 G
521 1273 536 1328 i
554 1291 585 1329 e
603 1293 628 1329 s
647 1293 677 1329 e
695 1276 730 1330 b
747 1293 773 1329 r
790 1292 820 1331 e
837 1293 867 1330 c
884 1276 922 1330 h
939 1288 961 1330 t
978 1316 991 1339 ‚
1019 1274 1074 1329 in
1100 1274 1591 1346 Sitzungsbertclzte
1615 1275 1716 1328 der
1738 1276 1786 1332 k.
1814 1274 2153 1328 Munchener
2177 1275 2481 1328 Akademic.
2520 1274 2668 1345 1867.
2696 1293 2751 1346 p.
2775 1293 2876 1347 297
2899 1292 3060 1347 seqq.

527 1413 718 1474 XXX.
781 1413 1016 1490 Quod
1068 1433 1198 1475 rex
1249 1432 1407 1475 non
1457 1413 1559 1474 sit
1610 1433 1896 1475 nomen
1944 1430 2255 1492 nature,
2306 1413 2440 1475 sed
2492 1414 2974 1475 vocabulum

1606 1511 1837 1573 offici
1857 1512 1893 1572 i.

670 1627 912 1707 Regalis
958 1647 1107 1708 ergo
1152 1627 1418 1708 dignitas
1465 1642 1525 1688 et
1555 1627 1824 1709 potentia
1858 1627 2014 1688 sicut
2047 1646 2271 1689 omnes
2303 1627 2648 1690 mundanas
2679 1628 2916 1697 excellit
2949 1647 3061 1708 po-

451 1749 714 1811 testates,
748 1733 834 1796 sic
864 1735 942 1797 ad
975 1753 1113 1795 eam
1143 1734 1612 1797 ministrandam
1644 1752 1777 1796 non
1810 1733 2325 1814 flagitiosissimus
2357 1734 2625 1814 quisque
2655 1734 2752 1796 vel
2785 1734 3060 1816 turpissi-

451 1859 597 1902 mus
641 1856 731 1901 est
776 1842 1264 1919 constituendus,
1295 1842 1405 1903 sed
1437 1840 1545 1921 qui
1577 1837 1735 1903 sicut
1765 1841 1906 1901 loco
1938 1857 1997 1901 et
2028 1840 2337 1920 dignitate,
2369 1841 2449 1902 ita
2485 1841 2928 1904 nichilominus
2960 1861 3060 1904 ce-

450 1963 616 2009 teros
659 1947 975 2028 sapientia,
1022 1947 1258 2009 iusticia
1300 1964 1547 2030 superet
1593 1963 1650 2008 et
1695 1948 1936 2028 pietate.
1998 1947 2263 2008 Necesse
2308 1962 2398 2008 est
2429 1966 2598 2026 erg0,
2634 1948 2742 2027 qui
2774 1948 3060 2014 omnium

453 2074 666 2117 curam
697 2074 926 2133 gerere,
959 2075 1180 2117 omnes
1212 2055 1392 2116 debet
1422 2057 1786 2134 gubernare,
1822 2055 2055 2116 maiore
2087 2053 2276 2132 gratia
2308 2053 2608 2116 virtutum
2627 2073 2811 2135 super
2831 2070 3065 2118 ceteros

451 2164 673 2225 debeat
714 2164 1060 2246 splendere,
1103 2163 1386 2225 traditam
1433 2163 1548 2225 sibi
1581 2178 1948 2245 potestatem
1978 2182 2229 2224 summo
2264 2162 2548 2243 equitatis
2579 2162 2902 2224 libramine
2934 2180 3063 2224 stu·

453 2272 593 2332 deat
623 2271 1062 2333 administrare.
1114 2272 1334 2351 Neque
1367 2270 1536 2331 enim
1570 2271 1842 2351 populus
1876 2270 2018 2332 ideo
2052 2287 2197 2330 eum
2232 2273 2417 2349 super
2448 2289 2511 2329 se
2546 2268 2781 2345 exaltat,
2814 2285 2880 2330 ut
2911 2270 3063 2330 libe-

454 2397 585 2439 ram
635 2378 701 2439 in
745 2398 810 2440 se
854 2379 1225 2438 exercendae
1269 2377 1609 2459 tyrannidis
1655 2376 2003 2438 facultatem
2051 2375 2370 2454 concedat,
2418 2377 2526 2437 sed
2573 2390 2642 2437 ut
2673 2375 3063 2456 a.tyrannide

454 2500 804 2547 ceterorum
853 2502 912 2548 et
956 2485 1348 2566 improbitate
1392 2484 1695 2546 defendat.
1779 2484 1990 2564 Atqui,
2036 2502 2182 2548 cum
2229 2482 2351 2559 ille,
2390 2482 2504 2562 qui
2538 2502 2664 2563 pro
2710 2482 3065 2544 coercendis

454 2591 674 2672 pravis,
707 2593 917 2674 probis
949 2593 1354 2656 defendendis
1388 2593 1648 2674 eligitur,
1679 2591 2035 2673 pravitatem
2070 2591 2132 2653 in
2165 2610 2228 2651 se
2262 2590 2486 2668 fovere,
2509 2592 2710 2653 bonos
2731 2605 3065 2671 conterere,

453 2699 866 2780 tyrannidem,
898 2721 1089 2781 quam
1121 2701 1337 2763 debuit
1369 2700 1749 2783 propulsare,
1784 2700 1848 2760 in
1881 2699 2194 2762 subiectos
2218 2697 2452 2779 ceperit
2483 2698 2613 2779 ipse
2646 2697 3065 2760 crudelissime

458 2826 756 2887 exercere,
809 2828 1022 2871 nonne
1069 2809 1304 2870 clarum
1350 2823 1459 2885 est,
1508 2807 1725 2869 merito
1757 2806 1934 2867 illum
1971 2827 2002 2866 a
2036 2825 2327 2867 concessa
2361 2806 2653 2886 dignitate
2686 2806 2918 2882 cadere,
2953 2826 3066 2886 po-

457 2915 681 2995 pulum
727 2917 804 2976 ab
850 2916 982 2978 eius
1028 2915 1313 2978 dominio
1360 2931 1419 2976 et
1450 2914 1836 2976 subiectione
1869 2914 2133 2975 liberum
2165 2913 2438 2992 existere,
2474 2933 2615 2974 cum
2651 2928 2920 2994 pactum,
2955 2932 3068 2993 pro

457 3041 587 3101 quo
632 3023 1000 3085 constitutus
1030 3039 1139 3101 est,
1171 3038 1412 3086 constet
1442 3022 1621 3084 illum
1655 3022 1826 3104 prius
1858 3021 2189 3102 irrupisse?
2253 3021 2382 3081 Nec
2415 3020 2555 3082 illos
2588 3020 2918 3100 quisquam
2952 3038 3062 3100 po·

456 3129 594 3189 terit
624 3129 781 3190 iuste
813 3150 883 3191 ac
914 3131 1349 3192 rationabiliter
1379 3130 1668 3212 perfidiae
1700 3149 1974 3209 arguere,
2007 3147 2152 3190 cum
2172 3128 2618 3190 nichilominus
2638 3143 2871 3188 constet
2891 3127 3068 3188 illum

457 3234 644 3296 fidem
694 3236 862 3317 prius
907 3238 1267 3300 deseruisse.
1337 3238 1421 3300 Ut
1466 3238 1628 3299 enim
1665 3238 1742 3298 de
1775 3240 1960 3299 rebus
1992 3236 2312 3297 vilioribus
2345 3235 2698 3315 exemplum
2731 3235 3066 3310 trahamuS,

457 3344 509 3403 si
554 3344 695 3423 quis
734 3343 916 3407 alicui
950 3345 1135 3427 digna
1170 3345 1450 3406 mercede
1485 3363 1707 3427 porcos
1740 3363 1889 3405 suos
1923 3344 2266 3425 pascendos
2298 3342 2705 3403 committeret
2737 3341 3069 3421 ipsumque

459 3451 796 3532 postmodo
847 3471 953 3512 eos
1003 3471 1132 3513 non
1185 3471 1450 3533 pascere,
1504 3451 1612 3512 sed
1664 3451 1871 3529 furari,
1925 3466 2187 3511 mactare
2240 3465 2297 3509 et
2347 3448 2600 3530 perdere
2651 3463 3069 3526 cognosceret,

458 3576 692 3632 nonne,
728 3557 1025 3638 promissa
1060 3558 1339 3619 mercede
1372 3558 1551 3619 etiam
1584 3558 1696 3618 sibi
1731 3572 1982 3632 retenta,
2013 3578 2045 3617 a
2081 3555 2280 3637 porcis
2314 3553 2633 3636 pascendis
2666 3572 2811 3613 cum
2844 3569 3067 3614 contu-

459 3664 643 3725 melia
674 3663 850 3725 illum
883 3671 1231 3727 amoveret?
1294 3665 1380 3745 Si,
1428 3666 1708 3745 inquam,
1743 3666 1864 3725 hoc
1895 3664 1961 3724 in
1994 3662 2215 3722 vilibus
2246 3663 2429 3722 rebus
2462 3661 2823 3736 custoditur,
2857 3676 2922 3721 ut
2955 3679 3070 3720 nec

458 3770 778 3851 porcarius
816 3772 1071 3852 quidem
1104 3773 1416 3850 habeatur,
1466 3773 1572 3853 qui
1607 3790 1830 3854 porcos
1865 3789 1998 3831 non
2032 3788 2296 3851 pascere,
2326 3768 2435 3829 sed
2466 3767 2669 3828 studet
2700 3766 3070 3845 disperdere,

457 3893 630 3939 tanto
664 3878 911 3957 dignius
943 3880 1099 3940 iusta
1130 3895 1188 3940 et
1220 3880 1520 3961 probabili
1553 3878 1788 3940 ratione
1822 3877 2052 3954 omnis,
2087 3876 2194 3956 qui
2228 3895 2356 3937 non
2388 3874 2675 3936 homines
2696 3891 2925 3951 regere,
2960 3870 3068 3932 sed

460 3985 526 4046 in
572 4003 840 4047 errorem
887 3986 1124 4046 mittere
1171 4002 1446 4063 conatur,
1494 3985 1668 4047 omni
1717 3984 1986 4066 potentia
2020 3999 2077 4044 et
2110 3982 2422 4061 dignitate,
2458 3999 2647 4060 quarn
2680 3979 2744 4039 in
2778 3977 3066 4038 homines

459 4092 712 4174 accepit,
746 4093 1035 4174 privatur,
1070 4109 1307 4174 quanto
1339 4092 1610 4155 conditio
1644 4090 1975 4153 hominum
2010 4111 2042 4151 a
2076 4105 2288 4150 natura
2309 4087 2488 4148 distat
2506 4104 2860 4167 porcorum.
2894 4082 3065 4159 Quid

460 4200 644 4280 igitur
690 4201 940 4277 mirum,
987 4200 1038 4262 si
1083 4202 1234 4262 haec
1281 4199 1600 4280 disciplina
1647 4200 1763 4259 sub
1812 4197 2138 4259 christiana
2184 4195 2483 4273 religione
2517 4192 2879 4267 custoditur,
2913 4191 3065 4251 dum

458 4306 696 4388 antiqui
732 4307 1020 4385 Romani,
1068 4322 1219 4369 etate
1266 4306 1546 4368 videlicet
1589 4305 1923 4367 illustrium
1969 4304 2242 4365 virorum
2276 4300 2568 4364 Collatini
2599 4316 2656 4359 et
2687 4298 3067 4375 Bruti,>Tar-

460 4413 662 4494 quinii
706 4414 864 4493 regis
908 4414 1260 4496 superbiam
1308 4433 1438 4475 non
1471 4414 1749 4489 ferentes,
1784 4431 1899 4494 pro
1930 4427 2167 4493 stupro,
2203 4430 2334 4471 non
2367 4409 2541 4490 quod
2574 4408 2724 4488 ipse,
2754 4408 2862 4468 sed
2895 4407 3068 4486 quod

461 4521 624 4583 filius
670 4521 802 4583 eius
849 4522 912 4583 in
943 4522 1220 4584 Lucretia
1270 4521 1463 4583 nobili
1512 4537 1787 4581 matrona
1834 4519 2244 4595 commiserat,
2297 4536 2443 4578 cum
2477 4515 2605 4576 filio
2641 4513 2861 4596 pariter
2892 4513 3065 4574 illum

462 4628 653 4709 patria
685 4644 745 4689 et
775 4647 971 4708 regno
1004 4628 1397 4711 depellerent,
1431 4648 1519 4705 ac,
1552 4648 1631 4689 ne
1665 4626 1999 4708 quisquam
2030 4625 2272 4707 imperii
2306 4623 2702 4685 diuturnitate
2734 4621 3068 4683 insolesce-

463 4752 572 4814 ret,
619 4755 823 4797 annua
869 4736 984 4797 sibi
1028 4734 1280 4817 imperia
1329 4754 1438 4816 per
1469 4736 1650 4796 binos
1682 4734 1902 4795 exinde
1937 4734 2222 4794 consules
2256 4735 2568 4792 crearent?
2630 4728 2819 4790 Aliud
2852 4743 2941 4787 est
2973 4746 3065 4787 re·

461 4861 674 4923 gnare,
706 4842 873 4903 aliud
907 4842 970 4903 in
1003 4861 1196 4921 regno
1230 4842 1615 4923 tyrannidem
1653 4860 1948 4901 exercere.
1998 4840 2081 4901 Ut
2114 4838 2280 4898 enim
2313 4835 2783 4918 imperatoribus
2816 4850 2874 4895 et
2905 4833 3063 4913 regi-

466 4950 582 5010 bus
614 4950 691 5010 ad
724 4949 956 5011 tuenda
989 4949 1161 5028 regni
1195 4948 1615 5030 gubernacula
1650 4946 1800 5009 fides
1833 4963 1890 5007 et
1912 4944 2246 5006 reverentia
2272 4959 2360 5005 est
2379 4941 2746 5019 adhibenda,
2779 4941 2863 5001 sic
2888 4957 3065 5019 certe,
