3684 5416
563 371 669 423 254
1189 352 1454 406 Potestas
1494 349 1872 406 ecclesiastica
1912 363 1970 406 et
2007 350 2310 421 imperium
2349 351 2524 406 civile.

563 537 861 597 hactenus
906 536 1140 597 usitatis
1188 538 1426 598 mentio
1472 537 1690 599 iniecta
1724 536 1969 614 fuerint,
2002 556 2223 618 resque
2257 537 2409 597 haec
2438 536 2733 616 gravioris
2765 537 2892 597 visa
2924 537 2998 596 sit
3029 554 3169 598 mo-

562 643 774 720 menti,
819 644 895 704 de
928 643 1023 704 his
1055 662 1314 724 quoque
1346 642 1602 704 ulterior
1633 642 1991 704 deliberatio
2022 643 2100 703 ad
2134 643 2411 723 proxima
2442 642 2710 705 Comitia
2741 643 2991 704 remissa
3022 657 3170 704 esto.

775 759 806 821 S
845 772 943 830 57.
1001 756 1360 814 Assessores
1394 756 1792 830 Augustanae
1825 750 2255 813 Confessionis
2285 766 2751 832 praesententur

1388 867 1697 928 Saxonico

481 1005 505 1048 5
881 976 957 1035 ab
997 974 1274 1036 Electore
1387 972 1937 1052 Brandenburgico
2164 1021 2719 1037 ......
2812 977 2850 1037 6

1388 1082 1664 1142 Palatino

881 1197 1134 1260 Circulo
1167 1196 1514 1278 Superioris
1546 1195 1848 1257 Saxoniae
1951 1244 2718 1261 ........
2809 1219 2855 1276 4

1171 1302 1483 1364 Inferioris
1517 1302 1816 1363 Saxoniae
1955 1349 2716 1365 ........
2808 1324 2849 1382 4

987 1410 1346 1471 alternando
1391 1428 1502 1490 per
1545 1409 1662 1469 hos
1710 1409 1872 1469 duos
1918 1408 2202 1470 Circulos
2251 1407 2285 1487 [.
2376 1456 2391 1471 .
2488 1455 2503 1470 .
2592 1458 2606 1471 .
2703 1462 2714 1472 .
2816 1408 2866 1488 ι]

457 1546 508 1576 ιο
881 1517 1112 1579 Circuli
1145 1515 1509 1577 Franconici
1542 1516 1810 1576 Statibus
1844 1521 2242 1594 Augustanae
2275 1515 2699 1578 Confessionis
2814 1536 2847 1577 2

881 1622 1124 1683 Suevici
1206 1668 2717 1685 ...............
2813 1643 2847 1684 2

880 1729 1224 1811 Superioris
1256 1730 1541 1791 Rhenani
1635 1776 2718 1793 ...........
2814 1751 2845 1792 2

883 1835 1282 1917 Westphalici
1418 1882 2720 1898 .............
2815 1858 2847 1898 2

986 1944 1344 2004 alternando
1377 1963 1484 2024 per
1516 1944 1632 2003 hos
1663 1959 1934 2023 quatuor
1966 1942 2252 2004 Circulos
2359 1939 2393 2020 [.
2486 1989 2500 2004 .
2592 1980 2630 2004 .-
2699 1992 2713 2006 .
2817 1942 2866 2023 1]

455 2098 503 2140 «5
775 2079 805 2140 s
845 2072 942 2149 58.
1009 2070 1081 2130 Et
1125 2068 1407 2149 quamvis
1457 2071 1572 2129 sub
1619 2069 1926 2129 schemate
1974 2066 2145 2128 nulla
2192 2067 2296 2128 fiat
2339 2067 2570 2128 mentio
2604 2067 2892 2130 Statuum
2922 2070 3163 2153 Imperii

563 2184 958 2257 Augustanae
980 2176 1431 2254 ConfessioniS,
1464 2176 1571 2256 qui
1604 2179 1721 2236 sub
1744 2175 1995 2238 Circulo
2026 2175 2317 2236 Bavarico
2350 2176 2982 2256 comprehenduntur,
3014 2178 3167 2239 nihil

559 2303 763 2347 tamen
812 2305 882 2346 ex
930 2304 1006 2345 eo
1053 2284 1196 2366 ipsis
1243 2284 1710 2366 praeiudicetur,
1756 2284 1864 2344 sed
1896 2284 2058 2345 salva
2088 2299 2377 2344 maneant
2409 2283 2635 2344 horum
2672 2284 2821 2357 iura,
2854 2285 3165 2367 privilegia

561 2410 617 2454 et
649 2393 969 2454 libertates.

1563 2478 1981 2576 Articulus
2029 2479 2152 2539 Vll.

445 2667 506 2698 ιο
774 2650 803 2712 s
862 2663 909 2703 1.
999 2639 1291 2702 Unanimi
1342 2658 1598 2721 quoque
1648 2641 1980 2702 Caesareae
2031 2639 2360 2701 Maiestatis
2409 2640 2825 2722 omniumque
2857 2641 3168 2705 Ordinum

560 2750 800 2833 Imperii
846 2767 1154 2811 consensu
1199 2747 1443 2829 placuit,
1488 2765 1554 2808 ut
1600 2747 1896 2829 quicquid
1942 2747 2093 2807 iuris
2139 2763 2242 2808 aut
2276 2747 2557 2809 beneficii
2591 2767 2737 2809 cum
2769 2768 2989 2812 omnes
3019 2751 3166 2812 aliae

557 2856 1028 2918 constitutiones
1047 2856 1326 2937 Imperii,
1345 2872 1477 2915 tum
1502 2856 1621 2916 Pax
1643 2853 1986 2934 Religionis
2020 2870 2080 2915 et
2113 2853 2355 2936 publica
2377 2855 2526 2915 haec
2545 2856 2872 2917 transactio
2890 2857 2955 2918 in
2976 2877 3167 2938 eaque

556 2965 783 3026 decisio
828 2963 1256 3043 gravaminum
1303 2962 1550 3022 caeteris
1581 2961 1917 3022 Catholicis
1964 2978 2022 3022 et
2054 2966 2458 3043 Augustanae
2493 2962 2871 3025 confessioni
2920 2965 3172 3027 addictis

555 3073 824 3134 Statibus
854 3088 911 3133 et
941 3069 1200 3133 subditis
1230 3070 1526 3148 tribuunt,
1560 3069 1620 3130 id
1654 3069 1838 3129 etiam
1870 3068 1963 3146 iis,
1997 3068 2105 3149 qui
2139 3069 2295 3130 inter
2324 3069 2462 3131 illos
2486 3069 2820 3131 Reformati
2852 3089 3167 3145 vocantur,

443 3202 501 3247 25
557 3197 904 3262 competere
949 3179 1195 3249 debeat;
1249 3176 1430 3237 salvis
1474 3193 1679 3236 tamen
1727 3196 1971 3258 semper
2003 3176 2316 3254 Statuum,
2351 3176 2458 3256 qui
2491 3177 2895 3239 Protestantes
2926 3199 3169 3242 nuncu-

557 3303 797 3370 pantur,
829 3287 986 3347 inter
1016 3305 1080 3345 se
1113 3300 1171 3344 et
1200 3303 1345 3344 cum
1378 3283 1638 3344 subditis
1670 3283 1797 3343 suis
1818 3283 2137 3344 conventis
2165 3283 2371 3364 pactiS,
2394 3283 2740 3365 privilegiiS,
2769 3288 3169 3348 reversalibus

557 3411 616 3456 et
648 3392 1155 3476 dispositionibus
1185 3390 1335 3465 aliis,
1366 3391 1592 3470 quibus
1625 3390 1701 3450 de
1735 3389 2062 3468 Religione
2095 3390 2355 3470 eiusque
2389 3391 2673 3451 exercitio
2694 3392 2916 3453 etinde
2937 3394 3169 3475 depen-

558 3503 847 3563 dentibus
893 3499 1196 3581 cuiusque
1243 3498 1360 3559 loci
1393 3497 1661 3559 Statibus
1707 3513 1766 3558 et
1810 3497 2070 3558 subditis
2120 3498 2447 3578 hucusque
2494 3498 2813 3579 provisum
2860 3516 2966 3576 est,
3001 3499 3163 3562 salva

557 3608 768 3668 itidem
800 3606 1102 3687 cuiusque
1135 3605 1542 3666 conscientiae
1575 3604 1866 3665 libertate.

447 3738 505 3782 30
772 3724 801 3784 s
840 3735 892 3775 2.
955 3760 1157 3776 .....
1208 3712 1446 3772 Praeter
1493 3711 1817 3791 religiones
1864 3730 2048 3791 super
2100 3711 2459 3773 nominatas
2505 3715 2676 3776 nulla
2722 3716 2833 3776 alia
2887 3716 2947 3777 in
2997 3735 3170 3777 sacro

557 3822 817 3903 irnperio
851 3821 1140 3882 Romano
1173 3819 1497 3900 recipiatur
1527 3820 1623 3879 vel
1652 3819 1960 3881 toleretur.

1540 3997 1960 4058 Articulus
2010 3997 2195 4058 XVII.

771 4169 800 4230 S
838 4180 893 4240 3.
958 4161 1188 4222 Contra
1224 4161 1380 4220 hanc
1412 4158 1925 4221 Transactionem
1971 4157 2248 4219 ullumve
2295 4159 2427 4221 eius
2474 4160 2798 4222 articulum
2848 4177 2954 4222 aut
3002 4162 3168 4224 clau·

561 4268 761 4330 sulam
809 4266 978 4327 nulla
1028 4266 1158 4326 iura
1191 4267 1506 4329 Canonica
1557 4265 1653 4325 vel
1685 4264 1926 4342 Civilia,
1978 4266 2335 4326 communia
2385 4268 2481 4327 vel
2512 4267 2811 4348 specialia,
2848 4268 3168 4329 Concilio-

449 4395 501 4439 35
560 4393 701 4434 rum
736 4373 993 4448 decreta,
1028 4372 1358 4451 privilegia,
1392 4371 1648 4448 indulta,
1670 4371 1885 4447 edicta,
1908 4371 2827 4449 commissiones,inhibitiones,
2861 4375 3166 4451 mandata,

560 4481 816 4551 decreta,
867 4480 1173 4558 rescripta,
1220 4477 1723 4560 litispendentiae,
1768 4497 2153 4559 quocunque
2185 4494 2462 4561 tempore
2499 4481 2652 4541 latae
2682 4481 3035 4557 sententiae,
3068 4500 3160 4542 res

559 4587 877 4663 iudicatae,
909 4584 1394 4665 Capitulationes
1426 4583 1758 4645 Caesareae
1791 4601 1851 4645 et
1884 4584 2054 4659 aliae,
2092 4585 2550 4665 Religiosorum
2572 4586 2883 4649 Ordinum
2923 4588 3167 4667 regulae

559 4710 664 4756 aut
710 4691 1104 4767 exemtiones,
1151 4693 1276 4752 sive
1323 4692 1624 4773 praeteriti
1672 4691 1797 4752 sive
1847 4691 2034 4753 futuri
2078 4693 2373 4774 temporis
2405 4695 2895 4775 protestationes,
2933 4711 3167 4756 contra-

559 4800 876 4875 dictioneS,
896 4798 1352 4880 appellationes,
1374 4798 1783 4876 investiturae,
1808 4797 2266 4875 transactiones,
2289 4800 2649 4880 iuramenta,
2668 4800 3170 4876 renuntiationes,

447 4931 503 4969 ⁴0
560 4922 728 4987 pacta
774 4906 898 4966 sive
945 4904 1213 4966 dedititia
1264 4902 1387 4963 sive
1433 4902 1567 4971 alia,
1617 4904 1815 4963 multo
1866 4903 2075 4965 minus
2109 4903 2398 4966 Edictum
2431 4927 2482 4968 a.
2527 4907 2686 4985 1629
2722 4906 2815 4967 vel
2848 4907 3168 4969 transactio
