<?xml version="1.0" encoding="UTF-8"?>
<!DOCTYPE html PUBLIC "-//W3C//DTD XHTML 1.0 Transitional//EN"
    "http://www.w3.org/TR/xhtml1/DTD/xhtml1-transitional.dtd">
<html xmlns="http://www.w3.org/1999/xhtml" xml:lang="en" lang="en">
 <head>
  <title>
</title>
<meta http-equiv="Content-Type" content="text/html;charset=utf-8" />
  <meta name='ocr-system' content='tesseract 3.04.00' />
  <meta name='ocr-capabilities' content='ocr_page ocr_carea ocr_par ocr_line ocrx_word'/>
</head>
<body>
  <div class='ocr_page' id='page_1' title='image "./fontesiuriscano00unkngoog/fontesiuriscano00unkngoog_0574.png"; bbox 0 0 3684 5416; ppageno 0'>
   <div class='ocr_carea' id='block_1_1' title="bbox 504 1567 551 1598">
    <p class='ocr_par' dir='ltr' id='par_1_1' title="bbox 504 1567 551 1598">
     <span class='ocr_line' id='line_1_1' title="bbox 504 1567 551 1598; baseline 0 0"><span class='ocrx_word' id='word_1_1' title='bbox 504 1567 551 1598; x_wconf 83' lang='lat' dir='ltr'>to</span> 
     </span>
    </p>
   </div>
   <div class='ocr_carea' id='block_1_2' title="bbox 504 2109 547 2152">
    <p class='ocr_par' dir='ltr' id='par_1_2' title="bbox 504 2109 547 2152">
     <span class='ocr_line' id='line_1_2' title="bbox 504 2109 547 2152; baseline 0 0"><span class='ocrx_word' id='word_1_2' title='bbox 504 2109 547 2152; x_wconf 81' lang='grc' dir='ltr'>ι5</span> 
     </span>
    </p>
   </div>
   <div class='ocr_carea' id='block_1_3' title="bbox 497 2642 550 2674">
    <p class='ocr_par' dir='ltr' id='par_1_3' title="bbox 497 2642 550 2674">
     <span class='ocr_line' id='line_1_3' title="bbox 497 2642 550 2674; baseline 0 0"><span class='ocrx_word' id='word_1_3' title='bbox 497 2642 550 2674; x_wconf 81' lang='lat'>20</span> 
     </span>
    </p>
   </div>
   <div class='ocr_carea' id='block_1_4' title="bbox 499 3175 547 3217">
    <p class='ocr_par' dir='ltr' id='par_1_4' title="bbox 499 3175 547 3217">
     <span class='ocr_line' id='line_1_4' title="bbox 499 3175 547 3217; baseline 0 0"><span class='ocrx_word' id='word_1_4' title='bbox 499 3175 547 3217; x_wconf 81' lang='lat'>25</span> 
     </span>
    </p>
   </div>
   <div class='ocr_carea' id='block_1_5' title="bbox 499 3709 550 3753">
    <p class='ocr_par' dir='ltr' id='par_1_5' title="bbox 499 3709 550 3753">
     <span class='ocr_line' id='line_1_5' title="bbox 499 3709 550 3753; baseline 0 -14"><span class='ocrx_word' id='word_1_5' title='bbox 499 3709 550 3753; x_wconf 76' lang='lat'>30</span> 
     </span>
    </p>
   </div>
   <div class='ocr_carea' id='block_1_6' title="bbox 499 4243 547 4287">
    <p class='ocr_par' dir='ltr' id='par_1_6' title="bbox 499 4243 547 4287">
     <span class='ocr_line' id='line_1_6' title="bbox 499 4243 547 4287; baseline -0.021 0"><span class='ocrx_word' id='word_1_6' title='bbox 499 4243 547 4287; x_wconf 80' lang='lat'>35</span> 
     </span>
    </p>
   </div>
   <div class='ocr_carea' id='block_1_7' title="bbox 607 389 2140 464">
    <p class='ocr_par' dir='ltr' id='par_1_7' title="bbox 607 389 2140 464">
     <span class='ocr_line' id='line_1_7' title="bbox 607 389 2140 464; baseline -0.002 -18"><span class='ocrx_word' id='word_1_7' title='bbox 607 391 708 464; x_wconf 78' lang='lat'>538</span> <span class='ocrx_word' id='word_1_8' title='bbox 1673 389 1844 444; x_wconf 89' lang='lat' dir='ltr'>Curia</span> <span class='ocrx_word' id='word_1_9' title='bbox 1885 407 2140 444; x_wconf 88' lang='lat' dir='ltr'>romana.</span> 
     </span>
    </p>
   </div>
   <div class='ocr_carea' id='block_1_8' title="bbox 602 570 3222 5046">
    <p class='ocr_par' dir='ltr' id='par_1_8' title="bbox 602 570 3217 1299">
     <span class='ocr_line' id='line_1_8' title="bbox 606 570 3215 656; baseline -0.002 -19"><span class='ocrx_word' id='word_1_10' title='bbox 606 575 1081 656; x_wconf 88' lang='lat' dir='ltr'>quomodolibet</span> <span class='ocrx_word' id='word_1_11' title='bbox 1127 590 1317 652; x_wconf 89' lang='lat' dir='ltr'>erant,</span> <span class='ocrx_word' id='word_1_12' title='bbox 1364 590 1608 650; x_wconf 88' lang='lat' dir='ltr'>statum,</span> <span class='ocrx_word' id='word_1_13' title='bbox 1658 591 1717 636; x_wconf 90' lang='lat' dir='ltr'>et</span> <span class='ocrx_word' id='word_1_14' title='bbox 1765 576 1840 635; x_wconf 88' lang='lat' dir='ltr'>ad</span> <span class='ocrx_word' id='word_1_15' title='bbox 1889 595 2103 635; x_wconf 89' lang='lat' dir='ltr'>vocem</span> <span class='ocrx_word' id='word_1_16' title='bbox 2153 574 2428 648; x_wconf 78' lang='lat' dir='ltr'>activam,</span> <span class='ocrx_word' id='word_1_17' title='bbox 2459 587 2518 634; x_wconf 91' lang='lat' dir='ltr'>et</span> <span class='ocrx_word' id='word_1_18' title='bbox 2549 572 2851 654; x_wconf 84' lang='lat' dir='ltr'>passivam</span> <span class='ocrx_word' id='word_1_19' title='bbox 2883 570 3215 644; x_wconf 81' lang='lat' dir='ltr'>restituere,</span> 
     </span>
     <span class='ocr_line' id='line_1_9' title="bbox 604 678 3215 763; baseline -0.002 -20"><span class='ocrx_word' id='word_1_20' title='bbox 604 701 924 763; x_wconf 86' lang='lat' dir='ltr'>reponere,</span> <span class='ocrx_word' id='word_1_21' title='bbox 972 696 1030 741; x_wconf 97' lang='lat' dir='ltr'>et</span> <span class='ocrx_word' id='word_1_22' title='bbox 1076 681 1348 762; x_wconf 82' lang='lat' dir='ltr'>plenarie</span> <span class='ocrx_word' id='word_1_23' title='bbox 1381 681 1768 762; x_wconf 89' lang='lat' dir='ltr'>reintegrare,</span> <span class='ocrx_word' id='word_1_24' title='bbox 1802 697 1861 742; x_wconf 91' lang='lat' dir='ltr'>et</span> <span class='ocrx_word' id='word_1_25' title='bbox 1893 701 2127 762; x_wconf 90' lang='lat' dir='ltr'>poenas</span> <span class='ocrx_word' id='word_1_26' title='bbox 2161 680 2276 741; x_wconf 92' lang='lat' dir='ltr'>illis</span> <span class='ocrx_word' id='word_1_27' title='bbox 2307 681 2570 759; x_wconf 83' lang='lat' dir='ltr'>gratiose</span> <span class='ocrx_word' id='word_1_28' title='bbox 2604 678 2930 755; x_wconf 85' lang='lat' dir='ltr'>remittere,</span> <span class='ocrx_word' id='word_1_29' title='bbox 2965 694 3020 738; x_wconf 90' lang='lat' dir='ltr'>et</span> <span class='ocrx_word' id='word_1_30' title='bbox 3055 699 3215 738; x_wconf 93' lang='lat' dir='ltr'>con-</span> 
     </span>
     <span class='ocr_line' id='line_1_10' title="bbox 604 785 3215 867; baseline -0.002 -16"><span class='ocrx_word' id='word_1_31' title='bbox 604 791 872 860; x_wconf 83' lang='lat' dir='ltr'>donare;</span> <span class='ocrx_word' id='word_1_32' title='bbox 924 790 1075 866; x_wconf 86' lang='lat' dir='ltr'>(non</span> <span class='ocrx_word' id='word_1_33' title='bbox 1120 805 1325 849; x_wconf 89' lang='lat' dir='ltr'>tamen</span> <span class='ocrx_word' id='word_1_34' title='bbox 1376 788 1686 849; x_wconf 88' lang='lat' dir='ltr'>habilitare</span> <span class='ocrx_word' id='word_1_35' title='bbox 1732 788 1810 849; x_wconf 90' lang='lat' dir='ltr'>ad</span> <span class='ocrx_word' id='word_1_36' title='bbox 1844 787 2301 863; x_wconf 87' lang='lat' dir='ltr'>Generalatum,</span> <span class='ocrx_word' id='word_1_37' title='bbox 2344 787 2597 867; x_wconf 89' lang='lat' dir='ltr'>quando</span> <span class='ocrx_word' id='word_1_38' title='bbox 2630 786 2827 866; x_wconf 90' lang='lat' dir='ltr'>agitur</span> <span class='ocrx_word' id='word_1_39' title='bbox 2860 785 2934 845; x_wconf 90' lang='lat' dir='ltr'>de</span> <span class='ocrx_word' id='word_1_40' title='bbox 2967 785 3215 866; x_wconf 90' lang='lat' dir='ltr'>publico</span> 
     </span>
     <span class='ocr_line' id='line_1_11' title="bbox 604 891 3209 976; baseline -0.003 -18"><span class='ocrx_word' id='word_1_41' title='bbox 604 897 898 959; x_wconf 84' lang='lat' dir='ltr'>natalium</span> <span class='ocrx_word' id='word_1_42' title='bbox 946 897 1239 972; x_wconf 87' lang='lat' dir='ltr'>defectu);</span> <span class='ocrx_word' id='word_1_43' title='bbox 1292 916 1406 957; x_wconf 91' lang='lat' dir='ltr'>nec</span> <span class='ocrx_word' id='word_1_44' title='bbox 1454 915 1586 957; x_wconf 91' lang='lat' dir='ltr'>non</span> <span class='ocrx_word' id='word_1_45' title='bbox 1634 915 1746 976; x_wconf 87' lang='lat' dir='ltr'>pro</span> <span class='ocrx_word' id='word_1_46' title='bbox 1793 895 2012 973; x_wconf 89' lang='lat' dir='ltr'>majori</span> <span class='ocrx_word' id='word_1_47' title='bbox 2059 894 2549 968; x_wconf 84' lang='lat' dir='ltr'>absolutionum,</span> <span class='ocrx_word' id='word_1_48' title='bbox 2584 908 2642 953; x_wconf 91' lang='lat' dir='ltr'>et</span> <span class='ocrx_word' id='word_1_49' title='bbox 2676 891 3209 974; x_wconf 85' lang='lat' dir='ltr'>dispensationum</span> 
     </span>
     <span class='ocr_line' id='line_1_12' title="bbox 605 999 3214 1087; baseline -0.003 -21"><span class='ocrx_word' id='word_1_50' title='bbox 605 1005 1053 1087; x_wconf 89' lang='lat' dir='ltr'>praedictarum</span> <span class='ocrx_word' id='word_1_51' title='bbox 1100 1003 1402 1078; x_wconf 89' lang='lat' dir='ltr'>firmitate,</span> <span class='ocrx_word' id='word_1_52' title='bbox 1451 1003 1773 1084; x_wconf 89' lang='lat' dir='ltr'>quibusvis</span> <span class='ocrx_word' id='word_1_53' title='bbox 1819 1002 2407 1076; x_wconf 90' lang='lat' dir='ltr'>Constitutionibus,</span> <span class='ocrx_word' id='word_1_54' title='bbox 2452 999 2987 1073; x_wconf 76' lang='lat' dir='ltr'>OrdinationibuS,</span> <span class='ocrx_word' id='word_1_55' title='bbox 3036 999 3214 1059; x_wconf 87' lang='lat' dir='ltr'>Statis</span> 
     </span>
     <span class='ocr_line' id='line_1_13' title="bbox 604 1104 3217 1191; baseline -0.003 -19"><span class='ocrx_word' id='word_1_56' title='bbox 604 1127 663 1172; x_wconf 90' lang='lat' dir='ltr'>et</span> <span class='ocrx_word' id='word_1_57' title='bbox 694 1111 1029 1191; x_wconf 86' lang='lat' dir='ltr'>Privilegiis</span> <span class='ocrx_word' id='word_1_58' title='bbox 1062 1110 1534 1191; x_wconf 85' lang='lat' dir='ltr'>quomodolibet</span> <span class='ocrx_word' id='word_1_59' title='bbox 1555 1111 1942 1171; x_wconf 83' lang='lat' dir='ltr'>obstantibus</span> <span class='ocrx_word' id='word_1_60' title='bbox 1963 1110 2338 1171; x_wconf 86' lang='lat' dir='ltr'>sufficienter</span> <span class='ocrx_word' id='word_1_61' title='bbox 2359 1111 2672 1188; x_wconf 83' lang='lat' dir='ltr'>derogare,</span> <span class='ocrx_word' id='word_1_62' title='bbox 2694 1107 2997 1189; x_wconf 89' lang='lat' dir='ltr'>praefatus</span> <span class='ocrx_word' id='word_1_63' title='bbox 3021 1104 3217 1180; x_wconf 84' lang='lat' dir='ltr'>Major</span> 
     </span>
     <span class='ocr_line' id='line_1_14' title="bbox 602 1217 1699 1299; baseline -0.004 -19"><span class='ocrx_word' id='word_1_64' title='bbox 602 1219 1119 1280; x_wconf 80' lang='lat' dir='ltr'>poenitentiarius</span> <span class='ocrx_word' id='word_1_65' title='bbox 1154 1217 1361 1299; x_wconf 90' lang='lat' dir='ltr'>possit,</span> <span class='ocrx_word' id='word_1_66' title='bbox 1392 1234 1451 1278; x_wconf 98' lang='lat' dir='ltr'>et</span> <span class='ocrx_word' id='word_1_67' title='bbox 1484 1218 1699 1279; x_wconf 87' lang='lat' dir='ltr'>valeat.</span> 
     </span>
    </p>

    <p class='ocr_par' dir='ltr' id='par_1_9' title="bbox 604 1321 3215 1728">
     <span class='ocr_line' id='line_1_15' title="bbox 821 1321 3212 1404; baseline -0.002 -19"><span class='ocrx_word' id='word_1_68' title='bbox 821 1334 849 1394; x_wconf 80' lang='lat' dir='ltr'>S</span> <span class='ocrx_word' id='word_1_69' title='bbox 888 1345 986 1404; x_wconf 86' lang='lat'>32.</span> <span class='ocrx_word' id='word_1_70' title='bbox 1036 1324 1345 1386; x_wconf 89' lang='lat' dir='ltr'>Volumus</span> <span class='ocrx_word' id='word_1_71' title='bbox 1391 1341 1618 1404; x_wconf 89' lang='lat' dir='ltr'>tamen,</span> <span class='ocrx_word' id='word_1_72' title='bbox 1668 1341 1734 1386; x_wconf 90' lang='lat' dir='ltr'>ut</span> <span class='ocrx_word' id='word_1_73' title='bbox 1780 1325 1844 1385; x_wconf 92' lang='lat' dir='ltr'>in</span> <span class='ocrx_word' id='word_1_74' title='bbox 1892 1324 2254 1402; x_wconf 85' lang='lat' dir='ltr'>hujusmodi</span> <span class='ocrx_word' id='word_1_75' title='bbox 2287 1324 2545 1400; x_wconf 90' lang='lat' dir='ltr'>casibus,</span> <span class='ocrx_word' id='word_1_76' title='bbox 2577 1323 2684 1404; x_wconf 89' lang='lat' dir='ltr'>qui</span> <span class='ocrx_word' id='word_1_77' title='bbox 2718 1322 2939 1384; x_wconf 89' lang='lat' dir='ltr'>occulti</span> <span class='ocrx_word' id='word_1_78' title='bbox 2974 1321 3212 1397; x_wconf 85' lang='lat' dir='ltr'>fuerint,</span> 
     </span>
     <span class='ocr_line' id='line_1_16' title="bbox 605 1427 3213 1512; baseline -0.002 -20"><span class='ocrx_word' id='word_1_79' title='bbox 605 1432 670 1492; x_wconf 93' lang='lat' dir='ltr'>in</span> <span class='ocrx_word' id='word_1_80' title='bbox 723 1432 885 1493; x_wconf 88' lang='lat' dir='ltr'>Foro</span> <span class='ocrx_word' id='word_1_81' title='bbox 937 1430 1348 1492; x_wconf 90' lang='lat' dir='ltr'>conscientiae</span> <span class='ocrx_word' id='word_1_82' title='bbox 1398 1446 1674 1506; x_wconf 89' lang='lat' dir='ltr'>tantum;</span> <span class='ocrx_word' id='word_1_83' title='bbox 1726 1432 1790 1491; x_wconf 93' lang='lat' dir='ltr'>in</span> <span class='ocrx_word' id='word_1_84' title='bbox 1838 1431 2097 1512; x_wconf 89' lang='lat' dir='ltr'>publicis</span> <span class='ocrx_word' id='word_1_85' title='bbox 2143 1451 2288 1491; x_wconf 85' lang='lat' dir='ltr'>vero</span> <span class='ocrx_word' id='word_1_86' title='bbox 2334 1431 2576 1491; x_wconf 87' lang='lat' dir='ltr'>casibus</span> <span class='ocrx_word' id='word_1_87' title='bbox 2621 1430 2687 1490; x_wconf 91' lang='lat' dir='ltr'>in</span> <span class='ocrx_word' id='word_1_88' title='bbox 2740 1445 3001 1508; x_wconf 88' lang='lat' dir='ltr'>utroque</span> <span class='ocrx_word' id='word_1_89' title='bbox 3034 1427 3213 1502; x_wconf 78' lang='lat' dir='ltr'>Fore,</span> 
     </span>
     <span class='ocr_line' id='line_1_17' title="bbox 604 1537 3215 1620; baseline -0.002 -20"><span class='ocrx_word' id='word_1_90' title='bbox 604 1539 826 1600; x_wconf 88' lang='lat' dir='ltr'>auditis</span> <span class='ocrx_word' id='word_1_91' title='bbox 857 1555 1063 1600; x_wconf 92' lang='lat' dir='ltr'>tamen</span> <span class='ocrx_word' id='word_1_92' title='bbox 1083 1538 1540 1619; x_wconf 88' lang='lat' dir='ltr'>Superioribus,</span> <span class='ocrx_word' id='word_1_93' title='bbox 1573 1556 1631 1602; x_wconf 93' lang='lat' dir='ltr'>et</span> <span class='ocrx_word' id='word_1_94' title='bbox 1664 1556 1902 1601; x_wconf 88' lang='lat' dir='ltr'>matura</span> <span class='ocrx_word' id='word_1_95' title='bbox 1925 1539 2478 1620; x_wconf 87' lang='lat' dir='ltr'>circumspectione</span> <span class='ocrx_word' id='word_1_96' title='bbox 2499 1558 2742 1619; x_wconf 88' lang='lat' dir='ltr'>semper</span> <span class='ocrx_word' id='word_1_97' title='bbox 2762 1537 3049 1613; x_wconf 86' lang='lat' dir='ltr'>adhibita,</span> <span class='ocrx_word' id='word_1_98' title='bbox 3071 1554 3215 1596; x_wconf 90' lang='lat' dir='ltr'>cum</span> 
     </span>
     <span class='ocr_line' id='line_1_18' title="bbox 605 1645 2938 1728; baseline -0 -20"><span class='ocrx_word' id='word_1_99' title='bbox 605 1648 820 1708; x_wconf 91' lang='lat' dir='ltr'>iisdem</span> <span class='ocrx_word' id='word_1_100' title='bbox 853 1646 1283 1725; x_wconf 88' lang='lat' dir='ltr'>Regularibus,</span> <span class='ocrx_word' id='word_1_101' title='bbox 1319 1661 1388 1707; x_wconf 90' lang='lat' dir='ltr'>ut</span> <span class='ocrx_word' id='word_1_102' title='bbox 1421 1646 1775 1728; x_wconf 87' lang='lat' dir='ltr'>praefertur,</span> <span class='ocrx_word' id='word_1_103' title='bbox 1809 1647 2135 1727; x_wconf 89' lang='lat' dir='ltr'>dispenset,</span> <span class='ocrx_word' id='word_1_104' title='bbox 2169 1647 2261 1706; x_wconf 87' lang='lat' dir='ltr'>vel</span> <span class='ocrx_word' id='word_1_105' title='bbox 2294 1645 2634 1726; x_wconf 91' lang='lat' dir='ltr'>dispensari</span> <span class='ocrx_word' id='word_1_106' title='bbox 2667 1645 2938 1707; x_wconf 88' lang='lat' dir='ltr'>mandet.</span> 
     </span>
    </p>

    <p class='ocr_par' dir='ltr' id='par_1_10' title="bbox 603 1751 3219 3762">
     <span class='ocr_line' id='line_1_19' title="bbox 818 1751 3215 1835; baseline -0.002 -20"><span class='ocrx_word' id='word_1_107' title='bbox 818 1763 847 1822; x_wconf 82' lang='lat' dir='ltr'>S</span> <span class='ocrx_word' id='word_1_108' title='bbox 889 1775 985 1834; x_wconf 91' lang='grc'>33.</span> <span class='ocrx_word' id='word_1_109' title='bbox 1034 1753 1185 1828; x_wconf 89' lang='lat' dir='ltr'>Quo</span> <span class='ocrx_word' id='word_1_110' title='bbox 1231 1755 1307 1815; x_wconf 89' lang='lat' dir='ltr'>ad</span> <span class='ocrx_word' id='word_1_111' title='bbox 1355 1760 1699 1835; x_wconf 82' lang='lat' dir='ltr'>Apostatas,</span> <span class='ocrx_word' id='word_1_112' title='bbox 1766 1754 1864 1814; x_wconf 87' lang='lat' dir='ltr'>vel</span> <span class='ocrx_word' id='word_1_113' title='bbox 1916 1753 2204 1832; x_wconf 82' lang='lat' dir='ltr'>fugitivos</span> <span class='ocrx_word' id='word_1_114' title='bbox 2250 1754 2604 1831; x_wconf 85' lang='lat' dir='ltr'>Regulares,</span> <span class='ocrx_word' id='word_1_115' title='bbox 2668 1752 2746 1812; x_wconf 88' lang='lat' dir='ltr'>ad</span> <span class='ocrx_word' id='word_1_116' title='bbox 2794 1751 3215 1832; x_wconf 82' lang='lat' dir='ltr'>Apostolicam</span> 
     </span>
     <span class='ocr_line' id='line_1_20' title="bbox 608 1857 3215 1940; baseline -0.002 -19"><span class='ocrx_word' id='word_1_117' title='bbox 608 1860 1143 1922; x_wconf 88' lang='lat' dir='ltr'>poenitentiariam</span> <span class='ocrx_word' id='word_1_118' title='bbox 1189 1878 1587 1938; x_wconf 77' lang='lat' dir='ltr'>recurrenteS,</span> <span class='ocrx_word' id='word_1_119' title='bbox 1635 1877 1909 1921; x_wconf 88' lang='lat' dir='ltr'>servetur</span> <span class='ocrx_word' id='word_1_120' title='bbox 1953 1860 2274 1921; x_wconf 88' lang='lat' dir='ltr'>laudabilis</span> <span class='ocrx_word' id='word_1_121' title='bbox 2320 1859 2601 1937; x_wconf 89' lang='lat' dir='ltr'>ejusdem</span> <span class='ocrx_word' id='word_1_122' title='bbox 2634 1859 2854 1940; x_wconf 84' lang='lat' dir='ltr'>praxis,</span> <span class='ocrx_word' id='word_1_123' title='bbox 2891 1874 2959 1918; x_wconf 90' lang='lat' dir='ltr'>ut</span> <span class='ocrx_word' id='word_1_124' title='bbox 2991 1857 3215 1918; x_wconf 86' lang='lat' dir='ltr'>scilicet</span> 
     </span>
     <span class='ocr_line' id='line_1_21' title="bbox 607 1966 3206 2050; baseline -0.002 -21"><span class='ocrx_word' id='word_1_125' title='bbox 607 1967 806 2044; x_wconf 89' lang='lat' dir='ltr'>Major</span> <span class='ocrx_word' id='word_1_126' title='bbox 838 1969 1367 2046; x_wconf 75' lang='lat' dir='ltr'>poenitentiarius,</span> <span class='ocrx_word' id='word_1_127' title='bbox 1400 1968 1611 2029; x_wconf 90' lang='lat' dir='ltr'>audito</span> <span class='ocrx_word' id='word_1_128' title='bbox 1645 1968 1832 2050; x_wconf 90' lang='lat' dir='ltr'>prius,</span> <span class='ocrx_word' id='word_1_129' title='bbox 1867 1969 1917 2028; x_wconf 90' lang='lat' dir='ltr'>si</span> <span class='ocrx_word' id='word_1_130' title='bbox 1950 1968 2017 2029; x_wconf 92' lang='lat' dir='ltr'>in</span> <span class='ocrx_word' id='word_1_131' title='bbox 2052 1968 2218 2030; x_wconf 86' lang='lat' dir='ltr'>Urbe</span> <span class='ocrx_word' id='word_1_132' title='bbox 2250 1967 2423 2028; x_wconf 89' lang='lat' dir='ltr'>adsit.</span> <span class='ocrx_word' id='word_1_133' title='bbox 2447 1966 2702 2027; x_wconf 90' lang='lat' dir='ltr'>Ordinis</span> <span class='ocrx_word' id='word_1_134' title='bbox 2732 1966 3070 2047; x_wconf 86' lang='lat' dir='ltr'>superiore,</span> <span class='ocrx_word' id='word_1_135' title='bbox 3099 1983 3206 2024; x_wconf 87' lang='lat' dir='ltr'>seu</span> 
     </span>
     <span class='ocr_line' id='line_1_22' title="bbox 603 2065 3215 2156; baseline -0.001 -21"><span class='ocrx_word' id='word_1_136' title='bbox 603 2076 1002 2136; x_wconf 90' lang='lat' dir='ltr'>Procuratore</span> <span class='ocrx_word' id='word_1_137' title='bbox 1026 2075 1332 2153; x_wconf 87' lang='lat' dir='ltr'>Generali,</span> <span class='ocrx_word' id='word_1_138' title='bbox 1354 2074 1637 2154; x_wconf 88' lang='lat' dir='ltr'>injungat</span> <span class='ocrx_word' id='word_1_139' title='bbox 1660 2081 2015 2156; x_wconf 84' lang='lat' dir='ltr'>Apostatae,</span> <span class='ocrx_word' id='word_1_140' title='bbox 2048 2095 2157 2136; x_wconf 90' lang='lat' dir='ltr'>seu</span> <span class='ocrx_word' id='word_1_141' title='bbox 2195 2074 2473 2152; x_wconf 85' lang='lat' dir='ltr'>fugitivo,</span> <span class='ocrx_word' id='word_1_142' title='bbox 2505 2075 2661 2135; x_wconf 86' lang='lat' dir='ltr'>intra</span> <span class='ocrx_word' id='word_1_143' title='bbox 2692 2089 2938 2154; x_wconf 91' lang='lat' dir='ltr'>tempus</span> <span class='ocrx_word' id='word_1_144' title='bbox 2970 2065 3215 2133; x_wconf 86' lang='lat' dir='ltr'>arbitrio</span> 
     </span>
     <span class='ocr_line' id='line_1_23' title="bbox 603 2179 3211 2264; baseline -0.002 -21"><span class='ocrx_word' id='word_1_145' title='bbox 603 2182 796 2264; x_wconf 88' lang='lat' dir='ltr'>ipsius</span> <span class='ocrx_word' id='word_1_146' title='bbox 842 2182 1089 2260; x_wconf 87' lang='lat' dir='ltr'>Majoris</span> <span class='ocrx_word' id='word_1_147' title='bbox 1138 2183 1596 2244; x_wconf 87' lang='lat' dir='ltr'>Poenitentiarii</span> <span class='ocrx_word' id='word_1_148' title='bbox 1648 2184 2009 2259; x_wconf 84' lang='lat' dir='ltr'>taxandum,</span> <span class='ocrx_word' id='word_1_149' title='bbox 2062 2183 2331 2243; x_wconf 90' lang='lat' dir='ltr'>reditum</span> <span class='ocrx_word' id='word_1_150' title='bbox 2383 2182 2461 2242; x_wconf 89' lang='lat' dir='ltr'>ad</span> <span class='ocrx_word' id='word_1_151' title='bbox 2508 2181 2833 2263; x_wconf 88' lang='lat' dir='ltr'>proprium</span> <span class='ocrx_word' id='word_1_152' title='bbox 2881 2179 3211 2241; x_wconf 88' lang='lat' dir='ltr'>Ordinem:</span> 
     </span>
     <span class='ocr_line' id='line_1_24' title="bbox 604 2285 3215 2371; baseline -0.003 -20"><span class='ocrx_word' id='word_1_153' title='bbox 604 2290 851 2351; x_wconf 89' lang='lat' dir='ltr'>Interim</span> <span class='ocrx_word' id='word_1_154' title='bbox 884 2310 1050 2368; x_wconf 88' lang='lat' dir='ltr'>vero,</span> <span class='ocrx_word' id='word_1_155' title='bbox 1083 2290 1130 2350; x_wconf 91' lang='lat' dir='ltr'>si</span> <span class='ocrx_word' id='word_1_156' title='bbox 1166 2290 1460 2371; x_wconf 85' lang='lat' dir='ltr'>expediat,</span> <span class='ocrx_word' id='word_1_157' title='bbox 1493 2312 1525 2350; x_wconf 88' lang='lat' dir='ltr'>a</span> <span class='ocrx_word' id='word_1_158' title='bbox 1561 2290 1835 2351; x_wconf 88' lang='lat' dir='ltr'>censuris</span> <span class='ocrx_word' id='word_1_159' title='bbox 1869 2290 2161 2350; x_wconf 90' lang='lat' dir='ltr'>eumdem</span> <span class='ocrx_word' id='word_1_160' title='bbox 2194 2291 2528 2364; x_wconf 85' lang='lat' dir='ltr'>absolvere,</span> <span class='ocrx_word' id='word_1_161' title='bbox 2553 2288 2649 2348; x_wconf 92' lang='lat' dir='ltr'>vel</span> <span class='ocrx_word' id='word_1_162' title='bbox 2670 2287 2901 2348; x_wconf 88' lang='lat' dir='ltr'>absolvi</span> <span class='ocrx_word' id='word_1_163' title='bbox 2926 2285 3215 2346; x_wconf 84' lang='lat' dir='ltr'>mandare</span> 
     </span>
     <span class='ocr_line' id='line_1_25' title="bbox 604 2393 3211 2478; baseline -0.002 -21"><span class='ocrx_word' id='word_1_164' title='bbox 604 2397 827 2476; x_wconf 73' lang='lat' dir='ltr'>possit,</span> <span class='ocrx_word' id='word_1_165' title='bbox 878 2416 1021 2457; x_wconf 90' lang='lat' dir='ltr'>cum</span> <span class='ocrx_word' id='word_1_166' title='bbox 1076 2396 1467 2457; x_wconf 89' lang='lat' dir='ltr'>reincidentia</span> <span class='ocrx_word' id='word_1_167' title='bbox 1519 2397 1569 2457; x_wconf 90' lang='lat' dir='ltr'>si</span> <span class='ocrx_word' id='word_1_168' title='bbox 1618 2396 1773 2458; x_wconf 89' lang='lat' dir='ltr'>intra</span> <span class='ocrx_word' id='word_1_169' title='bbox 1825 2397 2058 2458; x_wconf 90' lang='lat' dir='ltr'>dictum</span> <span class='ocrx_word' id='word_1_170' title='bbox 2105 2413 2353 2478; x_wconf 89' lang='lat' dir='ltr'>tempus</span> <span class='ocrx_word' id='word_1_171' title='bbox 2404 2397 2662 2458; x_wconf 90' lang='lat' dir='ltr'>minime</span> <span class='ocrx_word' id='word_1_172' title='bbox 2718 2395 2963 2457; x_wconf 90' lang='lat' dir='ltr'>redierit</span> <span class='ocrx_word' id='word_1_173' title='bbox 3013 2393 3211 2469; x_wconf 88' lang='lat' dir='ltr'>(dilata</span> 
     </span>
     <span class='ocr_line' id='line_1_26' title="bbox 603 2499 3215 2585; baseline -0.002 -21"><span class='ocrx_word' id='word_1_174' title='bbox 603 2520 808 2564; x_wconf 88' lang='lat' dir='ltr'>tamen</span> <span class='ocrx_word' id='word_1_175' title='bbox 859 2522 1057 2582; x_wconf 89' lang='lat' dir='ltr'>usque</span> <span class='ocrx_word' id='word_1_176' title='bbox 1117 2503 1194 2562; x_wconf 88' lang='lat' dir='ltr'>ad</span> <span class='ocrx_word' id='word_1_177' title='bbox 1244 2504 1542 2563; x_wconf 82' lang='lat' dir='ltr'>actualem</span> <span class='ocrx_word' id='word_1_178' title='bbox 1590 2503 1857 2563; x_wconf 89' lang='lat' dir='ltr'>reditum</span> <span class='ocrx_word' id='word_1_179' title='bbox 1903 2503 2363 2583; x_wconf 86' lang='lat' dir='ltr'>dispensatione</span> <span class='ocrx_word' id='word_1_180' title='bbox 2410 2522 2596 2585; x_wconf 91' lang='lat' dir='ltr'>super</span> <span class='ocrx_word' id='word_1_181' title='bbox 2643 2502 3113 2581; x_wconf 86' lang='lat' dir='ltr'>Irregularitate;</span> <span class='ocrx_word' id='word_1_182' title='bbox 3166 2499 3215 2558; x_wconf 91' lang='lat' dir='ltr'>si</span> 
     </span>
     <span class='ocr_line' id='line_1_27' title="bbox 603 2609 3205 2690; baseline -0.002 -18"><span class='ocrx_word' id='word_1_183' title='bbox 603 2611 756 2672; x_wconf 88' lang='lat' dir='ltr'>forte</span> <span class='ocrx_word' id='word_1_184' title='bbox 789 2629 923 2671; x_wconf 90' lang='lat' dir='ltr'>eam</span> <span class='ocrx_word' id='word_1_185' title='bbox 956 2610 1212 2690; x_wconf 90' lang='lat' dir='ltr'>insuper</span> <span class='ocrx_word' id='word_1_186' title='bbox 1243 2609 1691 2686; x_wconf 87' lang='lat' dir='ltr'>contraxisset):</span> <span class='ocrx_word' id='word_1_187' title='bbox 1744 2626 1800 2670; x_wconf 92' lang='lat' dir='ltr'>et</span> <span class='ocrx_word' id='word_1_188' title='bbox 1832 2609 1978 2669; x_wconf 88' lang='lat' dir='ltr'>alias</span> <span class='ocrx_word' id='word_1_189' title='bbox 2011 2626 2319 2689; x_wconf 84' lang='lat' dir='ltr'>praeterea</span> <span class='ocrx_word' id='word_1_190' title='bbox 2353 2629 2603 2690; x_wconf 90' lang='lat' dir='ltr'>poenas,</span> <span class='ocrx_word' id='word_1_191' title='bbox 2634 2610 2763 2671; x_wconf 85' lang='lat' dir='ltr'>sive</span> <span class='ocrx_word' id='word_1_192' title='bbox 2784 2609 3012 2685; x_wconf 86' lang='lat' dir='ltr'>dejure</span> <span class='ocrx_word' id='word_1_193' title='bbox 3034 2626 3205 2669; x_wconf 89' lang='lat' dir='ltr'>com-</span> 
     </span>
     <span class='ocr_line' id='line_1_28' title="bbox 603 2715 3210 2799; baseline -0.001 -20"><span class='ocrx_word' id='word_1_194' title='bbox 603 2718 798 2794; x_wconf 90' lang='lat' dir='ltr'>muni,</span> <span class='ocrx_word' id='word_1_195' title='bbox 847 2718 972 2778; x_wconf 91' lang='lat' dir='ltr'>sive</span> <span class='ocrx_word' id='word_1_196' title='bbox 1018 2737 1091 2778; x_wconf 89' lang='lat' dir='ltr'>ex</span> <span class='ocrx_word' id='word_1_197' title='bbox 1136 2716 1384 2777; x_wconf 86' lang='lat' dir='ltr'>Statutis</span> <span class='ocrx_word' id='word_1_198' title='bbox 1416 2715 1749 2794; x_wconf 89' lang='lat' dir='ltr'>Ordinum,</span> <span class='ocrx_word' id='word_1_199' title='bbox 1794 2734 2046 2799; x_wconf 91' lang='lat' dir='ltr'>propter</span> <span class='ocrx_word' id='word_1_200' title='bbox 2077 2718 2485 2799; x_wconf 88' lang='lat' dir='ltr'>Apostasiam,</span> <span class='ocrx_word' id='word_1_201' title='bbox 2539 2739 2648 2780; x_wconf 93' lang='lat' dir='ltr'>seu</span> <span class='ocrx_word' id='word_1_202' title='bbox 2698 2716 2909 2797; x_wconf 86' lang='lat' dir='ltr'>fugam</span> <span class='ocrx_word' id='word_1_203' title='bbox 2941 2716 3210 2791; x_wconf 86' lang='lat' dir='ltr'>inflictas,</span> 
     </span>
     <span class='ocr_line' id='line_1_29' title="bbox 603 2823 3217 2904; baseline -0.001 -19"><span class='ocrx_word' id='word_1_204' title='bbox 603 2825 856 2885; x_wconf 88' lang='lat' dir='ltr'>discrete</span> <span class='ocrx_word' id='word_1_205' title='bbox 909 2824 1235 2901; x_wconf 87' lang='lat' dir='ltr'>moderari,</span> <span class='ocrx_word' id='word_1_206' title='bbox 1288 2840 1700 2899; x_wconf 88' lang='lat' dir='ltr'>commutare,</span> <span class='ocrx_word' id='word_1_207' title='bbox 1751 2825 1847 2885; x_wconf 86' lang='lat' dir='ltr'>vel</span> <span class='ocrx_word' id='word_1_208' title='bbox 1893 2824 2095 2900; x_wconf 90' lang='lat' dir='ltr'>etiam,</span> <span class='ocrx_word' id='word_1_209' title='bbox 2140 2824 2304 2902; x_wconf 88' lang='lat' dir='ltr'>juxta</span> <span class='ocrx_word' id='word_1_210' title='bbox 2351 2824 2684 2904; x_wconf 89' lang='lat' dir='ltr'>peculiares</span> <span class='ocrx_word' id='word_1_211' title='bbox 2716 2823 3217 2897; x_wconf 46' lang='lat' dir='ltr'>circumstantias</span> 
     </span>
     <span class='ocr_line' id='line_1_30' title="bbox 605 2930 3215 3012; baseline 0 -22"><span class='ocrx_word' id='word_1_212' title='bbox 605 2932 956 2992; x_wconf 87' lang='lat' dir='ltr'>condonare</span> <span class='ocrx_word' id='word_1_213' title='bbox 992 2931 1198 3012; x_wconf 91' lang='lat' dir='ltr'>possit.</span> <span class='ocrx_word' id='word_1_214' title='bbox 1238 2931 1301 2991; x_wconf 88' lang='lat' dir='ltr'>Si</span> <span class='ocrx_word' id='word_1_215' title='bbox 1333 2950 1479 2992; x_wconf 91' lang='lat' dir='ltr'>vero</span> <span class='ocrx_word' id='word_1_216' title='bbox 1511 2951 1686 2992; x_wconf 90' lang='lat' dir='ltr'>casus</span> <span class='ocrx_word' id='word_1_217' title='bbox 1718 2930 2028 3008; x_wconf 89' lang='lat' dir='ltr'>ejusmodi</span> <span class='ocrx_word' id='word_1_218' title='bbox 2063 2931 2157 3007; x_wconf 92' lang='lat' dir='ltr'>sit,</span> <span class='ocrx_word' id='word_1_219' title='bbox 2195 2946 2276 3008; x_wconf 91' lang='lat' dir='ltr'>ut,</span> <span class='ocrx_word' id='word_1_220' title='bbox 2311 2950 2373 2991; x_wconf 87' lang='lat' dir='ltr'>re</span> <span class='ocrx_word' id='word_1_221' title='bbox 2405 2930 2759 3011; x_wconf 89' lang='lat' dir='ltr'>praesertim</span> <span class='ocrx_word' id='word_1_222' title='bbox 2794 2931 2857 2990; x_wconf 94' lang='lat' dir='ltr'>in</span> <span class='ocrx_word' id='word_1_223' title='bbox 2892 2931 3215 3008; x_wconf 84' lang='lat' dir='ltr'>Signatura</span> 
     </span>
     <span class='ocr_line' id='line_1_31' title="bbox 605 3036 3218 3118; baseline -0 -21"><span class='ocrx_word' id='word_1_224' title='bbox 605 3038 898 3115; x_wconf 88' lang='lat' dir='ltr'>discussa,</span> <span class='ocrx_word' id='word_1_225' title='bbox 950 3053 1270 3099; x_wconf 89' lang='lat' dir='ltr'>censeatur</span> <span class='ocrx_word' id='word_1_226' title='bbox 1318 3037 1621 3118; x_wconf 89' lang='lat' dir='ltr'>expedire,</span> <span class='ocrx_word' id='word_1_227' title='bbox 1675 3038 1850 3117; x_wconf 93' lang='lat' dir='ltr'>quod</span> <span class='ocrx_word' id='word_1_228' title='bbox 1900 3040 2134 3117; x_wconf 88' lang='lat' dir='ltr'>absque</span> <span class='ocrx_word' id='word_1_229' title='bbox 2185 3037 2382 3099; x_wconf 88' lang='lat' dir='ltr'>reditu</span> <span class='ocrx_word' id='word_1_230' title='bbox 2430 3038 2505 3098; x_wconf 86' lang='lat' dir='ltr'>ad</span> <span class='ocrx_word' id='word_1_231' title='bbox 2554 3036 2897 3118; x_wconf 88' lang='lat' dir='ltr'>proprium,</span> <span class='ocrx_word' id='word_1_232' title='bbox 2930 3037 3218 3098; x_wconf 90' lang='lat' dir='ltr'>transitus</span> 
     </span>
     <span class='ocr_line' id='line_1_32' title="bbox 605 3142 3219 3226; baseline -0.001 -21"><span class='ocrx_word' id='word_1_233' title='bbox 605 3145 804 3205; x_wconf 90' lang='lat' dir='ltr'>eidem</span> <span class='ocrx_word' id='word_1_234' title='bbox 857 3146 935 3206; x_wconf 88' lang='lat' dir='ltr'>ad</span> <span class='ocrx_word' id='word_1_235' title='bbox 985 3145 1177 3205; x_wconf 89' lang='lat' dir='ltr'>alium</span> <span class='ocrx_word' id='word_1_236' title='bbox 1226 3145 1510 3205; x_wconf 91' lang='lat' dir='ltr'>ordinem</span> <span class='ocrx_word' id='word_1_237' title='bbox 1562 3145 1966 3215; x_wconf 76' lang='lat' dir='ltr'>coucedatur:</span> <span class='ocrx_word' id='word_1_238' title='bbox 2018 3144 2210 3226; x_wconf 91' lang='lat' dir='ltr'>possit</span> <span class='ocrx_word' id='word_1_239' title='bbox 2255 3142 2455 3219; x_wconf 87' lang='lat' dir='ltr'>Major</span> <span class='ocrx_word' id='word_1_240' title='bbox 2501 3144 3011 3205; x_wconf 75' lang='lat' dir='ltr'>poenitentiarius</span> <span class='ocrx_word' id='word_1_241' title='bbox 3054 3143 3219 3204; x_wconf 90' lang='lat' dir='ltr'>istud</span> 
     </span>
     <span class='ocr_line' id='line_1_33' title="bbox 606 3252 3216 3333; baseline 0.001 -22"><span class='ocrx_word' id='word_1_242' title='bbox 606 3252 788 3312; x_wconf 86' lang='lat' dir='ltr'>etiam</span> <span class='ocrx_word' id='word_1_243' title='bbox 836 3252 1192 3329; x_wconf 87' lang='lat' dir='ltr'>concedere,</span> <span class='ocrx_word' id='word_1_244' title='bbox 1240 3253 1526 3315; x_wconf 88' lang='lat' dir='ltr'>adhibitis</span> <span class='ocrx_word' id='word_1_245' title='bbox 1560 3268 1768 3314; x_wconf 91' lang='lat' dir='ltr'>tamen</span> <span class='ocrx_word' id='word_1_246' title='bbox 1802 3254 1875 3314; x_wconf 91' lang='lat' dir='ltr'>iis</span> <span class='ocrx_word' id='word_1_247' title='bbox 1909 3254 2318 3329; x_wconf 81' lang='lat' dir='ltr'>cautionibus,</span> <span class='ocrx_word' id='word_1_248' title='bbox 2353 3273 2509 3333; x_wconf 89' lang='lat' dir='ltr'>quas</span> <span class='ocrx_word' id='word_1_249' title='bbox 2541 3254 2617 3314; x_wconf 86' lang='lat' dir='ltr'>ad</span> <span class='ocrx_word' id='word_1_250' title='bbox 2651 3254 3083 3315; x_wconf 87' lang='lat' dir='ltr'>refrenandam</span> <span class='ocrx_word' id='word_1_251' title='bbox 3114 3274 3216 3314; x_wconf 85' lang='lat' dir='ltr'>va-</span> 
     </span>
     <span class='ocr_line' id='line_1_34' title="bbox 605 3359 3218 3442; baseline 0.001 -23"><span class='ocrx_word' id='word_1_252' title='bbox 605 3359 793 3439; x_wconf 84' lang='lat' dir='ltr'>gandi</span> <span class='ocrx_word' id='word_1_253' title='bbox 836 3359 1142 3420; x_wconf 85' lang='lat' dir='ltr'>licentiam</span> <span class='ocrx_word' id='word_1_254' title='bbox 1190 3360 1575 3437; x_wconf 87' lang='lat' dir='ltr'>necessarias,</span> <span class='ocrx_word' id='word_1_255' title='bbox 1623 3381 1732 3422; x_wconf 91' lang='lat' dir='ltr'>seu</span> <span class='ocrx_word' id='word_1_256' title='bbox 1783 3376 2168 3442; x_wconf 88' lang='lat' dir='ltr'>opportunas</span> <span class='ocrx_word' id='word_1_257' title='bbox 2198 3360 2585 3440; x_wconf 84' lang='lat' dir='ltr'>judicaverit;</span> <span class='ocrx_word' id='word_1_258' title='bbox 2637 3380 2749 3423; x_wconf 90' lang='lat' dir='ltr'>nec</span> <span class='ocrx_word' id='word_1_259' title='bbox 2782 3381 2913 3422; x_wconf 93' lang='lat' dir='ltr'>non</span> <span class='ocrx_word' id='word_1_260' title='bbox 2947 3361 3045 3422; x_wconf 90' lang='lat' dir='ltr'>illa</span> <span class='ocrx_word' id='word_1_261' title='bbox 3078 3380 3218 3442; x_wconf 90' lang='lat' dir='ltr'>prae</span> 
     </span>
     <span class='ocr_line' id='line_1_35' title="bbox 606 3466 3212 3550; baseline -0 -22"><span class='ocrx_word' id='word_1_262' title='bbox 606 3467 803 3529; x_wconf 89' lang='lat' dir='ltr'>oculis</span> <span class='ocrx_word' id='word_1_263' title='bbox 855 3466 1165 3544; x_wconf 88' lang='lat' dir='ltr'>habend0,</span> <span class='ocrx_word' id='word_1_264' title='bbox 1217 3486 1375 3547; x_wconf 90' lang='lat' dir='ltr'>quae</span> <span class='ocrx_word' id='word_1_265' title='bbox 1424 3467 1579 3528; x_wconf 90' lang='lat' dir='ltr'>infra</span> <span class='ocrx_word' id='word_1_266' title='bbox 1631 3468 1785 3529; x_wconf 89' lang='lat' dir='ltr'>circa</span> <span class='ocrx_word' id='word_1_267' title='bbox 1836 3468 2160 3529; x_wconf 88' lang='lat' dir='ltr'>transitum</span> <span class='ocrx_word' id='word_1_268' title='bbox 2210 3468 2638 3550; x_wconf 89' lang='lat' dir='ltr'>disponentur.</span> <span class='ocrx_word' id='word_1_269' title='bbox 2703 3468 2957 3528; x_wconf 88' lang='lat' dir='ltr'>Nemini</span> <span class='ocrx_word' id='word_1_270' title='bbox 3009 3484 3212 3528; x_wconf 91' lang='lat' dir='ltr'>autem</span> 
     </span>
     <span class='ocr_line' id='line_1_36' title="bbox 606 3574 3211 3655; baseline -0 -20"><span class='ocrx_word' id='word_1_271' title='bbox 606 3574 898 3654; x_wconf 87' lang='lat' dir='ltr'>Regulari</span> <span class='ocrx_word' id='word_1_272' title='bbox 945 3592 1342 3654; x_wconf 89' lang='lat' dir='ltr'>quacumque</span> <span class='ocrx_word' id='word_1_273' title='bbox 1389 3574 1466 3634; x_wconf 91' lang='lat' dir='ltr'>de</span> <span class='ocrx_word' id='word_1_274' title='bbox 1498 3593 1676 3634; x_wconf 89' lang='lat' dir='ltr'>causa</span> <span class='ocrx_word' id='word_1_275' title='bbox 1711 3575 2065 3655; x_wconf 90' lang='lat' dir='ltr'>permittere</span> <span class='ocrx_word' id='word_1_276' title='bbox 2098 3577 2307 3653; x_wconf 85' lang='lat' dir='ltr'>valeat,</span> <span class='ocrx_word' id='word_1_277' title='bbox 2341 3592 2410 3637; x_wconf 91' lang='lat' dir='ltr'>ut</span> <span class='ocrx_word' id='word_1_278' title='bbox 2442 3575 2504 3636; x_wconf 91' lang='lat' dir='ltr'>in</span> <span class='ocrx_word' id='word_1_279' title='bbox 2537 3575 2749 3635; x_wconf 89' lang='lat' dir='ltr'>habitu</span> <span class='ocrx_word' id='word_1_280' title='bbox 2782 3574 3074 3635; x_wconf 88' lang='lat' dir='ltr'>saeculari</span> <span class='ocrx_word' id='word_1_281' title='bbox 3106 3593 3211 3634; x_wconf 90' lang='lat' dir='ltr'>seu</span> 
     </span>
     <span class='ocr_line' id='line_1_37' title="bbox 605 3681 2717 3762; baseline -0 -19"><span class='ocrx_word' id='word_1_282' title='bbox 605 3681 828 3743; x_wconf 87' lang='lat' dir='ltr'>Clerici</span> <span class='ocrx_word' id='word_1_283' title='bbox 861 3682 1219 3757; x_wconf 75' lang='lat' dir='ltr'>SaeculariS,</span> <span class='ocrx_word' id='word_1_284' title='bbox 1256 3682 1319 3742; x_wconf 94' lang='lat' dir='ltr'>in</span> <span class='ocrx_word' id='word_1_285' title='bbox 1351 3698 1722 3762; x_wconf 89' lang='lat' dir='ltr'>perpetuum</span> <span class='ocrx_word' id='word_1_286' title='bbox 1755 3699 1918 3743; x_wconf 86' lang='lat' dir='ltr'>extra</span> <span class='ocrx_word' id='word_1_287' title='bbox 1951 3682 2234 3744; x_wconf 89' lang='lat' dir='ltr'>Claustra</span> <span class='ocrx_word' id='word_1_288' title='bbox 2268 3683 2470 3743; x_wconf 86' lang='lat' dir='ltr'>vivere</span> <span class='ocrx_word' id='word_1_289' title='bbox 2504 3683 2717 3762; x_wconf 89' lang='lat' dir='ltr'>possit.</span> 
     </span>
    </p>

    <p class='ocr_par' dir='ltr' id='par_1_11' title="bbox 603 3788 3216 4621">
     <span class='ocr_line' id='line_1_38' title="bbox 820 3788 3216 3869; baseline 0 -20"><span class='ocrx_word' id='word_1_290' title='bbox 820 3798 849 3858; x_wconf 82' lang='lat' dir='ltr'>s</span> <span class='ocrx_word' id='word_1_291' title='bbox 888 3809 987 3868; x_wconf 84' lang='lat'>34.</span> <span class='ocrx_word' id='word_1_292' title='bbox 1036 3788 1267 3864; x_wconf 89' lang='lat' dir='ltr'>Quoad</span> <span class='ocrx_word' id='word_1_293' title='bbox 1299 3790 1622 3850; x_wconf 89' lang='lat' dir='ltr'>transitum</span> <span class='ocrx_word' id='word_1_294' title='bbox 1657 3810 1803 3851; x_wconf 89' lang='lat' dir='ltr'>vero</span> <span class='ocrx_word' id='word_1_295' title='bbox 1835 3791 1912 3851; x_wconf 89' lang='lat' dir='ltr'>de</span> <span class='ocrx_word' id='word_1_296' title='bbox 1946 3810 2071 3852; x_wconf 89' lang='lat' dir='ltr'>una</span> <span class='ocrx_word' id='word_1_297' title='bbox 2105 3791 2181 3851; x_wconf 92' lang='lat' dir='ltr'>ad</span> <span class='ocrx_word' id='word_1_298' title='bbox 2215 3791 2394 3851; x_wconf 90' lang='lat' dir='ltr'>aliam</span> <span class='ocrx_word' id='word_1_299' title='bbox 2419 3790 2829 3869; x_wconf 88' lang='lat' dir='ltr'>Religionem,</span> <span class='ocrx_word' id='word_1_300' title='bbox 2863 3808 2991 3851; x_wconf 90' lang='lat' dir='ltr'>non</span> <span class='ocrx_word' id='word_1_301' title='bbox 3010 3789 3216 3851; x_wconf 90' lang='lat' dir='ltr'>solum</span> 
     </span>
     <span class='ocr_line' id='line_1_39' title="bbox 605 3896 3216 3978; baseline 0 -22"><span class='ocrx_word' id='word_1_302' title='bbox 605 3897 797 3956; x_wconf 86' lang='lat' dir='ltr'>valeat</span> <span class='ocrx_word' id='word_1_303' title='bbox 829 3896 1005 3956; x_wconf 88' lang='lat' dir='ltr'>illum</span> <span class='ocrx_word' id='word_1_304' title='bbox 1040 3897 1379 3958; x_wconf 90' lang='lat' dir='ltr'>concedere</span> <span class='ocrx_word' id='word_1_305' title='bbox 1412 3918 1445 3957; x_wconf 89' lang='lat' dir='ltr'>a</span> <span class='ocrx_word' id='word_1_306' title='bbox 1477 3896 1690 3958; x_wconf 84' lang='lat' dir='ltr'>laxiori</span> <span class='ocrx_word' id='word_1_307' title='bbox 1722 3899 1800 3958; x_wconf 87' lang='lat' dir='ltr'>ad</span> <span class='ocrx_word' id='word_1_308' title='bbox 1829 3898 2174 3976; x_wconf 89' lang='lat' dir='ltr'>arctiorem,</span> <span class='ocrx_word' id='word_1_309' title='bbox 2211 3896 2374 3974; x_wconf 84' lang='lat' dir='ltr'>juxta</span> <span class='ocrx_word' id='word_1_310' title='bbox 2396 3896 2553 3978; x_wconf 87' lang='lat' dir='ltr'>Cap.</span> <span class='ocrx_word' id='word_1_311' title='bbox 2592 3898 2767 3958; x_wconf 84' lang='lat' dir='ltr'>Licet</span> <span class='ocrx_word' id='word_1_312' title='bbox 2793 3898 2868 3958; x_wconf 82' lang='lat' dir='ltr'>de</span> <span class='ocrx_word' id='word_1_313' title='bbox 2898 3896 3216 3977; x_wconf 62' lang='lat' dir='ltr'>Regulam,</span> 
     </span>
     <span class='ocr_line' id='line_1_40' title="bbox 606 4003 3216 4083; baseline 0 -21"><span class='ocrx_word' id='word_1_314' title='bbox 606 4023 822 4063; x_wconf 86' lang='lat' dir='ltr'>verum</span> <span class='ocrx_word' id='word_1_315' title='bbox 873 4003 1055 4064; x_wconf 90' lang='lat' dir='ltr'>etiam</span> <span class='ocrx_word' id='word_1_316' title='bbox 1104 4003 1181 4063; x_wconf 85' lang='lat' dir='ltr'>ad</span> <span class='ocrx_word' id='word_1_317' title='bbox 1225 4004 1568 4083; x_wconf 88' lang='lat' dir='ltr'>aequalem,</span> <span class='ocrx_word' id='word_1_318' title='bbox 1616 4020 1673 4065; x_wconf 91' lang='lat' dir='ltr'>et</span> <span class='ocrx_word' id='word_1_319' title='bbox 1718 4007 1793 4065; x_wconf 87' lang='lat' dir='ltr'>ab</span> <span class='ocrx_word' id='word_1_320' title='bbox 1826 4005 2072 4065; x_wconf 89' lang='lat' dir='ltr'>arctiori</span> <span class='ocrx_word' id='word_1_321' title='bbox 2105 4005 2179 4065; x_wconf 90' lang='lat' dir='ltr'>ad</span> <span class='ocrx_word' id='word_1_322' title='bbox 2214 4004 2530 4081; x_wconf 86' lang='lat' dir='ltr'>laxiorem,</span> <span class='ocrx_word' id='word_1_323' title='bbox 2563 4006 2647 4064; x_wconf 95' lang='lat' dir='ltr'>ob</span> <span class='ocrx_word' id='word_1_324' title='bbox 2680 4003 2866 4082; x_wconf 84' lang='lat' dir='ltr'>justas</span> <span class='ocrx_word' id='word_1_325' title='bbox 2898 4019 3123 4079; x_wconf 87' lang='lat' dir='ltr'>tamen,</span> <span class='ocrx_word' id='word_1_326' title='bbox 3159 4017 3216 4063; x_wconf 91' lang='lat' dir='ltr'>et</span> 
     </span>
     <span class='ocr_line' id='line_1_41' title="bbox 603 4109 3215 4191; baseline -0 -21"><span class='ocrx_word' id='word_1_327' title='bbox 603 4129 817 4189; x_wconf 86' lang='lat' dir='ltr'>graves</span> <span class='ocrx_word' id='word_1_328' title='bbox 850 4111 1180 4191; x_wconf 89' lang='lat' dir='ltr'>respective</span> <span class='ocrx_word' id='word_1_329' title='bbox 1213 4129 1423 4171; x_wconf 87' lang='lat' dir='ltr'>causas</span> <span class='ocrx_word' id='word_1_330' title='bbox 1456 4113 1531 4170; x_wconf 88' lang='lat' dir='ltr'>ab</span> <span class='ocrx_word' id='word_1_331' title='bbox 1565 4111 1785 4171; x_wconf 86' lang='lat' dir='ltr'>eodem</span> <span class='ocrx_word' id='word_1_332' title='bbox 1824 4110 2046 4188; x_wconf 89' lang='lat' dir='ltr'>Majori</span> <span class='ocrx_word' id='word_1_333' title='bbox 2081 4109 2562 4171; x_wconf 89' lang='lat' dir='ltr'>poenitentiario</span> <span class='ocrx_word' id='word_1_334' title='bbox 2585 4109 2970 4190; x_wconf 87' lang='lat' dir='ltr'>probandas;</span> <span class='ocrx_word' id='word_1_335' title='bbox 3005 4109 3215 4170; x_wconf 90' lang='lat' dir='ltr'>audito</span> 
     </span>
     <span class='ocr_line' id='line_1_42' title="bbox 605 4215 3211 4299; baseline 0 -24"><span class='ocrx_word' id='word_1_336' title='bbox 605 4216 776 4296; x_wconf 91' lang='lat' dir='ltr'>prius</span> <span class='ocrx_word' id='word_1_337' title='bbox 808 4216 1136 4296; x_wconf 88' lang='lat' dir='ltr'>Superiore</span> <span class='ocrx_word' id='word_1_338' title='bbox 1188 4217 1462 4289; x_wconf 85' lang='lat' dir='ltr'>Ordinis,</span> <span class='ocrx_word' id='word_1_339' title='bbox 1514 4239 1547 4277; x_wconf 98' lang='lat' dir='ltr'>a</span> <span class='ocrx_word' id='word_1_340' title='bbox 1593 4238 1739 4299; x_wconf 90' lang='lat' dir='ltr'>quo,</span> <span class='ocrx_word' id='word_1_341' title='bbox 1790 4233 1850 4278; x_wconf 92' lang='lat' dir='ltr'>et</span> <span class='ocrx_word' id='word_1_342' title='bbox 1896 4237 2041 4278; x_wconf 90' lang='lat' dir='ltr'>cum</span> <span class='ocrx_word' id='word_1_343' title='bbox 2088 4237 2396 4279; x_wconf 88' lang='lat' dir='ltr'>consensu</span> <span class='ocrx_word' id='word_1_344' title='bbox 2448 4215 2798 4298; x_wconf 87' lang='lat' dir='ltr'>Superioris</span> <span class='ocrx_word' id='word_1_345' title='bbox 2831 4215 3103 4293; x_wconf 90' lang='lat' dir='ltr'>Ordinis,</span> <span class='ocrx_word' id='word_1_346' title='bbox 3138 4215 3211 4275; x_wconf 89' lang='lat' dir='ltr'>ad</span> 
     </span>
     <span class='ocr_line' id='line_1_43' title="bbox 607 4321 3212 4402; baseline -0 -20"><span class='ocrx_word' id='word_1_347' title='bbox 607 4341 797 4401; x_wconf 88' lang='lat' dir='ltr'>quem</span> <span class='ocrx_word' id='word_1_348' title='bbox 845 4321 1159 4383; x_wconf 88' lang='lat' dir='ltr'>faciendus</span> <span class='ocrx_word' id='word_1_349' title='bbox 1205 4339 1294 4383; x_wconf 89' lang='lat' dir='ltr'>est</span> <span class='ocrx_word' id='word_1_350' title='bbox 1337 4324 1644 4385; x_wconf 68' lang='lat' dir='ltr'>transitus</span> <span class='ocrx_word' id='word_1_351' title='bbox 1711 4325 1827 4385; x_wconf 84' lang='lat' dir='ltr'>Pro</span> <span class='ocrx_word' id='word_1_352' title='bbox 1874 4323 2093 4402; x_wconf 88' lang='lat' dir='ltr'>majori</span> <span class='ocrx_word' id='word_1_353' title='bbox 2124 4339 2331 4385; x_wconf 90' lang='lat' dir='ltr'>autem</span> <span class='ocrx_word' id='word_1_354' title='bbox 2364 4324 2652 4384; x_wconf 89' lang='lat' dir='ltr'>transitus</span> <span class='ocrx_word' id='word_1_355' title='bbox 2686 4321 2989 4398; x_wconf 88' lang='lat' dir='ltr'>firmitate,</span> <span class='ocrx_word' id='word_1_356' title='bbox 3020 4322 3085 4382; x_wconf 92' lang='lat' dir='ltr'>in</span> <span class='ocrx_word' id='word_1_357' title='bbox 3119 4321 3212 4382; x_wconf 90' lang='lat' dir='ltr'>his</span> 
     </span>
     <span class='ocr_line' id='line_1_44' title="bbox 607 4428 3216 4511; baseline -0.001 -21"><span class='ocrx_word' id='word_1_358' title='bbox 607 4429 901 4490; x_wconf 90' lang='lat' dir='ltr'>omnibus</span> <span class='ocrx_word' id='word_1_359' title='bbox 946 4429 1186 4489; x_wconf 88' lang='lat' dir='ltr'>casibus</span> <span class='ocrx_word' id='word_1_360' title='bbox 1236 4431 1427 4511; x_wconf 91' lang='lat' dir='ltr'>possit</span> <span class='ocrx_word' id='word_1_361' title='bbox 1472 4431 1635 4492; x_wconf 90' lang='lat' dir='ltr'>idem</span> <span class='ocrx_word' id='word_1_362' title='bbox 1690 4431 1890 4508; x_wconf 88' lang='lat' dir='ltr'>Major</span> <span class='ocrx_word' id='word_1_363' title='bbox 1937 4431 2451 4493; x_wconf 87' lang='lat' dir='ltr'>poenitentiarius</span> <span class='ocrx_word' id='word_1_364' title='bbox 2485 4430 2754 4507; x_wconf 80' lang='lat' dir='ltr'>StatutiS,</span> <span class='ocrx_word' id='word_1_365' title='bbox 2790 4446 2848 4491; x_wconf 87' lang='lat' dir='ltr'>et</span> <span class='ocrx_word' id='word_1_366' title='bbox 2879 4428 3216 4510; x_wconf 89' lang='lat' dir='ltr'>privilegiis</span> 
     </span>
     <span class='ocr_line' id='line_1_45' title="bbox 609 4535 2638 4621; baseline 0.001 -24"><span class='ocrx_word' id='word_1_367' title='bbox 609 4535 974 4617; x_wconf 84' lang='lat' dir='ltr'>Apostolicis</span> <span class='ocrx_word' id='word_1_368' title='bbox 1006 4537 1482 4615; x_wconf 89' lang='lat' dir='ltr'>quomodolibet</span> <span class='ocrx_word' id='word_1_369' title='bbox 1514 4540 1899 4600; x_wconf 88' lang='lat' dir='ltr'>obstantibus</span> <span class='ocrx_word' id='word_1_370' title='bbox 1934 4555 2290 4621; x_wconf 88' lang='lat' dir='ltr'>opportune</span> <span class='ocrx_word' id='word_1_371' title='bbox 2324 4539 2638 4620; x_wconf 84' lang='lat' dir='ltr'>derogare.</span> 
     </span>
    </p>

    <p class='ocr_par' dir='ltr' id='par_1_12' title="bbox 604 4643 3222 5046">
     <span class='ocr_line' id='line_1_46' title="bbox 821 4643 3220 4724; baseline 0 -22"><span class='ocrx_word' id='word_1_372' title='bbox 821 4652 849 4713; x_wconf 80' lang='lat' dir='ltr'>s</span> <span class='ocrx_word' id='word_1_373' title='bbox 898 4663 996 4724; x_wconf 84' lang='lat'>35.</span> <span class='ocrx_word' id='word_1_374' title='bbox 1057 4643 1288 4704; x_wconf 88' lang='lat' dir='ltr'>Verum</span> <span class='ocrx_word' id='word_1_375' title='bbox 1338 4644 1634 4706; x_wconf 89' lang='lat' dir='ltr'>abstineat</span> <span class='ocrx_word' id='word_1_376' title='bbox 1681 4649 1756 4706; x_wconf 90' lang='lat' dir='ltr'>ab</span> <span class='ocrx_word' id='word_1_377' title='bbox 1805 4646 2171 4724; x_wconf 85' lang='lat' dir='ltr'>hujusmodi</span> <span class='ocrx_word' id='word_1_378' title='bbox 2221 4646 2477 4707; x_wconf 89' lang='lat' dir='ltr'>transitu</span> <span class='ocrx_word' id='word_1_379' title='bbox 2527 4645 2933 4706; x_wconf 87' lang='lat' dir='ltr'>concedendo</span> <span class='ocrx_word' id='word_1_380' title='bbox 2965 4644 3041 4704; x_wconf 92' lang='lat' dir='ltr'>ad</span> <span class='ocrx_word' id='word_1_381' title='bbox 3075 4643 3220 4704; x_wconf 88' lang='lat' dir='ltr'>alias</span> 
     </span>
     <span class='ocr_line' id='line_1_47' title="bbox 606 4751 3219 4832; baseline -0.001 -20"><span class='ocrx_word' id='word_1_382' title='bbox 606 4751 979 4832; x_wconf 85' lang='lat' dir='ltr'>Religiones,</span> <span class='ocrx_word' id='word_1_383' title='bbox 1010 4772 1120 4813; x_wconf 91' lang='lat' dir='ltr'>seu</span> <span class='ocrx_word' id='word_1_384' title='bbox 1143 4751 1425 4829; x_wconf 86' lang='lat' dir='ltr'>Ordines,</span> <span class='ocrx_word' id='word_1_385' title='bbox 1449 4768 1685 4832; x_wconf 89' lang='lat' dir='ltr'>praeter</span> <span class='ocrx_word' id='word_1_386' title='bbox 1718 4772 1907 4832; x_wconf 89' lang='lat' dir='ltr'>quam</span> <span class='ocrx_word' id='word_1_387' title='bbox 1944 4755 2020 4815; x_wconf 88' lang='lat' dir='ltr'>ad</span> <span class='ocrx_word' id='word_1_388' title='bbox 2052 4754 2202 4831; x_wconf 89' lang='lat' dir='ltr'>illas,</span> <span class='ocrx_word' id='word_1_389' title='bbox 2234 4773 2344 4813; x_wconf 89' lang='lat' dir='ltr'>seu</span> <span class='ocrx_word' id='word_1_390' title='bbox 2378 4752 2532 4827; x_wconf 81' lang='lat' dir='ltr'>illos,</span> <span class='ocrx_word' id='word_1_391' title='bbox 2566 4753 2629 4813; x_wconf 91' lang='lat' dir='ltr'>in</span> <span class='ocrx_word' id='word_1_392' title='bbox 2664 4752 2893 4831; x_wconf 91' lang='lat' dir='ltr'>quibus</span> <span class='ocrx_word' id='word_1_393' title='bbox 2925 4751 3219 4812; x_wconf 87' lang='lat' dir='ltr'>claustra-</span> 
     </span>
     <span class='ocr_line' id='line_1_48' title="bbox 604 4857 3222 4940; baseline -0.001 -21"><span class='ocrx_word' id='word_1_394' title='bbox 604 4859 698 4935; x_wconf 87' lang='lat' dir='ltr'>lis,</span> <span class='ocrx_word' id='word_1_395' title='bbox 735 4875 793 4920; x_wconf 92' lang='lat' dir='ltr'>et</span> <span class='ocrx_word' id='word_1_396' title='bbox 824 4859 1119 4940; x_wconf 89' lang='lat' dir='ltr'>regularis</span> <span class='ocrx_word' id='word_1_397' title='bbox 1151 4860 1538 4919; x_wconf 91' lang='lat' dir='ltr'>observantia</span> <span class='ocrx_word' id='word_1_398' title='bbox 1571 4859 1772 4938; x_wconf 90' lang='lat' dir='ltr'>vigere</span> <span class='ocrx_word' id='word_1_399' title='bbox 1807 4860 2224 4940; x_wconf 87' lang='lat' dir='ltr'>dignoscatur,</span> <span class='ocrx_word' id='word_1_400' title='bbox 2272 4859 2443 4939; x_wconf 89' lang='lat' dir='ltr'>quod</span> <span class='ocrx_word' id='word_1_401' title='bbox 2476 4858 2525 4919; x_wconf 90' lang='lat' dir='ltr'>si</span> <span class='ocrx_word' id='word_1_402' title='bbox 2559 4860 2634 4920; x_wconf 91' lang='lat' dir='ltr'>de</span> <span class='ocrx_word' id='word_1_403' title='bbox 2668 4859 2772 4920; x_wconf 90' lang='lat' dir='ltr'>tali</span> <span class='ocrx_word' id='word_1_404' title='bbox 2804 4857 3128 4935; x_wconf 88' lang='lat' dir='ltr'>claustrali,</span> <span class='ocrx_word' id='word_1_405' title='bbox 3160 4873 3222 4917; x_wconf 90' lang='lat' dir='ltr'>et</span> 
     </span>
     <span class='ocr_line' id='line_1_49' title="bbox 606 4963 3217 5046; baseline -0.001 -20"><span class='ocrx_word' id='word_1_406' title='bbox 606 4966 866 5045; x_wconf 89' lang='lat' dir='ltr'>regulari</span> <span class='ocrx_word' id='word_1_407' title='bbox 915 4966 1299 5027; x_wconf 87' lang='lat' dir='ltr'>observantia</span> <span class='ocrx_word' id='word_1_408' title='bbox 1347 4967 1655 5027; x_wconf 88' lang='lat' dir='ltr'>ullatenus</span> <span class='ocrx_word' id='word_1_409' title='bbox 1704 4966 2036 5043; x_wconf 91' lang='lat' dir='ltr'>dubitetur,</span> <span class='ocrx_word' id='word_1_410' title='bbox 2086 4967 2465 5046; x_wconf 88' lang='lat' dir='ltr'>exquirenda</span> <span class='ocrx_word' id='word_1_411' title='bbox 2513 4966 2623 5027; x_wconf 89' lang='lat' dir='ltr'>erit</span> <span class='ocrx_word' id='word_1_412' title='bbox 2654 4965 3000 5027; x_wconf 85' lang='lat' dir='ltr'>authentica</span> <span class='ocrx_word' id='word_1_413' title='bbox 3034 4963 3217 5025; x_wconf 91' lang='lat' dir='ltr'>Ordi—</span> 
     </span>
    </p>
   </div>
  </div>
 </body>
</html>
