3684 5416
410 1589 457 1620 10

406 2121 454 2164 ¹5

407 2654 461 2686 20

407 3191 458 3234 25

410 3725 462 3769 30

411 4269 460 4312 35

411 4804 464 4845 ⁴0

1154 394 1418 447 Potestas
1458 382 1834 448 ecclesiastica
1876 404 1931 448 et
1970 392 2271 465 imperium
2312 393 2488 449 civile.
3016 394 3117 466 285

511 601 567 646 et
614 585 1062 647 abdicationem
1108 590 1380 667 (excepto
1432 603 1634 648 tamen
1682 586 1984 667 praesenti
2030 606 2174 647 casu
2221 587 2555 648 vacationis
2586 587 3005 662 Coloniensis,
3056 606 3126 647 ac

514 693 896 755 Trevirensis
937 693 1372 770 'Ecclesiarum)
1424 694 1577 755 infra
1626 712 1996 757 consuetum
2039 695 2396 756 Trimestris
2442 695 2707 775 spatium
2759 693 3115 775 Dignitates,

509 820 577 861 ac
623 801 924 862 Canonici
979 799 1391 880 capitulariter
1440 803 1817 883 congregati,
1866 817 1924 862 et
1970 804 2219 863 servatis
2265 802 2598 864 Canonicis
2644 801 2872 880 regulis
2925 821 3128 862 novos

511 908 824 969 Antistites
870 928 943 969 ex
977 908 1404 970 Ecclesiasticis
1451 909 1955 989 quibuscumque
1991 910 2133 970 viris
2169 909 2367 988 Regni
2404 910 2708 971 Borussici
2757 908 2994 984 incolis,
3030 909 3122 968 di-

508 1015 647 1095 gnis
696 1030 923 1092 tamen,
974 1031 1033 1076 et
1085 1014 1247 1092 juxta
1301 1017 1647 1079 Canonicas
1697 1017 2047 1078 sanctiones
2098 1018 2336 1079 idoneis
2389 1018 2635 1079 servatis
2688 1017 2999 1078 servandis
3047 1018 3123 1076 ad

512 1123 775 1183 formam
810 1142 1125 1184 sacrorum
1159 1124 1492 1186 Canonum
1525 1125 1748 1203 eligere
1784 1127 2049 1206 possint;
2105 1126 2181 1187 ad
2216 1124 2578 1203 hujusmodi
2614 1141 2820 1186 autem
2854 1125 3122 1186 Electio-

511 1253 620 1295 nes
667 1234 760 1311 jus
811 1233 1080 1311 suffragii
1129 1233 1447 1295 habebunt
1479 1234 1779 1296 Canonici
1825 1251 1949 1295 tam
1984 1234 2354 1312 Numerarii,
2387 1253 2579 1314 quam
2613 1233 2968 1309 Honorarii,
3006 1252 3120 1293 nec

511 1342 767 1404 exclusis
799 1342 1051 1422 quidem
1087 1341 1221 1419 illis,
1255 1343 1361 1423 qui
1397 1343 1552 1404 ultra
1581 1344 2025 1424 Capitularium
2060 1362 2393 1404 numerum
2428 1342 2487 1404 in
2521 1343 2636 1416 hac
2667 1341 3127 1403 reordinatione

511 1449 922 1532 praefinitum,
958 1451 1167 1531 quoad
1200 1450 1457 1511 vixerint
1491 1451 1552 1512 in
1590 1452 1734 1533 ipsis
1767 1450 2067 1532 Capitulis
2101 1454 2654 1512 conservabuntur.
3094 1450 3097 1454 ’

723 1555 965 1632 (xxm.)
1028 1555 1199 1617 Nihil
1233 1577 1379 1618 vero
1409 1558 1472 1618 in
1506 1558 1805 1639 Capitulis
1838 1556 2297 1638 Episcopalium
2336 1556 2743 1618 Ecclesiarum
2766 1555 3127 1616 Warmien—

510 1663 607 1739 sis,
655 1680 713 1723 et
744 1663 1116 1739 CulmensiS,
1164 1684 1278 1725 nec
1329 1685 1456 1725 non
1494 1664 2127 1746 Archiepiscopalium
2162 1664 2545 1726 Gnesnensis
2593 1679 2652 1725 et
2689 1661 3123 1723 posnaniensis

510 1769 771 1831 invicem
827 1786 1124 1852 perpetuo
1173 1772 1502 1850 unitarum,
1549 1774 1914 1835 innovantes
1947 1772 2316 1833 mandamus
2348 1772 2662 1833 dumtaxat
2695 1786 2761 1830 ut
2793 1768 3123 1830 Gnesnen-

512 1898 624 1947 ses,
674 1893 732 1937 et
765 1878 1213 1964 posnanienses
1258 1880 1643 1959 Capitulares
1687 1882 1761 1941 ad
1811 1879 2271 1961 Archiepiscopi
2320 1879 2685 1940 electionem
2735 1876 3121 1953 conjunctim

512 1986 771 2046 debeant
816 1984 1163 2065 procedere.
1227 1984 1419 2061 Quod
1472 2002 1676 2048 autem
1712 2003 1941 2067 spectat
1975 2002 2292 2048 vacantem
2328 1984 2750 2066 Episcopalem
2787 1985 3121 2045 Ecclesiam

514 2092 1094 2167 Wratislaviensem,
1137 2092 1465 2172 specialem
1514 2109 1879 2174 potestatem
1930 2093 2208 2165 facimus,
2259 2093 2536 2173 quinque
2581 2106 2719 2151 actu
2768 2091 2829 2152 in
2863 2090 2962 2151 illa
2997 2091 3127 2151 exi-

511 2200 810 2260 stentibus
856 2198 1290 2280 Dignitatibus,
1337 2219 1558 2279 nempe
1611 2201 1981 2281 Praeposito,
2032 2210 2304 2275 Decano,
2351 2199 2829 2271 Archidiacono,
2865 2197 3122 2258 Schola-

512 2306 682 2375 stic0,
730 2321 788 2365 et
821 2305 1103 2377 Custodi,
1139 2321 1280 2365 octo
1314 2306 1647 2367 Canonicis
1679 2308 2104 2378 residentibus,
2138 2323 2198 2368 et
2229 2328 2332 2367 sex
2366 2305 2698 2367 Canonicis
2732 2303 3125 2373 Honorariis,

513 2411 619 2491 qui
668 2430 836 2472 nunc
882 2410 1015 2488 ejus
1046 2412 1348 2473 Ecclesiae
1383 2412 1767 2493 Capitulares
1803 2417 2128 2491 habentur,
2166 2431 2232 2475 ut
2265 2415 2340 2476 ad
2376 2414 2522 2475 novi
2558 2411 2842 2493 Episcopi
2875 2410 3129 2470 electio-

514 2535 656 2577 nem
691 2516 1070 2578 Canonicam
1120 2519 1334 2592 mod0,
1383 2534 1441 2578 et
1489 2519 1686 2580 forma
1734 2520 2099 2601 praemissis,
2150 2522 2279 2582 hac‘
2298 2521 2477 2582 etiam
2514 2519 2708 2601 prima
2741 2518 2870 2578 vice
2906 2535 3122 2596 proce-

514 2625 655 2686 dere
689 2625 944 2705 possint,
979 2640 1037 2685 et
1070 2624 1330 2686 valeant.

726 2734 978 2810 (XXIV.)
1022 2732 1349 2808 Quaelibet
1381 2753 1526 2794 vero
1550 2734 1940 2797 Electionum
1963 2737 2321 2812 hujusmodi
2344 2738 2753 2798 Instrumenta
2777 2735 2840 2796 in
2861 2734 3125 2795 authen-

517 2842 629 2902 tica
675 2841 868 2902 forma
917 2856 1170 2918 exarata,
1203 2840 1277 2901 ad
1311 2839 1595 2901 Sanctam
1630 2840 1858 2904 Sedem
1891 2845 1965 2905 de
2001 2865 2174 2907 more
2210 2846 2547 2920 mittentur,
2583 2865 2615 2904 a
2650 2863 2772 2923 qua
2806 2843 2854 2903 si
2889 2841 3129 2902 Electio

515 2951 827 3013 Canonice
862 2966 1099 3032 peracta
1133 2966 1519 3031 agnoscetur,
1555 2968 1612 3013 et
1643 2973 1713 3013 ex
1750 2973 2038 3034 processu
2062 2954 2486 3035 Inquisitionis
2518 2953 2742 3014 deinde
2777 2972 2808 3012 a
2833 2951 3131 3011 Romano

517 3058 808 3119 pontifice
856 3060 916 3120 in
963 3058 1221 3137 singulis
1267 3059 1505 3120 casibus
1550 3061 1728 3121 alicui
1775 3083 1849 3122 ex
1898 3063 2413 3143 Archiepiscopis,
2460 3061 2554 3122 vel
2603 3059 2925 3140 Episcopis
2972 3058 3125 3119 intra

516 3164 669 3226 fines
703 3165 902 3245 Regni
936 3165 1241 3227 Borussici
1274 3167 1669 3229 existentibus
1702 3172 2169 3244 committendo,
2206 3187 2264 3231 et
2296 3170 2372 3231 ad
2410 3169 2672 3230 formam
2706 3164 3133 3228 instructionis

517 3271 686 3347 jussu
733 3272 872 3334 San.
926 3274 1111 3334 Mem.
1163 3273 1395 3335 Urbani
1448 3273 1662 3335 Octavi
1718 3277 2207 3339 praedecessoris
2258 3278 2465 3339 Nostri
2534 3277 2728 3338 editae
2798 3275 3128 3355 diligenter

515 3382 821 3442 exarando
869 3382 944 3441 de
991 3381 1161 3442 electi
1210 3382 1540 3444 idoneitate
1588 3385 1942 3464 constiterit,
1992 3387 2319 3448 electiones
2354 3384 2717 3463 hujusmodi
2751 3405 2783 3443 a
2818 3382 3034 3452 Nobis,
3072 3397 3133 3440 et

516 3489 812 3551 Romanis
836 3488 1232 3550 pontificibus
1254 3489 1725 3552 Successoribus
1749 3493 1988 3553 Nostris
2023 3492 2183 3566 juxta
2216 3509 2513 3553 statutum
2554 3510 2792 3553 morem
2828 3509 2935 3571 per
2959 3494 3129 3568 Apo-

516 3595 756 3658 stolicas
788 3595 1018 3656 Literas
1052 3594 1604 3657 confirmabuntur.

727 3698 964 3785 (XXV.)
1042 3703 1110 3763 In
1174 3702 1431 3781 singulis
1482 3719 1789 3784 praeterea
1840 3703 2226 3778 Civitatibus,
2291 3720 2412 3764 tam
2462 3701 3131 3783 Archiepiscopalibus.

518 3830 704 3890 quam
742 3807 1206 3890 Episcopalibus
1240 3827 1438 3870 unum
1473 3810 1861 3871 Clericorum
1896 3809 2328 3886 Seminarium,
2365 3810 2457 3871 vel
2491 3808 2988 3870 conservandum
3035 3808 3131 3866 vel

518 3918 592 3978 de
642 3936 808 3978 novo
858 3917 1322 3996 quamprimum
1373 3916 1739 3995 erigendum
1790 3937 1920 3978 esse
1969 3918 2315 3994 statuimus,
2366 3919 2431 3978 in
2483 3937 2614 3998 quo
2664 3918 2713 3976 is
2745 3915 3132 3977 Clericorum

518 4044 816 4086 numerus
863 4022 958 4096 ali,
1007 4039 1190 4102 atque
1223 4024 1299 4083 ad
1334 4023 1594 4085 formam
1632 4025 2034 4086 Decretorum
2073 4026 2234 4087 Sacri
2270 4026 2535 4087 Concilii
2569 4024 2919 4086 Tridentini
2956 4024 3131 4083 insti-

518 4134 626 4210 tui,
655 4155 723 4195 ac
758 4131 1002 4194 educari
1035 4132 1270 4207 debeat,
1304 4134 1412 4214 qui
1447 4135 1923 4216 respectivarum
1957 4136 2351 4197 Dioecesium
2385 4134 2802 4216 amplitudini,
2839 4150 2896 4194 et
2920 4153 3132 4194 neces-

516 4239 671 4300 sitati
706 4238 1090 4318 respondeat,
1125 4239 1357 4318 quique
1392 4241 1464 4299 ab
1489 4240 1880 4321 Exequutore
1902 4242 2314 4322 praesentium
2338 4242 2679 4303 Literarum
2713 4259 2988 4321 congrue
3022 4239 3132 4299 erit

518 4344 1004 4426 praefiniendus:
1042 4346 1505 4428 Archiepiscopi
1538 4363 1743 4409 tamen
1776 4348 2173 4424 GnesnensiS,
2223 4365 2281 4410 et
2316 4349 2750 4410 posnaniensis
2783 4348 3041 4425 judicio,
3075 4363 3135 4406 et

519 4454 880 4536 prudentiae
925 4454 1356 4533 relinquimus,
1406 4456 1502 4516 vel
1549 4456 1609 4516 in
1659 4471 1920 4536 utraque
1955 4457 2233 4533 Civitate,
2268 4457 2611 4537 proprium,
2647 4477 2715 4517 ac
2748 4456 3128 4524 distinctum,

519 4563 610 4623 vel
649 4580 847 4623 unum
881 4576 1117 4621 tantum
1151 4561 1215 4621 in
1250 4562 1649 4623 posnaniensi
1681 4564 1959 4628 Civitate.
1993 4564 2134 4643 quia
2170 4564 2388 4645 amplis
2421 4565 2676 4625 aedibus
2711 4581 2966 4638 constat,
3020 4585 3136 4644 pro

519 4668 773 4729 Clericis
823 4670 1141 4728 ambarum
1193 4668 1584 4730 Dioecesium
1621 4671 2036 4733 Seminarium
2069 4672 2455 4732 constabilire
2508 4688 2690 4753 prout
2724 4670 3131 4732 Ecclesiarum

517 4779 793 4859 ipsarum
827 4775 1047 4837 utilitas
1081 4777 1491 4856 postulaverit.

735 4884 988 4961 (XXVI.)
1050 4883 1344 4945 Volentes
1393 4906 1558 4947 nunc
1605 4887 1848 4968 praevia
1894 4887 2459 4960 dismembratione,
2513 4887 2915 4967 separatione,
2948 4901 3137 4966 atque

520 4991 949 5054 immutatione
1001 4991 1454 5054 nonnullorum
1511 4994 1842 5071 Locomm,
1894 5011 1952 5055 et
2011 4993 2428 5054 paraeciarum
2477 5015 2508 5054 a
2557 4994 2834 5074 priorum
2868 4993 3134 5054 Ordina-
