3684 5416
625 371 724 444 '378
1247 412 1252 417 ·
1775 370 2094 428 OrdinatiO.

621 569 937 615 censentes
969 555 1392 634 euangelicam
1422 554 1772 631 lectionem,
1792 574 1918 634 qua
1951 554 2080 635 ipse
2105 553 2416 614 Dominus
2448 552 2861 632 negotiatores
2891 572 2964 614 ex
2994 553 3233 633 templo

623 664 972 723 uerberatos
1017 664 1306 723 asseritur
1350 662 1672 743 expulisse,
1721 681 1835 722 nec
1867 661 2153 742 Apostoli
2200 664 2391 722 uerba
2437 660 2799 738 recolentes,
2848 659 3076 739 quibus
3108 659 3228 719 ait:

627 769 871 831 «Nemo
917 769 1185 830 militans
1220 771 1354 831 Deo
1400 770 1672 851 implicat
1715 789 1781 829 se
1828 768 2102 846 negociis
2149 768 2603 829 secularibus»:
2656 767 3035 848 psalmistam
3069 784 3231 847 quo-

621 895 746 956 que
779 876 980 937 Dauid
1028 877 1213 937 surda
1261 876 1714 937 dissimulantes
1761 895 1929 952 aure,
1964 889 2343 935 cantantem:
2402 874 2762 949 «Quoniam
2792 863 2925 935 non
2956 873 3231 955 cognoui

474 1020 478 1025 ·
543 1005 563 1048 5
621 983 1087 1063 negotiationes,
1140 983 1408 1044 introibo
1461 983 1522 1043 in
1574 981 1877 1063 potentias
1914 981 2232 1042 Domini».
2297 981 2562 1042 Proinde
2611 980 2974 1042 huiusmodi
3023 996 3127 1041 aut
3159 984 3235 1041 ab

619 1090 892 1169 indignis
943 1091 1202 1171 posthac
1251 1090 1570 1170 questibus
1621 1088 2421 1164 nouerint'abstinendum,
2472 1104 2530 1149 et
2575 1091 2649 1149 ab
2699 1088 2875 1149 omni
2908 1087 3236 1148 cuiuslibet

621 1196 1055 1276 negotiationis
1098 1197 1351 1277 ingenio
1398 1196 1854 1278 cupiditateque
1904 1195 2289 1272 cessandum,
2336 1212 2458 1273 aut,
2492 1196 2558 1255 in
2590 1214 2997 1275 quocumque
3029 1194 3227 1273 gradu

621 1303 740 1364 sint
785 1304 988 1385 positi,
1031 1323 1177 1366 mox
1223 1324 1255 1363 a
1303 1302 1680 1363 clericalibus
1727 1301 1934 1362 offitiis
1980 1317 2284 1378 cogantur
2315 1301 2637 1378 abstinere,
2670 1302 2972 1380 quoniam
3008 1301 3239 1361 domus

627 1410 737 1471 Dei
772 1412 998 1471 domus
1031 1410 1328 1471 orationis
1360 1426 1418 1470 et
1449 1429 1580 1470 esse
1613 1410 1790 1470 debet
1823 1424 1882 1469 et
1914 1407 2051 1486 dici,
2082 1428 2158 1469 ne
2194 1427 2302 1489 per
2334 1407 2524 1469 offitia
2559 1407 2990 1489 negotiationis
3025 1407 3233 1488 potius

519 1544 567 1575 ιο
622 1517 695 1577 sit
726 1517 1037 1578 latronum
1071 1517 1378 1597 spelunca.

1262 1777 1386 1831 150.
1428 1767 1846 1833 CONCILIUM
1887 1774 2275 1831 AGATENSE
2317 1776 2401 1844 (a.
2441 1777 2597 1846 506).

1477 1958 1525 1994 c.
1567 1958 1648 2012 39.
1689 1963 1758 1983 =
1798 1947 1845 1993 c.
1895 1956 1970 2009 19.
2014 1939 2080 1992 D.
2120 1938 2380 1991 XXXIV.

838 2084 865 2112 ⁶
920 2085 1080 2156 Corp.
1117 2087 1222 2137 iur.
1262 2101 1383 2136 can.
1423 2082 1510 2136 ed.
1551 2081 1985 2150 Friedberg.
2038 2081 2212 2134 Tom.
2255 2079 2291 2132 Ι.
2334 2080 2442 2135 col.
2497 2097 2608 2149 150.
2675 2079 2946 2140 BrunS‚
2988 2078 3233 2131 Canones

624 2169 806 2237 Apost.
845 2170 901 2218 et
936 2165 1096 2217 Cone.
1136 2165 1310 2219 Tom.
1338 2163 1400 2216 Il.
1442 2181 1492 2233 p.
1529 2180 1644 2234 154.

521 2356 564 2398 ¹5
1096 2315 1437 2386 Nuptiarum
1464 2312 1743 2368 conuiuiis
1771 2309 2070 2383 presbiteri
2093 2310 2368 2366 interesse
2396 2326 2514 2364 non
2544 2310 2772 2363 debent.

839 2445 1175 2523 Presbiteri‚
1222 2444 1532 2519 diacones,
1580 2442 1992 2503 subdiacones
2027 2439 2129 2502 uel
2162 2440 2475 2520 deincepS,
2516 2439 2745 2519 quibus
2777 2439 3046 2500 ducendi
3081 2457 3237 2498 uxo-

626 2574 719 2614 res
760 2553 999 2614 licentia
1047 2571 1173 2612 non
1221 2567 1331 2629 est,
1381 2551 1560 2611 etiam
1607 2550 1949 2610 alienarum
1994 2547 2355 2629 nuptiarum
2388 2534 2619 2608 enitent
2652 2546 2962 2623 conuiuia,
2999 2565 3109 2606 nec
3143 2545 3241 2605 his

623 2661 856 2722 cetibus
905 2660 1295 2737 misceantur,
1347 2657 1451 2720 ubi
1504 2657 1801 2719 amatoria
1852 2670 2177 2717 cantantur
2224 2668 2283 2715 et
2327 2654 2545 2736 turpia,
2594 2669 2697 2715 aut
2742 2651 2995 2714 obsceni
3034 2669 3242 2715 motus

623 2788 961 2850 corporum
1011 2769 1216 2829 choris
1262 2783 1321 2828 et
1370 2765 1808 2827 saltacionibus
1853 2763 2211 2841 efferuntur,
2261 2782 2337 2823 ne
2385 2762 2632 2823 auditus
2680 2777 2738 2822 et
2771 2763 3025 2822 obtutus
3057 2759 3240 2821 sacris

516 2908 570 2940 20
625 2876 909 2936 misteriis
973 2877 1302 2955 deputatus
1366 2873 1646 2953 turpium
1696 2869 2193 2951 spectaculorum
2244 2886 2429 2949 atque
2481 2871 2819 2930 uerborum
2873 2866 3239 2947 contagione

625 2983 1000 3063 polluantur.

838 3088 936 3148 IX.
972 3089 1133 3148 ParS.
1169 3085 1439 3149 Gratian.
1491 3086 1681 3146 Vidua
1714 3105 1857 3145 uero
1891 3084 2294 3164 intellegenda
2328 3091 2442 3160 est,
2474 3086 2536 3144 si
2554 3090 2700 3164 post
2728 3081 3037 3164 solempne
3046 3081 3243 3159 sedus

625 3199 978 3277 nuptiarum
1025 3202 1217 3255 morte
1262 3194 1703 3254 interueniente
1748 3214 1785 3251 α
1830 3194 1969 3253 uiro
2003 3212 2111 3252 suo
2144 3193 2351 3252 diuisa
2365 3193 2589 3269 fuerit.
2656 3189 2942 3251 Ceterum
2976 3191 3037 3249 si
3064 3195 3241 3248 ante-

626 3323 803 3382 quam
836 3299 1417 3378 conuem'antfatali
1444 3303 1799 3360 necessitate
1829 3298 1907 3359 ab
1938 3299 2237 3360 alterutro
2270 3299 2753 3377 diuisifuerint,
2775 3297 2923 3358 licet
2952 3319 3025 3358 ex
3053 3305 3242 3378 spon—

523 3437 572 3481 25
624 3409 862 3470 salibus
909 3426 1062 3469 uxor
1107 3411 1192 3468 sit
1231 3407 1561 3490 appellata,
1609 3429 1728 3468 non
1765 3415 1963 3467 tamen
1984 3412 2135 3487 post
2163 3411 2417 3466 mortem
2448 3408 2681 3487 sponsi,
2714 3411 2774 3465 et
2800 3407 2863 3465 si
2891 3407 2956 3466 in
2976 3406 3245 3486 propria

623 3520 712 3576 sit
753 3518 960 3590 ducta,
1009 3524 1068 3577 et
1109 3537 1243 3577 cum
1293 3536 1358 3575 eo
1405 3515 1634 3589 uelata,
1686 3515 1877 3575 uidua
1911 3512 2281 3594 appellatur,
2315 3534 2425 3573 nec
2456 3534 2528 3572 ex
2557 3514 2689 3573 eius
2721 3512 2938 3594 copula
2970 3534 3007 3571 a
3040 3514 3238 3573 sacris

624 3623 949 3683 ordinibus
982 3621 1212 3702 aliquis
1229 3619 1614 3702 prohibetur.

1269 3883 1395 3936 151.
1449 3879 1869 3936 CONCILIUM
1907 3878 2281 3934 ROMANUM
2322 3878 2408 3947 (a.
2449 3877 2605 3947 743.)

1277 4060 1324 4095 c.
1375 4060 1448 4112 ¹5·
1488 4067 1556 4088 :.-.
1597 4058 1646 4095 c.
1687 4057 1774 4112 23·
1813 4041 1883 4093 D.
1924 4039 2172 4093 LXXXI.
2211 4040 2605 4109 [Gregorius]

525 4222 576 4262 30
841 4188 868 4215 ‘
924 4189 1083 4257 Corp.
1121 4192 1226 4241 iur.
1265 4203 1386 4239 can.
1427 4185 1513 4238 ed.
1557 4183 1827 4238 Friedb
1851 4198 1994 4252 erg.
2037 4182 2208 4238 Tom.
2237 4182 2275 4234 1.
2316 4180 2424 4235 col.
2455 4181 2576 4252 287.
2625 4184 2776 4234 Mon.
2820 4182 3015 4234 Germ.
3054 4181 3245 4236 lu'stor.

630 4267 715 4322 LI.
759 4267 929 4320 Tom.
971 4266 1033 4319 11.
1088 4266 1259 4320 216.
1338 4262 2103 4325 affe-Wattenbach‚
2144 4279 2196 4316 n.
2239 4262 2539 4316 CCXLIV.
2606 4260 2904 4325 Hefele‚
2947 4261 3245 4315 Concilien-

622 4348 950 4418 geschichte.
1005 4347 1177 4401 Tom.
1219 4345 1308 4400 111.
1348 4363 1401 4416 p.
1431 4346 1548 4418 356.
1582 4356 1586 4359 ’

845 4489 1026 4544 Simul
1053 4508 1184 4545 cum
1216 4489 1544 4544 mulieribus
1573 4490 1970 4545 sacerdotibus
1998 4489 2252 4544 habitare
2281 4507 2399 4544 non
2427 4488 2572 4542 licet.
2616 4491 2807 4554 (Decr.
2841 4490 3028 4549 Grat.)

844 4621 1105 4701 Oportet
1138 4621 1501 4691 sacerdoteS,
1537 4619 1766 4699 quibus
1799 4619 2072 4699 populus
2107 4618 2362 4679 Domini
2396 4618 2768 4679 commissus
2801 4632 2910 4692 est,
2935 4635 3081 4676 cum
3118 4634 3249 4674 ma-

524 4754 573 4796 35
627 4749 750 4808 gna
784 4728 1122 4789 constantia
1157 4727 1408 4806 uigilare
1444 4727 1710 4808 desuper
1741 4726 2087 4787 dominicas
2122 4746 2293 4801 oues,
2330 4746 2408 4785 ne
2440 4723 2669 4806 lupinis
2703 4723 3033 4794 morsibus,
3066 4721 3126 4781 id
3161 4735 3250 4780 est

628 4835 858 4897 diabuli
904 4834 1167 4897 stimulis
1212 4834 1541 4896 lanientur.
1619 4843 1648 4902 S
1693 4856 1741 4894 1.
1804 4835 2025 4913 Neque
2072 4832 2238 4893 enim
2276 4834 2396 4893 hoc
2427 4832 2607 4892 silere
2637 4831 2859 4907 debeo,
2894 4829 3070 4909 quod
3105 4846 3247 4888 cum

628 4943 799 5022 graui
835 4941 1025 5002 animi
1058 4941 1304 5002 tristicia
1338 4941 1509 5002 dico:
1544 4941 1889 5001 sacerdotes
1922 4960 2066 5003 cum
2104 4940 2347 5001 feminis
2382 4938 2651 5000 habitare
2685 4936 3036 5017 conspicio:
3075 4934 3249 5014 quod
