3684 5416
494 1667 543 1697 to

496 2200 540 2243 ¹5

489 2735 546 2766 20

493 3268 545 3310 25

494 3802 547 3845 '30

496 4332 546 4375 ³5

593 374 701 426 620
1771 379 2034 435 Parocbi.

596 447 3204 475 Μ

597 555 923 634 assignent,
970 558 1080 637 qui
1133 577 1231 618 eas
1279 578 1651 638 cognoscere
1686 563 1895 635 valeat,
1927 579 1987 623 et
2018 585 2051 623 a
2086 583 2215 644 quo
2247 564 2385 626 solo
2418 565 2577 626 licite
2610 581 2983 627 sacramenta
3019 565 3210 626 susci—

596 663 782 742 piant,
816 680 919 724 aut
951 664 1071 726 alio
1107 665 1334 726 utiliori
1367 668 1580 737 mod0,
1614 684 1797 749 prout
1829 668 1950 730 loci
1985 671 2244 750 qualitas
2277 672 2556 749 exegerit,
2595 673 2975 752 provideant.
3012 673 3212 733 Idem-

598 788 718 849 que
767 770 829 829 in
878 770 949 830 iis
995 772 1335 833 civitatibus
1366 794 1450 834 ¹ac
1494 774 1659 852 lociS,
1720 775 1823 836 ubi
1875 775 2079 837 nullae
2129 794 2274 839 sunt
2307 779 2702 859 parochialeS,
2748 779 3214 860 quamprimum

599 874 725 936 fieri
778 895 1009 955 curent,
1059 897 1186 939 non
1238 882 1624 942 obstantibus
1658 883 2144 965 quibuscunque
2179 885 2506 966 privilegiis
2540 902 2596 947 et
2628 886 3212 964 consuetudinibuS,

598 984 783 1043 etiarn
820 984 1432 1049 immemorabilibus.
1488 988 1545 1068 [l.
1579 1011 1627 1051 c.
1662 1010 1794 1071 pag.
1835 991 2224 1072 366—367.]

597 1180 668 1241 C.
705 1180 911 1241 XVIII.
983 1183 1264 1244 Ecclesia
1298 1183 1662 1265 parochiali
1706 1195 1958 1247 vacante
2008 1190 2393 1269 deputandus
2448 1188 2525 1247 ab
2585 1193 2861 1270 episcopo
2922 1192 3216 1261 vicarius,

596 1280 785 1339 donec
817 1280 924 1339 illi
937 1284 1342 1361 provideatur
1373 1284 1446 1342 de
1464 1283 1758 1364 parocho.
1825 1286 2143 1346 Nominati
2174 1289 2258 1347 ad
2276 1286 2670 1368 parochiales
2703 1308 2823 1366 qua
2836 1290 3053 1364 forma
3084 1294 3144 1346 el
3174 1310 3211 1346 a

1472 1383 1693 1463 quibus
1725 1387 2075 1445 examinari
2101 1384 2329 1445 debent.

812 1523 1067 1602 Expedit
1118 1524 1380 1585 maxime
1429 1523 1775 1586 animarum
1827 1527 2030 1605 saluti,
2082 1549 2114 1588 a
2169 1528 2373 1608 dignis
2420 1509 2890 1607 atque‘idoneis
2923 1528 3208 1607 parochis

598 1629 946 1705 gubernari.
1010 1630 1072 1689 Id
1121 1646 1187 1691 ut
1233 1631 1589 1710 diligentius
1637 1653 1706 1693 ac
1753 1634 1976 1695 rectius
2025 1634 2388 1715 perficiatur,
2435 1637 2643 1695 statuit
2674 1649 2881 1695 sancta
2915 1635 3213 1715 synoduS,

600 1750 688 1809 ut,
739 1754 937 1814 quum
989 1738 1354 1817 parochialis
1408 1740 1692 1800 ecclesiae
1740 1741 1994 1815 vacatio,
2030 1742 2262 1802 etiamsi
2296 1761 2438 1802 cura
2472 1726 2759 1801 ecclesiae
2793 1742 2885 1801 vel
2920 1741 3216 1821 episcopo

599 1842 956 1903 incumbere
990 1843 1241 1917 dicatur,
1275 1861 1332 1906 et
1365 1865 1472 1926 per
1506 1866 1706 1906 unum
1741 1847 1836 1907 vel
1872 1848 2076 1928 plures
2110 1848 2590 1925 administretur,
2636 1848 2817 1909 etiam
2850 1849 2914 1907 in
2948 1846 3217 1909 ecclesiis

599 1949 1131 2027 patrimonialibus
1178 1948 1284 2013 seu
1337 1954 1652 2032 receptivis
1701 1955 2102 2035 nuncupatis,
2148 1955 2210 2015 in
2261 1955 2487 2035 quibus
2534 1953 2854 2015 consuevit
2887 1955 3216 2035 episcopus

600 2056 703 2114 uni
740 2056 834 2115 vel
870 2056 1151 2137 pluribus
1184 2078 1392 2119 curam
1430 2060 1780 2122 animarum
1814 2062 1976 2135 dare,
2010 2078 2169 2142 quos
2201 2080 2419 2122 omnes
2452 2061 2549 2135 ad,
2583 2061 2739 2121 infra
2760 2061 3056 2142 scriptum
3076 2080 3216 2121 exa—

599 2181 741 2221 men
775 2164 967 2223 teneri
1003 2162 1272 2241 mandat,
1308 2186 1416 2246 per
1449 2168 1695 2228 obitum
1730 2170 1824 2228 vel
1862 2167 2358 2246 resignationem,
2393 2168 2574 2228 etiarn
2609 2167 2672 2227 in
2707 2166 2871 2227 curia
2904 2170 3014 2226 seu
3047 2165 3219 2227 aliter

599 2270 1183 2351 quomodocunque
1233 2272 1573 2350 contigerit,
1624 2274 1807 2334 etiam
1854 2274 1901 2334 si
1949 2274 2077 2354 ipsa
2114 2273 2476 2355 parochialis
2509 2258 2759 2334 ecclesia
2793 2288 3088 2333 reservata
3122 2273 3220 2332 vel

598 2375 813 2435 affecta
852 2377 1033 2437 fuerit
1065 2380 1428 2457 generaliter
1461 2381 1551 2440 vel
1587 2381 1944 2461 specialiter,
1967 2383 2145 2441 etiam
2181 2382 2392 2460 vigore
2426 2380 2646 2442 indulti
2679 2400 2788 2441 seu
2821 2379 3118 2461 privilegii
3154 2379 3218 2440 in

600 2483 875 2544 favorem
926 2502 1168 2545 sanctae
1202 2487 1483 2547 Romane
1531 2489 1816 2550 ecclesiae
1853 2489 2275 2564 cardinalium,
2322 2507 2429 2549 seu
2465 2490 2757 2548 abbatum
2790 2488 2885 2547 vel
2920 2486 3219 2567 capitulo·

602 2611 776 2653 rum:
826 2594 1043 2655 debeat
1093 2595 1420 2676 episcopus
1470 2595 1690 2673 statim,
1744 2596 1946 2657 habita
1993 2596 2206 2656 notitia
2254 2594 2589 2655 vacationis
2635 2593 2945 2671 ecclesiae,
2978 2594 3025 2653 si
3058 2612 3222 2674 opus

606 2700 803 2776 fuerit,
850 2702 1148 2764 idoneum
1203 2703 1267 2764 in
1314 2725 1382 2764 ea
1432 2702 1728 2765 vicarium
1779 2725 1922 2766 cum
1972 2725 2250 2784 congrua
2284 2702 2415 2764 eius
2446 2702 2693 2763 arbitrio
2729 2701 3040 2762 fructuum
3073 2719 3221 2780 por-

600 2810 782 2870 tionis
815 2813 1224 2893 assignatione
1259 2813 1647 2886 constituere,
1681 2814 1784 2894 qui
1819 2834 2006 2875 onera
2040 2813 2232 2895 ipsius
2265 2812 2551 2871 ecclesiae
2583 2809 2898 2888 sustineat,
2933 2810 3131 2870 donec
3165 2808 3221 2868 ei

603 2917 677 2975 de
733 2933 964 2977 rectore
1001 2918 1406 2998 provideatur.
1472 2921 1663 2981 Porro
1697 2919 2042 3002 episcopuS,
2077 2935 2132 2978 et
2167 2917 2275 2998 qui
2309 2918 2403 2977 ius
2437 2931 2795 2996 patronatus
2830 2916 3029 2990 habet,
3063 2914 3220 2974 intra

603 3025 820 3084 decem
871 3026 1000 3084 dies
1047 3027 1139 3086 vel
1187 3026 1349 3085 aliud
1397 3042 1646 3107 tempus
1679 3030 1754 3088 ab
1788 3028 2082 3108 episcopo
2117 3026 2660 3108 praescribendum
2692 3024 2953 3084 idoneos
2986 3023 3223 3103 aliquot

604 3132 855 3191 clericos
889 3133 963 3191 ad
999 3135 1329 3212 regendam
1365 3134 1681 3195 ecclesiam
1714 3154 1924 3196 coram
1956 3135 2325 3216 deputandis
2372 3131 2890 3193 examinatoribus
2921 3130 3220 3191 nominet.

609 3238 903 3298 Liberum
937 3240 1010 3299 sit
1043 3254 1251 3300 tamen
1286 3241 1466 3301 etiam
1501 3242 1650 3318 aliis,
1684 3244 1788 3322 qui
1825 3242 2068 3323 aliquos
2101 3242 2175 3302 ad
2211 3241 2270 3300 id
2304 3256 2479 3320 aptos
2514 3239 2820 3314 noverint,
2854 3256 3071 3297 eorum
3106 3254 3222 3296 no-

608 3343 772 3405 mina
823 3345 1077 3421 deferre,
1125 3361 1191 3405 ut
1239 3348 1426 3428 possit
1475 3365 1682 3427 postea
1731 3349 1805 3407 de
1853 3347 2177 3408 cuiuslibet
2208 3362 2419 3422 aetate,
2460 3345 2737 3405 moribus
2770 3358 2827 3403 et
2859 3341 3223 3404 sufficientia

608 3451 735 3512 fieri
770 3452 1028 3531 diligens
1062 3453 1399 3532 inquisitio,
1449 3455 1521 3514 Et
1568 3455 1614 3514 si
1662 3455 1956 3535 episcopo
1998 3471 2101 3516 aut
2133 3453 2380 3534 synodo
2415 3450 2771 3532 provinciali
2808 3469 2920 3530 pro
2954 3449 3225 3530 regionis

608 3578 781 3619 more
829 3559 1134 3619 videbitur
1180 3560 1371 3635 magis
1418 3560 1720 3640 expedire,
1774 3580 1880 3641 per
1913 3561 2185 3620 edictum
2217 3559 2398 3619 etiam
2434 3558 2755 3639 publicum
2788 3572 3085 3619 vocentur
3117 3556 3223 3637 qui

610 3666 817 3726 volent
865 3667 1213 3727 examinari.
1276 3668 1619 3727 Transacto
1665 3668 1994 3728 constituto
2043 3682 2322 3746 tempore
2357 3684 2599 3742 omneS,
2632 3665 2741 3744 qui
2774 3664 3056 3746 descripti
3091 3664 3224 3724 fue-

607 3773 748 3849 rint,
801 3775 1225 3834 examinentur
1276 3777 1351 3834 ab
1404 3775 1713 3855 episcopo,
1758 3775 1885 3834 sive
1932 3793 2008 3833 eo
2054 3770 2353 3852 impedito
2400 3773 2474 3830 ab
2523 3771 2655 3831 eius
2703 3771 2925 3832 vicario
2958 3772 3223 3851 generali

603 3896 786 3960 atque
835 3881 908 3940 ab
957 3880 1085 3941 aliis
1132 3883 1651 3942 examinatoribus
1685 3901 1813 3942 non
1851 3881 2242 3961 paucioribus
2276 3898 2462 3959 quam
2498 3879 2709 3952 tribus,
2743 3898 3016 3958 quorum
3046 3877 3225 3948 votis,

605 3987 652 4046 si
688 4006 860 4066 pares
894 4003 998 4048 aut
1029 3988 1370 4068 singulares
1405 3989 1649 4061 fuerint,
1684 3989 1971 4048 accedere
2008 3988 2200 4068 possit
2228 3986 2557 4067 episcopus
2579 3986 2670 4045 vel
2697 3985 2974 4062 vicarius,
2996 3984 3225 4065 quibus

608 4094 799 4172 magis
846 4095 1166 4155 videbitur.
1228 4096 1690 4155 Examinatores
1738 4112 1942 4155 autem
1976 4094 2235 4172 singulis
2269 4093 2447 4153 annis
2482 4093 2546 4152 in
2583 4093 2942 4153 dioecesana
2976 4092 3224 4172 synodo

609 4201 686 4258 ab
734 4201 1025 4281 episcopo
1070 4201 1165 4261 vel
1214 4202 1344 4261 eius
1391 4201 1613 4261 vicario
1646 4201 1720 4261 ad
1757 4201 1961 4262 minus
1994 4222 2096 4260 sex
2128 4216 2573 4280 proponantur,
2608 4200 2716 4279 qui
2751 4200 2998 4278 synodo
3031 4198 3202 4258 satis-

609 4304 833 4366 faciant
881 4323 937 4366 et
987 4311 1061 4367 ab
1113 4328 1180 4367 ea
1235 4312 1592 4388 probentur.
1678 4308 2188 4388 Advenienteque
2224 4307 2539 4367 vacatione
2572 4305 2899 4366 cuiuslibet
2933 4304 3220 4366 ecclesiae

609 4426 728 4469 tres
762 4431 832 4470 ex
869 4410 981 4471 illis
1016 4412 1194 4490 eligat
1229 4414 1570 4495 episcopuS,
1617 4415 1722 4494 qui
1758 4434 1901 4474 cum
1937 4433 2013 4473 eo
2047 4433 2300 4474 examen
2338 4412 2672 4494 perficiant,
2708 4412 2980 4492 indeque
3014 4431 3223 4473 succe-

607 4521 791 4579 dente
826 4519 939 4579 alia
974 4521 1285 4581 vacatione
1318 4539 1423 4582 aut
1455 4525 1729 4596 eosdem,
1764 4540 1868 4584 aut
1901 4523 2055 4583 alios
2087 4539 2226 4600 tres,
2260 4541 2419 4602 quos
2452 4522 2750 4599 maluerit,
2800 4542 2870 4582 ex
2903 4520 3225 4602 praedictis

606 4627 725 4688 illis
775 4647 876 4687 sex
928 4627 1127 4707 eligat.
1192 4629 1324 4689 Sint
1372 4649 1517 4690 vero
1553 4631 1614 4690 hi
1648 4630 2094 4691 examinatores
2129 4629 2398 4711 magistri
2435 4649 2542 4688 seu
2578 4629 2863 4689 doctores
2896 4645 2999 4687 aut
3032 4628 3223 4688 licen-

606 4735 727 4796 tiati
782 4735 842 4796 in
886 4736 1198 4814 theologia
1245 4753 1351 4798 aut
1399 4737 1531 4797 iure
1580 4738 1902 4813 canonico,
1937 4738 2029 4798 vel
2065 4737 2162 4797 alii
2197 4737 2395 4797 clerici
2429 4757 2537 4797 seu
2573 4735 2901 4815 regulares,
2935 4737 3117 4797 etiam
3153 4756 3223 4796 ex

607 4846 825 4907 ordine
859 4847 1347 4907 mendicantium
1382 4862 1484 4907 aut
1518 4848 1696 4908 etiam
1730 4849 2088 4924 saeculares,
2122 4849 2227 4927 qui
2262 4847 2338 4907 ad
2374 4848 2430 4907 id
2467 4847 2840 4907 videbuntur
2861 4846 3054 4924 magis
3088 4847 3224 4906 ido-

607 4952 724 5028 nei,
762 4954 1083 5035 iurentque
1118 4973 1338 5015 omnes
1372 4956 1447 5015 ad
1482 4972 1683 5016 sancta
1721 4957 1832 5016 Dei
1867 4956 2202 5036 evangelia,
2249 4976 2312 5015 se
2354 4974 2731 5035 quacunque
2767 4955 3039 5014 humana
3081 4953 3226 5014 affe--
