<?xml version="1.0" encoding="UTF-8"?>
<!DOCTYPE html PUBLIC "-//W3C//DTD XHTML 1.0 Transitional//EN"
    "http://www.w3.org/TR/xhtml1/DTD/xhtml1-transitional.dtd">
<html xmlns="http://www.w3.org/1999/xhtml" xml:lang="en" lang="en">
 <head>
  <title>
</title>
<meta http-equiv="Content-Type" content="text/html;charset=utf-8" />
  <meta name='ocr-system' content='tesseract 3.04.00' />
  <meta name='ocr-capabilities' content='ocr_page ocr_carea ocr_par ocr_line ocrx_word'/>
</head>
<body>
  <div class='ocr_page' id='page_1' title='image "./fontesiuriscano00unkngoog_0155.png"; bbox 0 0 3684 5416; ppageno 0'>
   <div class='ocr_carea' id='block_1_1' title="bbox 1056 417 3029 494">
    <p class='ocr_par' dir='ltr' id='par_1_1' title="bbox 1056 417 3029 494">
     <span class='ocr_line' id='line_1_1' title="bbox 1056 417 3029 494; baseline 0.002 -22"><span class='ocrx_word' id='word_1_1' title='bbox 1056 417 1330 472; x_wconf 81' lang='lat' dir='ltr'>Potestas</span> <span class='ocrx_word' id='word_1_2' title='bbox 1369 417 1750 473; x_wconf 80' lang='lat' dir='ltr'>ecclesiastica</span> <span class='ocrx_word' id='word_1_3' title='bbox 1792 431 1851 473; x_wconf 91' lang='lat' dir='ltr'>et</span> <span class='ocrx_word' id='word_1_4' title='bbox 1888 419 2187 491; x_wconf 88' lang='lat' dir='ltr'>imperium</span> <span class='ocrx_word' id='word_1_5' title='bbox 2229 419 2404 474; x_wconf 89' lang='lat' dir='ltr'>civile.</span> <span class='ocrx_word' id='word_1_6' title='bbox 2936 439 3029 494; x_wconf 80' lang='lat'>¹¹5</span> 
     </span>
    </p>
   </div>
   <div class='ocr_carea' id='block_1_2' title="bbox 1134 647 2301 708">
    <p class='ocr_par' dir='ltr' id='par_1_2' title="bbox 1134 647 2301 708">
     <span class='ocr_line' id='line_1_2' title="bbox 1134 647 2301 708; baseline 0.004 -5"><span class='ocrx_word' id='word_1_7' title='bbox 1134 648 1227 704; x_wconf 75' lang='lat'>81.</span> <span class='ocrx_word' id='word_1_8' title='bbox 1280 647 1585 706; x_wconf 67' lang='lat' dir='ltr'><strong>MAGNUS</strong></span> <span class='ocrx_word' id='word_1_9' title='bbox 1627 649 1864 705; x_wconf 76' lang='lat' dir='ltr'><strong>FELIX</strong></span> <span class='ocrx_word' id='word_1_10' title='bbox 1902 650 2301 708; x_wconf 66' lang='lat' dir='ltr'>Ennomus·</span> 
     </span>
    </p>
   </div>
   <div class='ocr_carea' id='block_1_3' title="bbox 409 791 3031 1024">
    <p class='ocr_par' dir='ltr' id='par_1_3' title="bbox 409 791 3031 1024">
     <span class='ocr_line' id='line_1_3' title="bbox 626 791 3031 869; baseline 0.002 -24"><span class='ocrx_word' id='word_1_11' title='bbox 626 791 654 820; x_wconf 70' lang='lat'><em>⁶</em></span> <span class='ocrx_word' id='word_1_12' title='bbox 710 791 1060 856; x_wconf 84' lang='lat' dir='ltr'>Ennodii‚</span> <span class='ocrx_word' id='word_1_13' title='bbox 1118 795 1321 867; x_wconf 79' lang='lat' dir='ltr'>Opera.</span> <span class='ocrx_word' id='word_1_14' title='bbox 1368 811 1478 849; x_wconf 87' lang='lat' dir='ltr'>rec.</span> <span class='ocrx_word' id='word_1_15' title='bbox 1548 794 1815 849; x_wconf 89' lang='lat' dir='ltr'>Hartel</span> <span class='ocrx_word' id='word_1_16' title='bbox 1873 796 2104 869; x_wconf 82' lang='lat' dir='ltr'>(Corpus</span> <span class='ocrx_word' id='word_1_17' title='bbox 2144 800 2335 868; x_wconf 82' lang='lat' dir='ltr'><em>script.</em></span> <span class='ocrx_word' id='word_1_18' title='bbox 2376 798 2504 853; x_wconf 83' lang='lat' dir='ltr'>eccl.</span> <span class='ocrx_word' id='word_1_19' title='bbox 2546 795 2662 856; x_wconf 79' lang='lat' dir='ltr'>VI).</span> <span class='ocrx_word' id='word_1_20' title='bbox 2708 794 2923 866; x_wconf 86' lang='lat' dir='ltr'>Opusc.</span> <span class='ocrx_word' id='word_1_21' title='bbox 2970 796 3031 850; x_wconf 81' lang='grc' dir='ltr'>ΙΙ.</span> 
     </span>
     <span class='ocr_line' id='line_1_4' title="bbox 409 869 3022 1024; baseline 0.002 -99"><span class='ocrx_word' id='word_1_22' title='bbox 409 869 709 1006; x_wconf 47' lang='grc' dir='ltr'>ξῐέᾇεὲξ,</span> <span class='ocrx_word' id='word_1_23' title='bbox 736 872 1331 1024; x_wconf 53' lang='grc' dir='ltr'>ἓοιηιιΐξηξεςεῆὼῆἰε.</span> <span class='ocrx_word' id='word_1_24' title='bbox 1360 875 1420 929; x_wconf 90' lang='lat'>11.</span> <span class='ocrx_word' id='word_1_25' title='bbox 1450 890 1504 944; x_wconf 89' lang='lat' dir='ltr'>p.</span> <span class='ocrx_word' id='word_1_26' title='bbox 1523 875 1644 947; x_wconf 81' lang='lat'>645.</span> <span class='ocrx_word' id='word_1_27' title='bbox 1684 875 1789 929; x_wconf 88' lang='lat' dir='ltr'>Ma</span> <span class='ocrx_word' id='word_1_28' title='bbox 1809 893 1893 946; x_wconf 86' lang='lat' dir='ltr'>ga</span> <span class='ocrx_word' id='word_1_29' title='bbox 1914 893 1948 930; x_wconf 91' lang='lat' dir='ltr'>n</span> <span class='ocrx_word' id='word_1_30' title='bbox 1966 875 2010 945; x_wconf 89' lang='lat' dir='ltr'>i,</span> <span class='ocrx_word' id='word_1_31' title='bbox 2038 878 2289 930; x_wconf 76' lang='lat' dir='ltr'>Ennodio.</span> <span class='ocrx_word' id='word_1_32' title='bbox 2318 875 2488 931; x_wconf 87' lang='lat' dir='ltr'>Pavia</span> <span class='ocrx_word' id='word_1_33' title='bbox 2522 875 2669 931; x_wconf 76' lang='lat'>1886.</span> <span class='ocrx_word' id='word_1_34' title='bbox 2698 876 2792 930; x_wconf 86' lang='lat' dir='ltr'>Ba</span> <span class='ocrx_word' id='word_1_35' title='bbox 2810 877 2889 930; x_wconf 92' lang='lat' dir='ltr'>rd</span> <span class='ocrx_word' id='word_1_36' title='bbox 2907 893 2937 931; x_wconf 93' lang='lat' dir='ltr'>e</span> <span class='ocrx_word' id='word_1_37' title='bbox 2956 894 3022 931; x_wconf 90' lang='lat' dir='ltr'>n-</span> 
     </span>
     <span class='ocr_line' id='line_1_5' title="bbox 682 993 996 1020; baseline 0.003 -14"><span class='ocrx_word' id='word_1_38' title='bbox 682 993 698 1020; x_wconf 90' lang='lat'>,</span> <span class='ocrx_word' id='word_1_39' title='bbox 983 995 996 1007; x_wconf 97' lang='lat'>.</span> 
     </span>
    </p>
   </div>
   <div class='ocr_carea' id='block_1_4' title="bbox 323 1075 2896 1258">
    <p class='ocr_par' dir='ltr' id='par_1_4' title="bbox 323 1075 2896 1258">
     <span class='ocr_line' id='line_1_6' title="bbox 323 1075 2896 1161; baseline 0 -22"><span class='ocrx_word' id='word_1_40' title='bbox 323 1096 353 1139; x_wconf 75' lang='lat'>5</span> <span class='ocrx_word' id='word_1_41' title='bbox 563 1075 929 1138; x_wconf 86' lang='lat' dir='ltr'><strong>Libellus</strong></span> <span class='ocrx_word' id='word_1_42' title='bbox 976 1077 1361 1138; x_wconf 90' lang='lat' dir='ltr'>adversus</span> <span class='ocrx_word' id='word_1_43' title='bbox 1407 1097 1541 1138; x_wconf 93' lang='lat' dir='ltr'>eos</span> <span class='ocrx_word' id='word_1_44' title='bbox 1588 1077 1725 1159; x_wconf 93' lang='lat' dir='ltr'>qui</span> <span class='ocrx_word' id='word_1_45' title='bbox 1773 1095 2056 1139; x_wconf 87' lang='lat' dir='ltr'>contra</span> <span class='ocrx_word' id='word_1_46' title='bbox 2103 1078 2497 1161; x_wconf 85' lang='lat' dir='ltr'>synodum</span> <span class='ocrx_word' id='word_1_47' title='bbox 2545 1079 2896 1139; x_wconf 88' lang='lat' dir='ltr'>scribere</span> 
     </span>
     <span class='ocr_line' id='line_1_7' title="bbox 1346 1193 2084 1258; baseline 0.001 -22"><span class='ocrx_word' id='word_1_48' title='bbox 1346 1193 2084 1258; x_wconf 88' lang='lat' dir='ltr'>praesumpserunt.</span> 
     </span>
    </p>
   </div>
   <div class='ocr_carea' id='block_1_5' title="bbox 295 1300 3036 3736">
    <p class='ocr_par' dir='ltr' id='par_1_5' title="bbox 410 1300 3033 1597">
     <span class='ocr_line' id='line_1_8' title="bbox 629 1300 3033 1384; baseline 0.001 -23"><span class='ocrx_word' id='word_1_49' title='bbox 629 1301 772 1361; x_wconf 89' lang='lat' dir='ltr'>Non</span> <span class='ocrx_word' id='word_1_50' title='bbox 805 1318 922 1360; x_wconf 89' lang='lat' dir='ltr'>nos</span> <span class='ocrx_word' id='word_1_51' title='bbox 955 1301 1202 1361; x_wconf 85' lang='lat' dir='ltr'>beatum</span> <span class='ocrx_word' id='word_1_52' title='bbox 1225 1302 1493 1375; x_wconf 85' lang='lat' dir='ltr'>Petrum,</span> <span class='ocrx_word' id='word_1_53' title='bbox 1529 1301 1684 1362; x_wconf 91' lang='lat' dir='ltr'>sicut</span> <span class='ocrx_word' id='word_1_54' title='bbox 1716 1301 1937 1379; x_wconf 87' lang='lat' dir='ltr'>dicitis,</span> <span class='ocrx_word' id='word_1_55' title='bbox 1972 1322 2005 1361; x_wconf 90' lang='lat' dir='ltr'>a</span> <span class='ocrx_word' id='word_1_56' title='bbox 2043 1300 2303 1363; x_wconf 90' lang='lat' dir='ltr'>domino</span> <span class='ocrx_word' id='word_1_57' title='bbox 2337 1320 2481 1364; x_wconf 91' lang='lat' dir='ltr'>cum</span> <span class='ocrx_word' id='word_1_58' title='bbox 2514 1302 2675 1364; x_wconf 92' lang='lat' dir='ltr'>sedis</span> <span class='ocrx_word' id='word_1_59' title='bbox 2708 1303 3033 1384; x_wconf 80' lang='lat' dir='ltr'>privilegiis</span> 
     </span>
     <span class='ocr_line' id='line_1_9' title="bbox 410 1406 3028 1492; baseline 0.002 -26"><span class='ocrx_word' id='word_1_60' title='bbox 410 1407 508 1467; x_wconf 92' lang='lat' dir='ltr'>vel</span> <span class='ocrx_word' id='word_1_61' title='bbox 541 1425 922 1468; x_wconf 84' lang='lat' dir='ltr'>successores</span> <span class='ocrx_word' id='word_1_62' title='bbox 952 1406 1085 1467; x_wconf 92' lang='lat' dir='ltr'>eius</span> <span class='ocrx_word' id='word_1_63' title='bbox 1117 1407 1407 1488; x_wconf 89' lang='lat' dir='ltr'>peccandi</span> <span class='ocrx_word' id='word_1_64' title='bbox 1441 1407 1782 1469; x_wconf 87' lang='lat' dir='ltr'>iudicamus</span> <span class='ocrx_word' id='word_1_65' title='bbox 1817 1407 2129 1470; x_wconf 86' lang='lat' dir='ltr'>licentiam</span> <span class='ocrx_word' id='word_1_66' title='bbox 2162 1408 2518 1489; x_wconf 90' lang='lat' dir='ltr'>suscepisse.</span> <span class='ocrx_word' id='word_1_67' title='bbox 2552 1409 2653 1470; x_wconf 88' lang='lat' dir='ltr'>llle</span> <span class='ocrx_word' id='word_1_68' title='bbox 2688 1429 3028 1492; x_wconf 86' lang='lat' dir='ltr'>perennem</span> 
     </span>
     <span class='ocr_line' id='line_1_10' title="bbox 412 1513 3030 1597; baseline 0.001 -22"><span class='ocrx_word' id='word_1_69' title='bbox 412 1514 779 1576; x_wconf 88' lang='lat' dir='ltr'>meritorum</span> <span class='ocrx_word' id='word_1_70' title='bbox 825 1513 1036 1576; x_wconf 89' lang='lat' dir='ltr'>dotem</span> <span class='ocrx_word' id='word_1_71' title='bbox 1083 1532 1226 1575; x_wconf 89' lang='lat' dir='ltr'>cum</span> <span class='ocrx_word' id='word_1_72' title='bbox 1273 1514 1600 1576; x_wconf 86' lang='lat' dir='ltr'>hereditate</span> <span class='ocrx_word' id='word_1_73' title='bbox 1643 1514 2031 1576; x_wconf 82' lang='lat' dir='ltr'>innocentiae</span> <span class='ocrx_word' id='word_1_74' title='bbox 2064 1514 2226 1575; x_wconf 87' lang='lat' dir='ltr'>misit</span> <span class='ocrx_word' id='word_1_75' title='bbox 2258 1515 2334 1575; x_wconf 89' lang='lat' dir='ltr'>ad</span> <span class='ocrx_word' id='word_1_76' title='bbox 2371 1529 2683 1596; x_wconf 87' lang='lat' dir='ltr'>posteros:</span> <span class='ocrx_word' id='word_1_77' title='bbox 2738 1517 2911 1597; x_wconf 91' lang='lat' dir='ltr'>quod</span> <span class='ocrx_word' id='word_1_78' title='bbox 2946 1516 3030 1577; x_wconf 92' lang='lat' dir='ltr'>illi</span> 
     </span>
    </p>

    <p class='ocr_par' dir='ltr' id='par_1_6' title="bbox 303 1621 3033 2240">
     <span class='ocr_line' id='line_1_11' title="bbox 303 1621 3033 1705; baseline 0.001 -24"><span class='ocrx_word' id='word_1_79' title='bbox 303 1648 362 1681; x_wconf 77' lang='grc' dir='ltr'>ιο</span> <span class='ocrx_word' id='word_1_80' title='bbox 415 1641 784 1683; x_wconf 88' lang='lat' dir='ltr'>concessum</span> <span class='ocrx_word' id='word_1_81' title='bbox 830 1637 920 1683; x_wconf 88' lang='lat' dir='ltr'>est</span> <span class='ocrx_word' id='word_1_82' title='bbox 966 1641 1080 1703; x_wconf 88' lang='lat' dir='ltr'>pro</span> <span class='ocrx_word' id='word_1_83' title='bbox 1127 1639 1378 1684; x_wconf 85' lang='lat' dir='ltr'>actuum</span> <span class='ocrx_word' id='word_1_84' title='bbox 1426 1622 1584 1700; x_wconf 90' lang='lat' dir='ltr'>luce,</span> <span class='ocrx_word' id='word_1_85' title='bbox 1629 1621 1706 1683; x_wconf 92' lang='lat' dir='ltr'>ad</span> <span class='ocrx_word' id='word_1_86' title='bbox 1752 1622 1889 1683; x_wconf 92' lang='lat' dir='ltr'>illos</span> <span class='ocrx_word' id='word_1_87' title='bbox 1930 1623 2189 1705; x_wconf 86' lang='lat' dir='ltr'>pertinet</span> <span class='ocrx_word' id='word_1_88' title='bbox 2221 1641 2382 1703; x_wconf 90' lang='lat' dir='ltr'>quos</span> <span class='ocrx_word' id='word_1_89' title='bbox 2414 1641 2522 1703; x_wconf 89' lang='lat' dir='ltr'>par</span> <span class='ocrx_word' id='word_1_90' title='bbox 2553 1623 3033 1685; x_wconf 89' lang='lat' dir='ltr'>conversationis</span> 
     </span>
     <span class='ocr_line' id='line_1_12' title="bbox 415 1728 3031 1812; baseline 0 -22"><span class='ocrx_word' id='word_1_91' title='bbox 415 1729 709 1810; x_wconf 90' lang='lat' dir='ltr'>splendor</span> <span class='ocrx_word' id='word_1_92' title='bbox 753 1728 1074 1790; x_wconf 89' lang='lat' dir='ltr'>illuminat.</span> <span class='ocrx_word' id='word_1_93' title='bbox 1156 1728 1315 1805; x_wconf 90' lang='lat' dir='ltr'>Quis</span> <span class='ocrx_word' id='word_1_94' title='bbox 1360 1731 1528 1790; x_wconf 89' lang='lat' dir='ltr'>enim</span> <span class='ocrx_word' id='word_1_95' title='bbox 1573 1746 1857 1791; x_wconf 88' lang='lat' dir='ltr'>sanctum</span> <span class='ocrx_word' id='word_1_96' title='bbox 1904 1749 2041 1791; x_wconf 89' lang='lat' dir='ltr'>esse</span> <span class='ocrx_word' id='word_1_97' title='bbox 2092 1730 2345 1804; x_wconf 90' lang='lat' dir='ltr'>dubitet,</span> <span class='ocrx_word' id='word_1_98' title='bbox 2392 1748 2582 1809; x_wconf 89' lang='lat' dir='ltr'>quem</span> <span class='ocrx_word' id='word_1_99' title='bbox 2632 1750 2781 1812; x_wconf 84' lang='lat' dir='ltr'>apex</span> <span class='ocrx_word' id='word_1_100' title='bbox 2831 1746 3031 1792; x_wconf 81' lang='lat' dir='ltr'>tantae</span> 
     </span>
     <span class='ocr_line' id='line_1_13' title="bbox 416 1835 3033 1920; baseline 0.001 -24"><span class='ocrx_word' id='word_1_101' title='bbox 416 1836 726 1915; x_wconf 85' lang='lat' dir='ltr'>dignitatis</span> <span class='ocrx_word' id='word_1_102' title='bbox 758 1835 1008 1920; x_wconf 50' lang='lat' dir='ltr'>attollit,b</span> <span class='ocrx_word' id='word_1_103' title='bbox 1030 1835 1090 1897; x_wconf 92' lang='lat' dir='ltr'>in</span> <span class='ocrx_word' id='word_1_104' title='bbox 1125 1855 1255 1917; x_wconf 93' lang='lat' dir='ltr'>quo</span> <span class='ocrx_word' id='word_1_105' title='bbox 1276 1836 1325 1897; x_wconf 91' lang='lat' dir='ltr'>si</span> <span class='ocrx_word' id='word_1_106' title='bbox 1347 1837 1546 1898; x_wconf 88' lang='lat' dir='ltr'>desint</span> <span class='ocrx_word' id='word_1_107' title='bbox 1578 1838 1739 1898; x_wconf 93' lang='lat' dir='ltr'>bona</span> <span class='ocrx_word' id='word_1_108' title='bbox 1761 1856 1917 1918; x_wconf 87' lang='lat' dir='ltr'>aequ</span> <span class='ocrx_word' id='word_1_109' title='bbox 1930 1836 2060 1897; x_wconf 88' lang='lat' dir='ltr'>isita</span> <span class='ocrx_word' id='word_1_110' title='bbox 2083 1856 2190 1919; x_wconf 87' lang='lat' dir='ltr'>per</span> <span class='ocrx_word' id='word_1_111' title='bbox 2212 1836 2518 1908; x_wconf 85' lang='lat' dir='ltr'>meritum,</span> <span class='ocrx_word' id='word_1_112' title='bbox 2538 1835 2853 1899; x_wconf 84' lang='lat' dir='ltr'>sufficiunt</span> <span class='ocrx_word' id='word_1_113' title='bbox 2874 1857 3033 1918; x_wconf 89' lang='lat' dir='ltr'>quae</span> 
     </span>
     <span class='ocr_line' id='line_1_14' title="bbox 417 1943 3031 2026; baseline 0 -23"><span class='ocrx_word' id='word_1_114' title='bbox 417 1964 451 2003; x_wconf 91' lang='lat' dir='ltr'>a</span> <span class='ocrx_word' id='word_1_115' title='bbox 485 1943 603 2005; x_wconf 89' lang='lat' dir='ltr'>loci</span> <span class='ocrx_word' id='word_1_116' title='bbox 637 1944 955 2005; x_wconf 87' lang='lat' dir='ltr'>decessore</span> <span class='ocrx_word' id='word_1_117' title='bbox 990 1950 1403 2026; x_wconf 85' lang='lat' dir='ltr'>praestantur?</span> <span class='ocrx_word' id='word_1_118' title='bbox 1436 1951 1563 2008; x_wconf 85' lang='lat' dir='ltr'>Aut</span> <span class='ocrx_word' id='word_1_119' title='bbox 1595 1946 1764 2006; x_wconf 88' lang='lat' dir='ltr'>enim</span> <span class='ocrx_word' id='word_1_120' title='bbox 1801 1947 1998 2008; x_wconf 82' lang='lat' dir='ltr'>claros</span> <span class='ocrx_word' id='word_1_121' title='bbox 2030 1947 2108 2005; x_wconf 92' lang='lat' dir='ltr'>ad</span> <span class='ocrx_word' id='word_1_122' title='bbox 2144 1944 2294 2005; x_wconf 90' lang='lat' dir='ltr'>haec</span> <span class='ocrx_word' id='word_1_123' title='bbox 2328 1943 2561 2025; x_wconf 87' lang='lat' dir='ltr'>fastigia</span> <span class='ocrx_word' id='word_1_124' title='bbox 2595 1944 2767 2023; x_wconf 89' lang='lat' dir='ltr'>erigit</span> <span class='ocrx_word' id='word_1_125' title='bbox 2799 1959 2904 2005; x_wconf 92' lang='lat' dir='ltr'>aut</span> <span class='ocrx_word' id='word_1_126' title='bbox 2924 1943 3031 2024; x_wconf 88' lang='lat' dir='ltr'>qui</span> 
     </span>
     <span class='ocr_line' id='line_1_15' title="bbox 419 2050 3033 2133; baseline 0.001 -24"><span class='ocrx_word' id='word_1_127' title='bbox 419 2050 740 2130; x_wconf 84' lang='lat' dir='ltr'>eriguntur</span> <span class='ocrx_word' id='word_1_128' title='bbox 770 2050 1058 2112; x_wconf 87' lang='lat' dir='ltr'>illustrat:</span> <span class='ocrx_word' id='word_1_129' title='bbox 1093 2053 1437 2132; x_wconf 82' lang='lat' dir='ltr'>praenoscit</span> <span class='ocrx_word' id='word_1_130' title='bbox 1470 2052 1637 2113; x_wconf 89' lang='lat' dir='ltr'>enim</span> <span class='ocrx_word' id='word_1_131' title='bbox 1671 2052 1823 2133; x_wconf 91' lang='lat' dir='ltr'>quid</span> <span class='ocrx_word' id='word_1_132' title='bbox 1857 2051 2256 2113; x_wconf 89' lang='lat' dir='ltr'>ecclesiarum</span> <span class='ocrx_word' id='word_1_133' title='bbox 2293 2052 2699 2113; x_wconf 88' lang='lat' dir='ltr'>fundamento</span> <span class='ocrx_word' id='word_1_134' title='bbox 2720 2050 2793 2111; x_wconf 91' lang='lat' dir='ltr'>sit</span> <span class='ocrx_word' id='word_1_135' title='bbox 2813 2050 3033 2127; x_wconf 89' lang='lat' dir='ltr'>habile,</span> 
     </span>
     <span class='ocr_line' id='line_1_16' title="bbox 304 2155 2265 2240; baseline -0.001 -21"><span class='ocrx_word' id='word_1_136' title='bbox 304 2181 360 2225; x_wconf 77' lang='lat'>15</span> <span class='ocrx_word' id='word_1_137' title='bbox 418 2176 603 2240; x_wconf 91' lang='lat' dir='ltr'>super</span> <span class='ocrx_word' id='word_1_138' title='bbox 635 2176 825 2238; x_wconf 90' lang='lat' dir='ltr'>quem</span> <span class='ocrx_word' id='word_1_139' title='bbox 858 2157 985 2239; x_wconf 92' lang='lat' dir='ltr'>ipsa</span> <span class='ocrx_word' id='word_1_140' title='bbox 1018 2159 1216 2219; x_wconf 92' lang='lat' dir='ltr'>moles</span> <span class='ocrx_word' id='word_1_141' title='bbox 1250 2159 1549 2223; x_wconf 88' lang='lat' dir='ltr'>innititur.</span> <span class='ocrx_word' id='word_1_142' title='bbox 1589 2157 1645 2239; x_wconf 91' lang='lat' dir='ltr'>[l.</span> <span class='ocrx_word' id='word_1_143' title='bbox 1682 2178 1733 2221; x_wconf 91' lang='lat' dir='ltr'>c.</span> <span class='ocrx_word' id='word_1_144' title='bbox 1774 2178 1923 2238; x_wconf 86' lang='lat'>295,</span> <span class='ocrx_word' id='word_1_145' title='bbox 1970 2155 2265 2237; x_wconf 81' lang='lat' dir='ltr'>to—20.]</span> 
     </span>
    </p>

    <p class='ocr_par' dir='ltr' id='par_1_7' title="bbox 417 2262 3033 2664">
     <span class='ocr_line' id='line_1_17' title="bbox 631 2262 3030 2346; baseline -0 -23"><span class='ocrx_word' id='word_1_146' title='bbox 631 2263 917 2325; x_wconf 88' lang='lat' dir='ltr'>Aliorum</span> <span class='ocrx_word' id='word_1_147' title='bbox 951 2263 1104 2327; x_wconf 91' lang='lat' dir='ltr'>forte</span> <span class='ocrx_word' id='word_1_148' title='bbox 1138 2266 1470 2327; x_wconf 90' lang='lat' dir='ltr'>hominum</span> <span class='ocrx_word' id='word_1_149' title='bbox 1503 2287 1716 2328; x_wconf 86' lang='lat' dir='ltr'>causas</span> <span class='ocrx_word' id='word_1_150' title='bbox 1751 2267 1907 2327; x_wconf 89' lang='lat' dir='ltr'>deus</span> <span class='ocrx_word' id='word_1_151' title='bbox 1946 2264 2209 2326; x_wconf 88' lang='lat' dir='ltr'>voluerit</span> <span class='ocrx_word' id='word_1_152' title='bbox 2242 2284 2351 2346; x_wconf 90' lang='lat' dir='ltr'>per</span> <span class='ocrx_word' id='word_1_153' title='bbox 2369 2262 2657 2324; x_wconf 90' lang='lat' dir='ltr'>homines</span> <span class='ocrx_word' id='word_1_154' title='bbox 2675 2263 3030 2324; x_wconf 89' lang='lat' dir='ltr'>terminare:</span> 
     </span>
     <span class='ocr_line' id='line_1_18' title="bbox 417 2369 3029 2454; baseline -0.001 -22"><span class='ocrx_word' id='word_1_155' title='bbox 417 2370 581 2432; x_wconf 92' lang='lat' dir='ltr'>sedis</span> <span class='ocrx_word' id='word_1_156' title='bbox 628 2370 800 2432; x_wconf 90' lang='lat' dir='ltr'>istius</span> <span class='ocrx_word' id='word_1_157' title='bbox 845 2371 1189 2453; x_wconf 87' lang='lat' dir='ltr'>praesulem</span> <span class='ocrx_word' id='word_1_158' title='bbox 1234 2392 1351 2434; x_wconf 90' lang='lat' dir='ltr'>suo</span> <span class='ocrx_word' id='word_1_159' title='bbox 1396 2373 1526 2435; x_wconf 91' lang='lat' dir='ltr'>sine</span> <span class='ocrx_word' id='word_1_160' title='bbox 1573 2373 1896 2454; x_wconf 89' lang='lat' dir='ltr'>questione</span> <span class='ocrx_word' id='word_1_161' title='bbox 1945 2371 2267 2433; x_wconf 88' lang='lat' dir='ltr'>reservavit</span> <span class='ocrx_word' id='word_1_162' title='bbox 2297 2370 2564 2432; x_wconf 89' lang='lat' dir='ltr'>arbitri0.</span> <span class='ocrx_word' id='word_1_163' title='bbox 2628 2369 2839 2431; x_wconf 89' lang='lat' dir='ltr'>Voluit</span> <span class='ocrx_word' id='word_1_164' title='bbox 2872 2369 3029 2430; x_wconf 90' lang='lat' dir='ltr'>beati</span> 
     </span>
     <span class='ocr_line' id='line_1_19' title="bbox 421 2475 3033 2559; baseline -0.001 -21"><span class='ocrx_word' id='word_1_165' title='bbox 421 2477 578 2538; x_wconf 85' lang='lat' dir='ltr'>Petri</span> <span class='ocrx_word' id='word_1_166' title='bbox 621 2477 884 2559; x_wconf 89' lang='lat' dir='ltr'>apostoli</span> <span class='ocrx_word' id='word_1_167' title='bbox 934 2498 1319 2540; x_wconf 90' lang='lat' dir='ltr'>successores</span> <span class='ocrx_word' id='word_1_168' title='bbox 1365 2480 1535 2541; x_wconf 90' lang='lat' dir='ltr'>caelo</span> <span class='ocrx_word' id='word_1_169' title='bbox 1579 2495 1821 2542; x_wconf 90' lang='lat' dir='ltr'>tantum</span> <span class='ocrx_word' id='word_1_170' title='bbox 1857 2481 2078 2541; x_wconf 90' lang='lat' dir='ltr'>debere</span> <span class='ocrx_word' id='word_1_171' title='bbox 2111 2477 2529 2540; x_wconf 87' lang='lat' dir='ltr'>innocentiam</span> <span class='ocrx_word' id='word_1_172' title='bbox 2563 2493 2621 2538; x_wconf 91' lang='lat' dir='ltr'>et</span> <span class='ocrx_word' id='word_1_173' title='bbox 2653 2475 3033 2537; x_wconf 86' lang='lat' dir='ltr'>subtilissimi</span> 
     </span>
     <span class='ocr_line' id='line_1_20' title="bbox 420 2583 3031 2664; baseline 0 -20"><span class='ocrx_word' id='word_1_174' title='bbox 420 2584 779 2646; x_wconf 87' lang='lat' dir='ltr'>discussoris</span> <span class='ocrx_word' id='word_1_175' title='bbox 812 2584 1088 2664; x_wconf 86' lang='lat' dir='ltr'>indagini</span> <span class='ocrx_word' id='word_1_176' title='bbox 1122 2586 1475 2648; x_wconf 89' lang='lat' dir='ltr'>inviolatam</span> <span class='ocrx_word' id='word_1_177' title='bbox 1507 2586 1789 2648; x_wconf 85' lang='lat' dir='ltr'>exhibere</span> <span class='ocrx_word' id='word_1_178' title='bbox 1824 2586 2281 2648; x_wconf 89' lang='lat' dir='ltr'>conscientiam.</span> <span class='ocrx_word' id='word_1_179' title='bbox 2346 2585 2550 2646; x_wconf 91' lang='lat' dir='ltr'>Nolite</span> <span class='ocrx_word' id='word_1_180' title='bbox 2583 2583 2897 2644; x_wconf 86' lang='lat' dir='ltr'>aestimare</span> <span class='ocrx_word' id='word_1_181' title='bbox 2930 2602 3031 2644; x_wconf 89' lang='lat' dir='ltr'>eas</span> 
     </span>
    </p>

    <p class='ocr_par' dir='ltr' id='par_1_8' title="bbox 295 2690 3036 3203">
     <span class='ocr_line' id='line_1_21' title="bbox 295 2690 3036 2773; baseline 0 -21"><span class='ocrx_word' id='word_1_182' title='bbox 295 2719 364 2751; x_wconf 62' lang='grc' dir='ltr'>πο</span> <span class='ocrx_word' id='word_1_183' title='bbox 419 2691 655 2753; x_wconf 89' lang='lat' dir='ltr'>animas</span> <span class='ocrx_word' id='word_1_184' title='bbox 705 2691 779 2754; x_wconf 89' lang='lat' dir='ltr'>de</span> <span class='ocrx_word' id='word_1_185' title='bbox 833 2692 1302 2773; x_wconf 89' lang='lat' dir='ltr'>inquisitoribus</span> <span class='ocrx_word' id='word_1_186' title='bbox 1349 2713 1474 2755; x_wconf 93' lang='lat' dir='ltr'>non</span> <span class='ocrx_word' id='word_1_187' title='bbox 1522 2694 1743 2755; x_wconf 88' lang='lat' dir='ltr'>habere</span> <span class='ocrx_word' id='word_1_188' title='bbox 1793 2692 2214 2770; x_wconf 88' lang='lat' dir='ltr'>formidinem,</span> <span class='ocrx_word' id='word_1_189' title='bbox 2262 2713 2416 2773; x_wconf 91' lang='lat' dir='ltr'>quas</span> <span class='ocrx_word' id='word_1_190' title='bbox 2462 2692 2613 2753; x_wconf 88' lang='lat' dir='ltr'>deus</span> <span class='ocrx_word' id='word_1_191' title='bbox 2645 2712 2788 2773; x_wconf 84' lang='lat' dir='ltr'>prae</span> <span class='ocrx_word' id='word_1_192' title='bbox 2821 2690 3036 2753; x_wconf 89' lang='lat' dir='ltr'>ceteris</span> 
     </span>
     <span class='ocr_line' id='line_1_22' title="bbox 418 2799 3031 2882; baseline -0.001 -21"><span class='ocrx_word' id='word_1_193' title='bbox 418 2819 536 2861; x_wconf 90' lang='lat' dir='ltr'>suo</span> <span class='ocrx_word' id='word_1_194' title='bbox 581 2800 908 2861; x_wconf 80' lang='lat' dir='ltr'>reservavit</span> <span class='ocrx_word' id='word_1_195' title='bbox 953 2800 1234 2864; x_wconf 85' lang='lat' dir='ltr'>examini.</span> <span class='ocrx_word' id='word_1_196' title='bbox 1300 2802 1445 2863; x_wconf 91' lang='lat' dir='ltr'>Non</span> <span class='ocrx_word' id='word_1_197' title='bbox 1491 2801 1673 2863; x_wconf 85' lang='lat' dir='ltr'>habet</span> <span class='ocrx_word' id='word_1_198' title='bbox 1722 2802 1885 2882; x_wconf 89' lang='lat' dir='ltr'>apud</span> <span class='ocrx_word' id='word_1_199' title='bbox 1934 2800 2110 2862; x_wconf 89' lang='lat' dir='ltr'>illum</span> <span class='ocrx_word' id='word_1_200' title='bbox 2145 2820 2284 2862; x_wconf 90' lang='lat' dir='ltr'>reus</span> <span class='ocrx_word' id='word_1_201' title='bbox 2318 2800 2392 2860; x_wconf 95' lang='lat' dir='ltr'>de</span> <span class='ocrx_word' id='word_1_202' title='bbox 2423 2799 2802 2879; x_wconf 84' lang='lat' dir='ltr'>allegationis</span> <span class='ocrx_word' id='word_1_203' title='bbox 2836 2799 3031 2859; x_wconf 86' lang='lat' dir='ltr'>nitore</span> 
     </span>
     <span class='ocr_line' id='line_1_23' title="bbox 419 2906 3033 2989; baseline -0.001 -22"><span class='ocrx_word' id='word_1_204' title='bbox 419 2906 786 2985; x_wconf 83' lang='lat' dir='ltr'>subsidium,</span> <span class='ocrx_word' id='word_1_205' title='bbox 834 2908 1089 2989; x_wconf 88' lang='lat' dir='ltr'>quando</span> <span class='ocrx_word' id='word_1_206' title='bbox 1135 2907 1272 2989; x_wconf 89' lang='lat' dir='ltr'>ipso</span> <span class='ocrx_word' id='word_1_207' title='bbox 1319 2907 1619 2969; x_wconf 82' lang='lat' dir='ltr'>factorum</span> <span class='ocrx_word' id='word_1_208' title='bbox 1668 2908 1858 2969; x_wconf 90' lang='lat' dir='ltr'>utitur</span> <span class='ocrx_word' id='word_1_209' title='bbox 1905 2922 2053 2969; x_wconf 89' lang='lat' dir='ltr'>teste</span> <span class='ocrx_word' id='word_1_210' title='bbox 2089 2926 2217 2987; x_wconf 90' lang='lat' dir='ltr'>quo</span> <span class='ocrx_word' id='word_1_211' title='bbox 2250 2906 2466 2967; x_wconf 90' lang='lat' dir='ltr'>iudice.</span> <span class='ocrx_word' id='word_1_212' title='bbox 2532 2907 2712 2968; x_wconf 86' lang='lat' dir='ltr'>Dicas</span> <span class='ocrx_word' id='word_1_213' title='bbox 2745 2906 3033 2966; x_wconf 86' lang='lat' dir='ltr'>forsitan:</span> 
     </span>
     <span class='ocr_line' id='line_1_24' title="bbox 417 3012 3034 3095; baseline -0.001 -20"><span class='ocrx_word' id='word_1_214' title='bbox 417 3014 709 3076; x_wconf 88' lang='lat' dir='ltr'>omnium</span> <span class='ocrx_word' id='word_1_215' title='bbox 755 3014 1100 3076; x_wconf 86' lang='lat' dir='ltr'>animarum</span> <span class='ocrx_word' id='word_1_216' title='bbox 1144 3015 1278 3076; x_wconf 89' lang='lat' dir='ltr'>talis</span> <span class='ocrx_word' id='word_1_217' title='bbox 1323 3016 1434 3076; x_wconf 88' lang='lat' dir='ltr'>erit</span> <span class='ocrx_word' id='word_1_218' title='bbox 1479 3015 1541 3076; x_wconf 94' lang='lat' dir='ltr'>in</span> <span class='ocrx_word' id='word_1_219' title='bbox 1580 3015 1680 3075; x_wconf 88' lang='lat' dir='ltr'>illa</span> <span class='ocrx_word' id='word_1_220' title='bbox 1713 3014 2146 3095; x_wconf 85' lang='lat' dir='ltr'>disceptatione</span> <span class='ocrx_word' id='word_1_221' title='bbox 2187 3013 2488 3076; x_wconf 91' lang='lat' dir='ltr'>condicio.</span> <span class='ocrx_word' id='word_1_222' title='bbox 2555 3012 2890 3094; x_wconf 89' lang='lat' dir='ltr'>Replicabo</span> <span class='ocrx_word' id='word_1_223' title='bbox 2925 3012 3034 3073; x_wconf 93' lang='lat' dir='ltr'>uni</span> 
     </span>
     <span class='ocr_line' id='line_1_25' title="bbox 419 3120 3032 3203; baseline -0.001 -21"><span class='ocrx_word' id='word_1_224' title='bbox 419 3121 688 3183; x_wconf 88' lang='lat' dir='ltr'>dictum:</span> <span class='ocrx_word' id='word_1_225' title='bbox 724 3129 787 3182; x_wconf 86' lang='lat' dir='ltr'>tu</span> <span class='ocrx_word' id='word_1_226' title='bbox 819 3142 882 3182; x_wconf 84' lang='lat' dir='ltr'>es</span> <span class='ocrx_word' id='word_1_227' title='bbox 914 3121 1134 3183; x_wconf 79' lang='lat' dir='ltr'>Petrus</span> <span class='ocrx_word' id='word_1_228' title='bbox 1168 3120 1400 3202; x_wconf 84' lang='lat' dir='ltr'>[Mattb.</span> <span class='ocrx_word' id='word_1_229' title='bbox 1446 3124 1517 3184; x_wconf 86' lang='lat'>16</span> <span class='ocrx_word' id='word_1_230' title='bbox 1553 3163 1612 3203; x_wconf 69' lang='lat'>13</span> <span class='ocrx_word' id='word_1_231' title='bbox 1656 3120 1713 3202; x_wconf 88' lang='lat' dir='ltr'>f.]</span> <span class='ocrx_word' id='word_1_232' title='bbox 1749 3140 1881 3197; x_wconf 90' lang='lat' dir='ltr'>etc.,</span> <span class='ocrx_word' id='word_1_233' title='bbox 1915 3137 1973 3182; x_wconf 92' lang='lat' dir='ltr'>et</span> <span class='ocrx_word' id='word_1_234' title='bbox 2006 3140 2217 3182; x_wconf 89' lang='lat' dir='ltr'>rursus</span> <span class='ocrx_word' id='word_1_235' title='bbox 2250 3135 2608 3183; x_wconf 89' lang='lat' dir='ltr'>sanctorum</span> <span class='ocrx_word' id='word_1_236' title='bbox 2642 3140 2791 3182; x_wconf 93' lang='lat' dir='ltr'>voce</span> <span class='ocrx_word' id='word_1_237' title='bbox 2828 3120 3032 3201; x_wconf 86' lang='lat' dir='ltr'>ponti-</span> 
     </span>
    </p>

    <p class='ocr_par' dir='ltr' id='par_1_9' title="bbox 295 3226 3036 3736">
     <span class='ocr_line' id='line_1_26' title="bbox 295 3226 3034 3309; baseline -0 -21"><span class='ocrx_word' id='word_1_238' title='bbox 295 3253 360 3297; x_wconf 84' lang='lat'>25</span> <span class='ocrx_word' id='word_1_239' title='bbox 418 3227 608 3289; x_wconf 90' lang='lat' dir='ltr'>ficum</span> <span class='ocrx_word' id='word_1_240' title='bbox 641 3228 999 3309; x_wconf 89' lang='lat' dir='ltr'>dignitatem</span> <span class='ocrx_word' id='word_1_241' title='bbox 1032 3229 1192 3291; x_wconf 90' lang='lat' dir='ltr'>sedis</span> <span class='ocrx_word' id='word_1_242' title='bbox 1226 3229 1358 3291; x_wconf 89' lang='lat' dir='ltr'>eius</span> <span class='ocrx_word' id='word_1_243' title='bbox 1390 3228 1610 3290; x_wconf 83' lang='lat' dir='ltr'>factam</span> <span class='ocrx_word' id='word_1_244' title='bbox 1641 3244 1776 3291; x_wconf 89' lang='lat' dir='ltr'>toto</span> <span class='ocrx_word' id='word_1_245' title='bbox 1807 3231 1956 3290; x_wconf 91' lang='lat' dir='ltr'>orbe</span> <span class='ocrx_word' id='word_1_246' title='bbox 1996 3228 2423 3295; x_wconf 81' lang='lat' dir='ltr'>venerabilem,</span> <span class='ocrx_word' id='word_1_247' title='bbox 2456 3228 2609 3289; x_wconf 89' lang='lat' dir='ltr'>dum</span> <span class='ocrx_word' id='word_1_248' title='bbox 2630 3227 2714 3289; x_wconf 90' lang='lat' dir='ltr'>illi</span> <span class='ocrx_word' id='word_1_249' title='bbox 2736 3226 3034 3309; x_wconf 89' lang='lat' dir='ltr'>quicquid</span> 
     </span>
     <span class='ocr_line' id='line_1_27' title="bbox 416 3334 3034 3416; baseline -0.001 -19"><span class='ocrx_word' id='word_1_250' title='bbox 416 3334 696 3398; x_wconf 89' lang='lat' dir='ltr'>fidelium</span> <span class='ocrx_word' id='word_1_251' title='bbox 729 3352 819 3398; x_wconf 90' lang='lat' dir='ltr'>est</span> <span class='ocrx_word' id='word_1_252' title='bbox 855 3336 1087 3416; x_wconf 84' lang='lat' dir='ltr'>ubique</span> <span class='ocrx_word' id='word_1_253' title='bbox 1118 3337 1515 3411; x_wconf 85' lang='lat' dir='ltr'>submittitur,</span> <span class='ocrx_word' id='word_1_254' title='bbox 1561 3338 1714 3398; x_wconf 84' lang='lat' dir='ltr'>dum</span> <span class='ocrx_word' id='word_1_255' title='bbox 1745 3337 1936 3399; x_wconf 90' lang='lat' dir='ltr'>totius</span> <span class='ocrx_word' id='word_1_256' title='bbox 1968 3336 2248 3416; x_wconf 89' lang='lat' dir='ltr'>corporis</span> <span class='ocrx_word' id='word_1_257' title='bbox 2280 3351 2461 3416; x_wconf 87' lang='lat' dir='ltr'>caput</span> <span class='ocrx_word' id='word_1_258' title='bbox 2492 3355 2623 3395; x_wconf 87' lang='lat' dir='ltr'>esse</span> <span class='ocrx_word' id='word_1_259' title='bbox 2658 3334 3034 3415; x_wconf 59' lang='lat' dir='ltr'>daeignatur,</span> 
     </span>
     <span class='ocr_line' id='line_1_28' title="bbox 418 3441 3036 3525; baseline -0.001 -22"><span class='ocrx_word' id='word_1_260' title='bbox 418 3443 499 3503; x_wconf 93' lang='lat' dir='ltr'>de</span> <span class='ocrx_word' id='word_1_261' title='bbox 545 3463 667 3523; x_wconf 86' lang='lat' dir='ltr'>qua</span> <span class='ocrx_word' id='word_1_262' title='bbox 714 3443 865 3504; x_wconf 85' lang='lat' dir='ltr'>mibi</span> <span class='ocrx_word' id='word_1_263' title='bbox 911 3442 1151 3504; x_wconf 89' lang='lat' dir='ltr'>videtur</span> <span class='ocrx_word' id='word_1_264' title='bbox 1180 3443 1414 3505; x_wconf 88' lang='lat' dir='ltr'>dictum</span> <span class='ocrx_word' id='word_1_265' title='bbox 1448 3462 1554 3524; x_wconf 86' lang='lat' dir='ltr'>per</span> <span class='ocrx_word' id='word_1_266' title='bbox 1587 3444 1988 3525; x_wconf 88' lang='lat' dir='ltr'>prophetam:</span> <span class='ocrx_word' id='word_1_267' title='bbox 2040 3445 2102 3503; x_wconf 79' lang='lat' dir='ltr'>si</span> <span class='ocrx_word' id='word_1_268' title='bbox 2145 3442 2292 3502; x_wconf 80' lang='lat' dir='ltr'>haec</span> <span class='ocrx_word' id='word_1_269' title='bbox 2327 3441 2714 3514; x_wconf 78' lang='lat' dir='ltr'>humiliatur,</span> <span class='ocrx_word' id='word_1_270' title='bbox 2748 3441 2833 3501; x_wconf 85' lang='lat' dir='ltr'>ad</span> <span class='ocrx_word' id='word_1_271' title='bbox 2858 3443 3036 3501; x_wconf 84' lang='lat' dir='ltr'>cuius</span> 
     </span>
     <span class='ocr_line' id='line_1_29' title="bbox 412 3544 3035 3632; baseline -0.001 -23"><span class='ocrx_word' id='word_1_272' title='bbox 412 3550 672 3629; x_wconf 67' lang='lat' dir='ltr'>fitgietis</span> <span class='ocrx_word' id='word_1_273' title='bbox 718 3550 1044 3624; x_wconf 76' lang='lat' dir='ltr'>auxilium,</span> <span class='ocrx_word' id='word_1_274' title='bbox 1090 3556 1150 3610; x_wconf 85' lang='lat' dir='ltr'>et</span> <span class='ocrx_word' id='word_1_275' title='bbox 1192 3550 1302 3611; x_wconf 81' lang='lat' dir='ltr'>ubi</span> <span class='ocrx_word' id='word_1_276' title='bbox 1343 3551 1702 3632; x_wconf 81' lang='lat' dir='ltr'>relinquetis</span> <span class='ocrx_word' id='word_1_277' title='bbox 1738 3551 2012 3631; x_wconf 82' lang='lat' dir='ltr'>gloriam</span> <span class='ocrx_word' id='word_1_278' title='bbox 2059 3555 2321 3609; x_wconf 84' lang='lat' dir='ltr'>vestram</span> <span class='ocrx_word' id='word_1_279' title='bbox 2338 3548 2374 3608; x_wconf 66' lang='grc' dir='ltr'><strong><em>ἓ</em></strong></span> <span class='ocrx_word' id='word_1_280' title='bbox 2450 3545 2583 3627; x_wconf 84' lang='lat' dir='ltr'>[JeS.</span> <span class='ocrx_word' id='word_1_281' title='bbox 2643 3568 2716 3608; x_wconf 87' lang='lat' dir='ltr'>to</span> <span class='ocrx_word' id='word_1_282' title='bbox 2738 3544 2809 3627; x_wconf 76' lang='lat'>3.]</span> <span class='ocrx_word' id='word_1_283' title='bbox 2891 3545 2947 3626; x_wconf 83' lang='lat' dir='ltr'>[l.</span> <span class='ocrx_word' id='word_1_284' title='bbox 2985 3565 3035 3607; x_wconf 88' lang='lat' dir='ltr'>c.</span> 
     </span>
     <span class='ocr_line' id='line_1_30' title="bbox 425 3654 865 3736; baseline 0.002 -21"><span class='ocrx_word' id='word_1_285' title='bbox 425 3656 576 3735; x_wconf 77' lang='lat'>316,</span> <span class='ocrx_word' id='word_1_286' title='bbox 610 3654 865 3736; x_wconf 80' lang='lat'><strong>6—-24,]</strong></span> 
     </span>
    </p>
   </div>
   <div class='ocr_carea' id='block_1_6' title="bbox 297 3810 2361 3880">
    <p class='ocr_par' dir='ltr' id='par_1_10' title="bbox 297 3810 2361 3880">
     <span class='ocr_line' id='line_1_31' title="bbox 297 3810 2361 3880; baseline 0 -15"><span class='ocrx_word' id='word_1_287' title='bbox 297 3819 368 3865; x_wconf 79' lang='lat'>30</span> <span class='ocrx_word' id='word_1_288' title='bbox 1109 3810 1205 3867; x_wconf 77' lang='lat'>82.</span> <span class='ocrx_word' id='word_1_289' title='bbox 1255 3811 1719 3867; x_wconf 74' lang='lat' dir='ltr'>SYMMACHUS</span> <span class='ocrx_word' id='word_1_290' title='bbox 1759 3810 1958 3865; x_wconf 75' lang='lat' dir='ltr'>PAPA</span> <span class='ocrx_word' id='word_1_291' title='bbox 1998 3810 2361 3880; x_wconf 67' lang='lat' dir='ltr'>(tas—514).</span> 
     </span>
    </p>
   </div>
   <div class='ocr_carea' id='block_1_7' title="bbox 425 3946 3026 4105">
    <p class='ocr_par' dir='ltr' id='par_1_11' title="bbox 425 3946 3026 4105">
     <span class='ocr_line' id='line_1_32' title="bbox 637 3946 3026 4025; baseline -0.003 -18"><span class='ocrx_word' id='word_1_292' title='bbox 637 3953 665 3982; x_wconf 77' lang='lat'><strong>‘</strong></span> <span class='ocrx_word' id='word_1_293' title='bbox 704 3950 952 4020; x_wconf 85' lang='lat' dir='ltr'>Thiel,</span> <span class='ocrx_word' id='word_1_294' title='bbox 990 3955 1142 4025; x_wconf 84' lang='lat' dir='ltr'>Epist</span> <span class='ocrx_word' id='word_1_295' title='bbox 1181 3955 1335 4008; x_wconf 85' lang='lat' dir='ltr'>Rom.</span> <span class='ocrx_word' id='word_1_296' title='bbox 1364 3953 1517 4006; x_wconf 85' lang='lat' dir='ltr'>Pont.</span> <span class='ocrx_word' id='word_1_297' title='bbox 1542 3952 1580 4007; x_wconf 90' lang='lat'>1.</span> <span class='ocrx_word' id='word_1_298' title='bbox 1608 3970 1662 4024; x_wconf 91' lang='lat' dir='ltr'>p.</span> <span class='ocrx_word' id='word_1_299' title='bbox 1687 3950 1989 4025; x_wconf 81' lang='lat'>700-708.</span> <span class='ocrx_word' id='word_1_300' title='bbox 2042 3950 2131 4006; x_wconf 87' lang='lat' dir='ltr'>Mi</span> <span class='ocrx_word' id='word_1_301' title='bbox 2148 3968 2239 4023; x_wconf 87' lang='lat' dir='ltr'>gn</span> <span class='ocrx_word' id='word_1_302' title='bbox 2258 3967 2313 4013; x_wconf 84' lang='lat' dir='ltr'>e,</span> <span class='ocrx_word' id='word_1_303' title='bbox 2344 3949 2493 4005; x_wconf 80' lang='lat' dir='ltr'>Patr.</span> <span class='ocrx_word' id='word_1_304' title='bbox 2522 3950 2636 4004; x_wconf 80' lang='lat' dir='ltr'>Lat.</span> <span class='ocrx_word' id='word_1_305' title='bbox 2664 3951 2732 4005; x_wconf 90' lang='lat' dir='ltr'>T.</span> <span class='ocrx_word' id='word_1_306' title='bbox 2761 3948 2826 4003; x_wconf 82' lang='lat'>62</span> <span class='ocrx_word' id='word_1_307' title='bbox 2856 3965 2909 4019; x_wconf 91' lang='lat' dir='ltr'>p.</span> <span class='ocrx_word' id='word_1_308' title='bbox 2939 3946 3026 4002; x_wconf 84' lang='lat'>66.</span> 
     </span>
     <span class='ocr_line' id='line_1_33' title="bbox 425 4031 2602 4105; baseline -0.002 -16"><span class='ocrx_word' id='word_1_309' title='bbox 425 4033 922 4103; x_wconf 87' lang='lat' dir='ltr'>Crivellucci,</span> <span class='ocrx_word' id='word_1_310' title='bbox 959 4037 1156 4089; x_wconf 84' lang='lat' dir='ltr'>Storia.</span> <span class='ocrx_word' id='word_1_311' title='bbox 1186 4035 1224 4088; x_wconf 93' lang='lat'>1.</span> <span class='ocrx_word' id='word_1_312' title='bbox 1251 4051 1305 4105; x_wconf 91' lang='lat' dir='ltr'>p.</span> <span class='ocrx_word' id='word_1_313' title='bbox 1333 4036 1526 4105; x_wconf 85' lang='lat'>56—7.</span> <span class='ocrx_word' id='word_1_314' title='bbox 1580 4034 1680 4089; x_wconf 92' lang='lat' dir='ltr'>Lo</span> <span class='ocrx_word' id='word_1_315' title='bbox 1701 4031 1947 4105; x_wconf 72' lang='lat' dir='ltr'>caing.</span> <span class='ocrx_word' id='word_1_316' title='bbox 1994 4032 2329 4088; x_wconf 60' lang='lat' dir='ltr'>Geso-hichie.</span> <span class='ocrx_word' id='word_1_317' title='bbox 2371 4031 2407 4085; x_wconf 94' lang='lat'>1.</span> <span class='ocrx_word' id='word_1_318' title='bbox 2434 4049 2487 4103; x_wconf 91' lang='lat' dir='ltr'>p.</span> <span class='ocrx_word' id='word_1_319' title='bbox 2516 4050 2602 4103; x_wconf 86' lang='lat'>94.</span> 
     </span>
    </p>
   </div>
   <div class='ocr_carea' id='block_1_8' title="bbox 477 4138 2989 4310">
    <p class='ocr_par' dir='ltr' id='par_1_12' title="bbox 477 4138 2989 4310">
     <span class='ocr_line' id='line_1_34' title="bbox 477 4138 2989 4229; baseline -0.003 -16"><span class='ocrx_word' id='word_1_320' title='bbox 477 4157 707 4229; x_wconf 83' lang='lat' dir='ltr'>Epist.</span> <span class='ocrx_word' id='word_1_321' title='bbox 747 4157 813 4212; x_wconf 92' lang='lat' dir='ltr'>X.</span> <span class='ocrx_word' id='word_1_322' title='bbox 853 4138 1008 4228; x_wconf 68' lang='lat' dir='ltr'>(post</span> <span class='ocrx_word' id='word_1_323' title='bbox 1046 4175 1095 4212; x_wconf 88' lang='lat' dir='ltr'>a.</span> <span class='ocrx_word' id='word_1_324' title='bbox 1125 4158 1247 4229; x_wconf 71' lang='lat'><strong>506)</strong></span> <span class='ocrx_word' id='word_1_325' title='bbox 1288 4175 1414 4212; x_wconf 89' lang='lat' dir='ltr'>seu</span> <span class='ocrx_word' id='word_1_326' title='bbox 1454 4155 2025 4228; x_wconf 84' lang='lat' dir='ltr'>Apologeticus</span> <span class='ocrx_word' id='word_1_327' title='bbox 2064 4156 2466 4210; x_wconf 84' lang='lat' dir='ltr'>adversum</span> <span class='ocrx_word' id='word_1_328' title='bbox 2501 4151 2989 4209; x_wconf 84' lang='lat' dir='ltr'>Anastasium</span> 
     </span>
     <span class='ocr_line' id='line_1_35' title="bbox 853 4236 2610 4310; baseline -0.002 -18"><span class='ocrx_word' id='word_1_329' title='bbox 853 4238 1422 4310; x_wconf 89' lang='lat' dir='ltr'>Imperatorem.</span> <span class='ocrx_word' id='word_1_330' title='bbox 1485 4237 1716 4309; x_wconf 73' lang='lat' dir='ltr'>[Jaffd-</span> <span class='ocrx_word' id='word_1_331' title='bbox 1737 4237 2140 4294; x_wconf 71' lang='lat' dir='ltr'>wattenbach</span> <span class='ocrx_word' id='word_1_332' title='bbox 2180 4255 2233 4291; x_wconf 89' lang='lat' dir='ltr'>n.</span> <span class='ocrx_word' id='word_1_333' title='bbox 2270 4236 2373 4304; x_wconf 88' lang='lat'>761</span> <span class='ocrx_word' id='word_1_334' title='bbox 2418 4238 2610 4306; x_wconf 79' lang='lat'>(475)].</span> 
     </span>
    </p>
   </div>
   <div class='ocr_carea' id='block_1_9' title="bbox 293 4352 3040 4975">
    <p class='ocr_par' dir='ltr' id='par_1_13' title="bbox 293 4352 3040 4866">
     <span class='ocr_line' id='line_1_36' title="bbox 293 4352 3035 4440; baseline -0.003 -18"><span class='ocrx_word' id='word_1_335' title='bbox 293 4386 365 4433; x_wconf 77' lang='lat'>35</span> <span class='ocrx_word' id='word_1_336' title='bbox 644 4362 699 4421; x_wconf 90' lang='lat'>8.</span> <span class='ocrx_word' id='word_1_337' title='bbox 763 4359 1179 4422; x_wconf 87' lang='lat' dir='ltr'>Conferamus</span> <span class='ocrx_word' id='word_1_338' title='bbox 1227 4374 1434 4420; x_wconf 85' lang='lat' dir='ltr'>autem</span> <span class='ocrx_word' id='word_1_339' title='bbox 1487 4359 1794 4420; x_wconf 88' lang='lat' dir='ltr'>honorem</span> <span class='ocrx_word' id='word_1_340' title='bbox 1826 4358 2212 4440; x_wconf 89' lang='lat' dir='ltr'>imperatoris</span> <span class='ocrx_word' id='word_1_341' title='bbox 2246 4376 2386 4418; x_wconf 88' lang='lat' dir='ltr'>cum</span> <span class='ocrx_word' id='word_1_342' title='bbox 2426 4357 2665 4418; x_wconf 88' lang='lat' dir='ltr'>honore</span> <span class='ocrx_word' id='word_1_343' title='bbox 2698 4352 3035 4437; x_wconf 89' lang='lat' dir='ltr'>pontificis:</span> 
     </span>
     <span class='ocr_line' id='line_1_37' title="bbox 424 4462 3036 4546; baseline -0.003 -18"><span class='ocrx_word' id='word_1_344' title='bbox 424 4468 586 4529; x_wconf 89' lang='lat' dir='ltr'>inter</span> <span class='ocrx_word' id='word_1_345' title='bbox 618 4483 778 4546; x_wconf 91' lang='lat' dir='ltr'>quos</span> <span class='ocrx_word' id='word_1_346' title='bbox 810 4481 1050 4527; x_wconf 91' lang='lat' dir='ltr'>tantum</span> <span class='ocrx_word' id='word_1_347' title='bbox 1084 4466 1280 4537; x_wconf 81' lang='lat' dir='ltr'>distat,</span> <span class='ocrx_word' id='word_1_348' title='bbox 1314 4481 1619 4544; x_wconf 89' lang='lat' dir='ltr'>quantum</span> <span class='ocrx_word' id='word_1_349' title='bbox 1652 4466 1750 4526; x_wconf 90' lang='lat' dir='ltr'>ille</span> <span class='ocrx_word' id='word_1_350' title='bbox 1785 4484 1993 4526; x_wconf 88' lang='lat' dir='ltr'>rerum</span> <span class='ocrx_word' id='word_1_351' title='bbox 2027 4466 2443 4525; x_wconf 87' lang='lat' dir='ltr'>humanarum</span> <span class='ocrx_word' id='word_1_352' title='bbox 2476 4481 2685 4523; x_wconf 86' lang='lat' dir='ltr'>curam</span> <span class='ocrx_word' id='word_1_353' title='bbox 2716 4462 2891 4540; x_wconf 92' lang='lat' dir='ltr'>gerit,</span> <span class='ocrx_word' id='word_1_354' title='bbox 2927 4462 3036 4521; x_wconf 89' lang='lat' dir='ltr'>iste</span> 
     </span>
     <span class='ocr_line' id='line_1_38' title="bbox 426 4568 3038 4654; baseline -0.002 -19"><span class='ocrx_word' id='word_1_355' title='bbox 426 4573 792 4635; x_wconf 87' lang='lat' dir='ltr'>divinarum.</span> <span class='ocrx_word' id='word_1_356' title='bbox 838 4571 940 4633; x_wconf 94' lang='lat' dir='ltr'>Tu</span> <span class='ocrx_word' id='word_1_357' title='bbox 975 4573 1309 4654; x_wconf 88' lang='lat' dir='ltr'>imperator</span> <span class='ocrx_word' id='word_1_358' title='bbox 1340 4592 1374 4632; x_wconf 89' lang='lat' dir='ltr'>a</span> <span class='ocrx_word' id='word_1_359' title='bbox 1410 4570 1697 4653; x_wconf 81' lang='lat' dir='ltr'>pontifice</span> <span class='ocrx_word' id='word_1_360' title='bbox 1734 4572 2110 4654; x_wconf 90' lang='lat' dir='ltr'>baptismum</span> <span class='ocrx_word' id='word_1_361' title='bbox 2144 4571 2384 4651; x_wconf 89' lang='lat' dir='ltr'>accipis,</span> <span class='ocrx_word' id='word_1_362' title='bbox 2415 4583 2792 4631; x_wconf 87' lang='lat' dir='ltr'>sacramenta</span> <span class='ocrx_word' id='word_1_363' title='bbox 2824 4568 3038 4641; x_wconf 84' lang='lat' dir='ltr'>sumis,</span> 
     </span>
     <span class='ocr_line' id='line_1_39' title="bbox 426 4677 3035 4761; baseline -0.003 -18"><span class='ocrx_word' id='word_1_364' title='bbox 426 4681 771 4743; x_wconf 88' lang='lat' dir='ltr'>orationem</span> <span class='ocrx_word' id='word_1_365' title='bbox 808 4679 1028 4761; x_wconf 87' lang='lat' dir='ltr'>poscis,</span> <span class='ocrx_word' id='word_1_366' title='bbox 1066 4678 1561 4740; x_wconf 89' lang='lat' dir='ltr'>benedictionem</span> <span class='ocrx_word' id='word_1_367' title='bbox 1594 4698 1820 4760; x_wconf 89' lang='lat' dir='ltr'>speras,</span> <span class='ocrx_word' id='word_1_368' title='bbox 1854 4679 2297 4760; x_wconf 87' lang='lat' dir='ltr'>poenitentiam</span> <span class='ocrx_word' id='word_1_369' title='bbox 2334 4697 2533 4756; x_wconf 87' lang='lat' dir='ltr'>rogas.</span> <span class='ocrx_word' id='word_1_370' title='bbox 2619 4677 2938 4736; x_wconf 85' lang='lat' dir='ltr'>Postremo</span> <span class='ocrx_word' id='word_1_371' title='bbox 2972 4691 3035 4735; x_wconf 92' lang='lat' dir='ltr'>tu</span> 
     </span>
     <span class='ocr_line' id='line_1_40' title="bbox 427 4781 3040 4866; baseline -0.004 -16"><span class='ocrx_word' id='word_1_372' title='bbox 427 4789 702 4850; x_wconf 86' lang='lat' dir='ltr'>humana</span> <span class='ocrx_word' id='word_1_373' title='bbox 736 4786 1143 4864; x_wconf 89' lang='lat' dir='ltr'>administras,</span> <span class='ocrx_word' id='word_1_374' title='bbox 1175 4785 1273 4846; x_wconf 87' lang='lat' dir='ltr'>ille</span> <span class='ocrx_word' id='word_1_375' title='bbox 1307 4785 1414 4846; x_wconf 90' lang='lat' dir='ltr'>tibi</span> <span class='ocrx_word' id='word_1_376' title='bbox 1447 4785 1648 4846; x_wconf 87' lang='lat' dir='ltr'>divina</span> <span class='ocrx_word' id='word_1_377' title='bbox 1682 4785 2013 4866; x_wconf 88' lang='lat' dir='ltr'>dispensat.</span> <span class='ocrx_word' id='word_1_378' title='bbox 2048 4784 2255 4864; x_wconf 90' lang='lat' dir='ltr'>Itaque</span> <span class='ocrx_word' id='word_1_379' title='bbox 2280 4799 2346 4845; x_wconf 90' lang='lat' dir='ltr'>ut</span> <span class='ocrx_word' id='word_1_380' title='bbox 2369 4802 2497 4844; x_wconf 91' lang='lat' dir='ltr'>non</span> <span class='ocrx_word' id='word_1_381' title='bbox 2517 4783 2718 4844; x_wconf 86' lang='lat' dir='ltr'>dicam</span> <span class='ocrx_word' id='word_1_382' title='bbox 2740 4781 3040 4863; x_wconf 85' lang='lat' dir='ltr'>superior,</span> 
     </span>
    </p>

    <p class='ocr_par' dir='ltr' id='par_1_14' title="bbox 295 4888 3039 4975">
     <span class='ocr_line' id='line_1_41' title="bbox 295 4888 3039 4975; baseline -0.003 -18"><span class='ocrx_word' id='word_1_383' title='bbox 295 4922 377 4967; x_wconf 66' lang='lat'>⁴0</span> <span class='ocrx_word' id='word_1_384' title='bbox 428 4911 588 4957; x_wconf 89' lang='lat' dir='ltr'>certe</span> <span class='ocrx_word' id='word_1_385' title='bbox 637 4893 910 4975; x_wconf 84' lang='lat' dir='ltr'>aequalis</span> <span class='ocrx_word' id='word_1_386' title='bbox 954 4896 1158 4957; x_wconf 88' lang='lat' dir='ltr'>honor</span> <span class='ocrx_word' id='word_1_387' title='bbox 1189 4911 1292 4956; x_wconf 88' lang='lat' dir='ltr'>est.</span> <span class='ocrx_word' id='word_1_388' title='bbox 1371 4895 1500 4955; x_wconf 89' lang='lat' dir='ltr'>Nec</span> <span class='ocrx_word' id='word_1_389' title='bbox 1546 4910 1604 4955; x_wconf 92' lang='lat' dir='ltr'>te</span> <span class='ocrx_word' id='word_1_390' title='bbox 1656 4908 1832 4973; x_wconf 88' lang='lat' dir='ltr'>putes</span> <span class='ocrx_word' id='word_1_391' title='bbox 1883 4891 2102 4952; x_wconf 91' lang='lat' dir='ltr'>mundi</span> <span class='ocrx_word' id='word_1_392' title='bbox 2140 4909 2367 4971; x_wconf 87' lang='lat' dir='ltr'>pompa</span> <span class='ocrx_word' id='word_1_393' title='bbox 2404 4889 2797 4972; x_wconf 88' lang='lat' dir='ltr'>praecellere:</span> <span class='ocrx_word' id='word_1_394' title='bbox 2865 4888 3039 4968; x_wconf 83' lang='lat' dir='ltr'>Quia</span> 
     </span>
    </p>
   </div>
   <div class='ocr_carea' id='block_1_10' title="bbox 429 4994 3037 5153">
    <p class='ocr_par' dir='ltr' id='par_1_15' title="bbox 429 4994 3037 5153">
     <span class='ocr_line' id='line_1_42' title="bbox 429 4994 3037 5085; baseline -0.003 -21"><span class='ocrx_word' id='word_1_395' title='bbox 429 5003 596 5085; x_wconf 77' lang='lat' dir='ltr'>quod</span> <span class='ocrx_word' id='word_1_396' title='bbox 638 5003 954 5075; x_wconf 82' lang='lat' dir='ltr'>infirmum</span> <span class='ocrx_word' id='word_1_397' title='bbox 987 5002 1138 5077; x_wconf 79' lang='lat' dir='ltr'>Dei,</span> <span class='ocrx_word' id='word_1_398' title='bbox 1164 5005 1404 5082; x_wconf 81' lang='lat' dir='ltr'>fortius</span> <span class='ocrx_word' id='word_1_399' title='bbox 1452 5008 1544 5062; x_wconf 83' lang='lat' dir='ltr'>est</span> <span class='ocrx_word' id='word_1_400' title='bbox 1573 4999 1942 5061; x_wconf 78' lang='lat' dir='ltr'>hominibus.</span> <span class='ocrx_word' id='word_1_401' title='bbox 1993 4997 2042 5077; x_wconf 81' lang='lat' dir='ltr'>[t</span> <span class='ocrx_word' id='word_1_402' title='bbox 2088 4999 2235 5059; x_wconf 86' lang='lat' dir='ltr'>Cor.</span> <span class='ocrx_word' id='word_1_403' title='bbox 2284 5018 2334 5074; x_wconf 85' lang='lat'>1,</span> <span class='ocrx_word' id='word_1_404' title='bbox 2370 4994 2491 5077; x_wconf 84' lang='lat'>25.]</span> <span class='ocrx_word' id='word_1_405' title='bbox 2556 4996 2763 5077; x_wconf 89' lang='lat' dir='ltr'>ltaque</span> <span class='ocrx_word' id='word_1_406' title='bbox 2798 4995 3037 5069; x_wconf 88' lang='lat' dir='ltr'>videris,</span> 
     </span>
     <span class='ocr_line' id='line_1_43' title="bbox 2652 5098 2716 5153; baseline 0 -25"><span class='ocrx_word' id='word_1_407' title='bbox 2652 5098 2716 5153; x_wconf 77' lang='lat'>3·</span> 
     </span>
    </p>
   </div>
  </div>
 </body>
</html>
