3684 5416
512 1541 561 1572 to

606 389 719 443 492
1686 373 1859 428 Curia
1900 391 2158 429 romana.

825 564 855 625 5
914 574 1008 618 ιο.
1073 556 1388 618 Praeterea
1435 556 1782 634 statuimuS,
1831 573 1891 619 et
1936 558 2118 619 etiam
2166 560 2548 636 ordinamus,
2602 559 2775 639 quod
2818 576 2943 621 tam
2993 560 3229 621 Notarii

612 681 935 724 causarum
981 662 1124 725 dicti
1173 663 1399 738 Palatii,
1445 683 1639 745 quam
1684 664 1868 725 etiam
1917 665 2374 743 Procuratores,
2421 682 2478 727 et
2511 667 2808 728 Advocati
2857 668 3231 749 pauperibus

611 767 865 832 clericis
909 768 976 831 in
1021 769 1180 832 dicta
1212 769 1403 832 Curia
1446 790 1633 854 super
1665 772 1988 852 quibusvis
2021 772 2336 834 beneficiis
2368 772 2799 835 Ecclesiasticis
2834 773 3231 855 litigantibuS,

612 877 719 956 qui
752 875 1083 955 juraverint
1112 898 1179 940 se
1212 897 1326 959 pro
1357 879 1484 940 suis
1517 878 1715 940 causis
1746 877 2153 941 defendendis
2186 880 2478 963 pecunias
2512 899 2644 942 non
2676 881 2920 954 habere,
2951 880 3135 958 gratis
3166 880 3229 941 in

613 984 970 1064 hujusmodi
1017 985 1301 1063 scribant,
1347 986 1799 1067 scripturasque
1832 987 2090 1064 tradant,
2126 987 2336 1068 eisque
2372 987 2844 1068 procurationis,
2879 1001 2939 1047 et
2969 988 3230 1048 advoca-

611 1090 797 1152 tionis
830 1090 1129 1169 officium,
1169 1093 1574 1172 patronicum,
1607 1107 1666 1153 et
1699 1092 1972 1154 favorem
2005 1093 2185 1154 etiam
2221 1094 2405 1172 gratis
2439 1093 2814 1176 impendant,
2845 1093 2922 1153 ad
2955 1112 3112 1174 quae
3145 1093 3231 1154 fa-

612 1193 830 1259 cienda
876 1217 984 1260 eos
1034 1218 1144 1280 per
1173 1199 1542 1261 Auditorem
1579 1218 1787 1262 coram
1821 1220 1951 1281 quo
1983 1220 2168 1262 causa
2199 1200 2487 1282 pendebit
2519 1199 2804 1283 compelli
2838 1220 3019 1283 posse
3052 1199 3231 1262 volu-

613 1323 755 1366 mus
788 1304 1076 1366 remediis
1108 1306 1497 1387 opportunis

828 1419 858 1480 5
917 1431 935 1470 1
962 1431 1009 1471 1.
1075 1412 1430 1474 Advocatos
1477 1411 1682 1487 etiam,
1715 1427 1772 1472 et
1807 1412 2240 1473 Procuratores
2270 1411 2728 1474 constitutionis
2758 1413 3018 1474 Joannis
3048 1412 3233 1475 XXII.

614 1533 671 1579 et
705 1516 988 1596 Gregorii
1022 1518 1141 1594 XL,
1175 1519 1714 1600 praedecessorum
1750 1518 2208 1598 praedictorum
2240 1538 2427 1600 super
2458 1519 2579 1580 hoc
2612 1519 2806 1580 editas
2836 1539 2990 1600 quas
3018 1539 3232 1581 secum

615 1641 935 1690 teneantur
969 1627 1212 1703 habere,
1247 1625 1570 1705 diligenter
1603 1625 2007 1706 praecipimus
2046 1627 2390 1704 observare,
2431 1641 2489 1687 et
2521 1628 2877 1709 praesertim
2909 1627 2973 1687 in
3004 1627 3232 1688 exami-

617 1733 865 1795 natione
897 1751 1133 1809 causae,
1165 1732 1215 1794 si
1248 1731 1405 1810 justa
1438 1732 1578 1810 sibi,
1611 1733 1708 1794 vel
1742 1731 1963 1811 injusta
1997 1751 2129 1793 esse
2160 1732 2455 1810 videatur,
2488 1733 2566 1794 ita
2588 1748 2655 1794 ut
2675 1734 2911 1795 nullam
2932 1734 3233 1814 agendam

615 1839 906 1918 injustam
939 1859 1207 1915 causam,
1242 1841 1339 1902 vel
1370 1839 1827 1901 defendendam
1847 1839 2107 1901 scienter
2126 1840 2479 1920 suscipiant,
2499 1856 2557 1901 et
2577 1839 2655 1901 de
2678 1841 2797 1902 hoc
2817 1839 3234 1918 juramentum

518 2019 523 2022 ¹
618 1963 939 2027 praestent,
985 1965 1043 2009 et
1076 1949 1427 2023 observent,
1462 1962 1648 2027 prout
1679 1945 1743 2008 in
1777 1946 1951 2008 dictis
1983 1945 2528 2007 constitutionibus
2559 1946 2750 2008 extitit
2780 1946 3101 2008 salubriter
3131 1965 3235 2007 or-

515 2076 559 2118 ¹5

509 2611 563 2642 20

511 3681 564 3725 ⁴30

512 4215 563 4258 35

617 2055 919 2117 dinatum.

830 2172 860 2232 5
919 2183 1011 2225 12.
1071 2160 1345 2223 Caveant
1394 2177 1605 2222 autem
1652 2181 1685 2221 a
1732 2160 2139 2222 tumultuosis
2185 2160 2562 2222 clamoribus
2606 2161 2670 2222 in
2714 2160 3133 2239 Consistoriis,
3177 2176 3237 2221 et

617 2269 967 2347 audientiis,
990 2288 1105 2331 nec
1127 2286 1427 2349 umquam
1450 2267 1659 2349 plures
1678 2267 1866 2329 simul
1886 2270 2240 2347 loquantur,
2260 2267 2465 2328 donec
2483 2268 2837 2329 Advocatus
2859 2287 3234 2350 proponens,

618 2377 712 2437 vel
761 2377 1145 2457 respondens
1191 2392 1548 2436 sermonem
1594 2373 2010 2454 compleverit,
2058 2373 2214 2434 alius
2258 2372 2384 2435 sive
2430 2374 2726 2451 ejusdem,
2774 2374 2900 2436 sive
2951 2374 3236 2435 adversae

619 2482 802 2563 partis
823 2483 1198 2558 Advocatus,
1221 2480 1564 2560 quidquam
1588 2480 1789 2541 dicere
1812 2497 1945 2541 non
1966 2496 2332 2561 praesumat.
2387 2481 2593 2542 Liceat
2612 2481 3000 2543 Procuratori
3019 2500 3236 2542 causae

619 2589 994 2670 proponenti
1029 2590 1352 2650 Advocato
1394 2604 1558 2650 retro
1604 2587 1903 2663 assistere,
1937 2603 2005 2648 ut
2037 2587 2086 2649 si
2119 2587 2274 2668 quid
2307 2587 2515 2649 forsan
2547 2588 2646 2650 ille
2679 2589 2974 2666 omiserit,
3011 2608 3232 2669 procu·

618 2713 781 2759 rator
813 2696 891 2758 ad
924 2695 1293 2760 memoriam
1328 2711 1591 2760 revocet.
1625 2711 1685 2757 et
1715 2695 1986 2759 reducat.

831 2813 861 2873 5
906 2824 998 2884 13·
1047 2804 1388 2867 Statuimus
1433 2819 1643 2865 autem
1684 2818 1871 2882 prout
1902 2802 2085 2863 etiam
2116 2801 2247 2881 jura
2280 2802 2643 2884 disponunt,
2680 2819 2747 2864 ut
2780 2802 2990 2863 nullus
3021 2803 3234 2864 Advo-

618 2927 808 2986 catus,
847 2909 940 2969 vel
976 2910 1342 2970 Procurator
1374 2909 1483 2990 qui
1514 2910 1707 2970 semel
1740 2908 1855 2971 uni
1886 2908 2039 2990 parti
2070 2908 2133 2969 in
2165 2908 2373 2989 aliqua
2404 2927 2585 2969 causa
2617 2908 2968 2986 consilium,
3001 2910 3093 2970 vel
3129 2929 3233 2991 pa·

617 3015 971 3092 trocinium‚
1016 3016 1271 3093 dederit,
1320 3016 1473 3098 parti
1516 3016 1803 3077 adversae
1852 3016 1916 3076 in
1963 3015 2178 3077 eadem
2225 3034 2409 3076 causa
2452 3016 2866 3098 patrocinium
2897 3015 2992 3076 vel
3024 3016 3227 3077 consi-

543 3145 556 3154 ·
618 3123 773 3184 lium
822 3137 1100 3202 praestet,
1148 3142 1258 3183 seu
1306 3141 1554 3183 causam
1600 3122 1792 3203 ipsius
1837 3138 1993 3203 agat,
2039 3122 2134 3183 vel
2180 3121 2487 3198 defendat,
2537 3121 2651 3183 nisi
2701 3122 2852 3183 facta
2885 3123 3235 3184 Advocato-

619 3248 774 3307 rum,
821 3244 928 3290 aut
960 3229 1444 3290 Procuratorum
1475 3227 1927 3303 distributione,
1961 3228 2319 3289 auctoritate
2349 3228 2569 3307 judicis
2601 3230 3020 3309 compellatur.
3085 3229 3236 3306 Quo

618 3356 761 3399 casu
811 3337 887 3397 de
934 3335 1028 3396 his
1076 3354 1236 3416 quae
1282 3337 1358 3397 ab
1390 3334 1493 3397 illa
1527 3335 1722 3416 prima
1758 3351 1923 3415 parte
1956 3335 2019 3396 in
2050 3354 2231 3396 causa
2271 3334 2570 3415 didicerit,
2602 3355 2951 3416 numquam
2984 3337 3234 3398 alteram

617 3444 852 3521 doceat,
901 3459 1009 3504 aut
1053 3462 1127 3504 ex
1173 3442 1291 3505 illis
1338 3443 1456 3504 nisi
1491 3445 1566 3503 ab
1599 3442 1818 3507 eadem
1851 3458 2018 3523 parte
2066 3442 2346 3503 didicerit
2376 3442 2786 3524 patrocinium
2818 3460 3099 3525 praestet.
3165 3445 3237 3505 Et

617 3551 666 3611 si
711 3566 922 3612 contra
968 3550 1301 3633 praemissa
1351 3550 1576 3626 fecerit,
1627 3549 2287 3611 excommunicationis
2318 3550 2707 3627 sententiam,
2739 3566 2799 3611 et
2829 3551 2974 3612 alias
3009 3570 3239 3633 poenas

617 3658 765 3738 juris
810 3657 1096 3736 incurrat,
1142 3678 1211 3718 ac
1257 3677 1374 3720 suo
1427 3656 1695 3739 privetur
1734 3655 1965 3731 officio,
1997 3656 2072 3716 ad
2108 3656 2402 3717 interesse
2435 3656 2620 3737 partis
2651 3657 3062 3720 nibilominus
3091 3678 3240 3719 con-

619 3764 1027 3827 demnanduS.

833 3881 863 3942 5
923 3891 1017 3951 ι4.
1080 3872 1154 3931 Et
1193 3871 1339 3951 quia
1371 3886 1620 3953 propter
1653 3872 2133 3931 Procuratorum
2167 3869 2538 3952 imperitiam
2571 3888 2678 3933 aut
2709 3871 3010 3948 inertiam,
3044 3887 3242 3954 partes

619 3998 798 4060 saepe
828 3979 892 4041 in
938 3977 1356 4060 dispendium,
1405 3994 1462 4039 et
1511 3976 1959 4059 praejudicium
2006 3976 2336 4058 patiuntur.
2413 3977 2756 4040 Statuimus
2809 3980 2980 4059 quod
3036 3978 3243 4039 nullus

619 4085 695 4145 de
747 4100 986 4146 caetero
1035 4086 1114 4146 ad
1165 4084 1584 4145 procuratoris
1634 4082 1913 4145 officium
1963 4082 2026 4144 in
2080 4083 2237 4145 dicta
2300 4083 2489 4145 Curia
2555 4084 2798 4166 publice
2850 4105 2962 4167 pro
3023 4086 3242 4147 salario

620 4191 1027 4252 exercendum
1092 4191 1158 4252 in
1220 4189 1460 4268 judiciis
1521 4191 1890 4267 admittatur,
1953 4189 2071 4251 nisi
2121 4189 2290 4272 prius
2356 4210 2465 4271 per
2527 4191 2728 4273 ipsum
2796 4192 3240 4254 Vicecancella-

622 4299 807 4375 rium,
854 4300 949 4360 vel
1000 4300 1387 4380 deputandos
1435 4301 1511 4361 ab
1558 4318 1634 4361 eo
1679 4299 1744 4360 in
1790 4298 2118 4376 literatura,
2171 4297 2493 4373 industria,
2544 4314 2604 4360 et
2648 4300 2810 4380 stylo
2855 4300 3056 4361 curiae
3103 4318 3244 4360 exa-

622 4405 906 4483 minatuS,
956 4421 1138 4486 atque
1187 4406 1389 4467 habita
1436 4406 1637 4467 debita
1685 4404 2125 4466 informatione
2172 4405 2250 4467 de
2303 4405 2615 4482 moribuS,
2662 4405 2967 4482 fidelitate,
3019 4422 3078 4466 et
3126 4406 3240 4465 ho·

622 4528 790 4575 nesta
841 4513 1302 4575 conversatione
1350 4530 1629 4595 repertus
1677 4513 1862 4575 fuerit
1906 4512 2189 4592 idoneuS,
2253 4528 2313 4574 et
2363 4533 2471 4594 per
2522 4515 2810 4576 eumdem
2858 4513 3240 4574 Vicecancel-

621 4622 845 4683 larium
894 4622 971 4682 ad
1023 4620 1383 4699 hujusmodi
1440 4622 1759 4703 publicum
1822 4621 2101 4683 officium
2165 4641 2273 4702 per
2337 4620 2470 4699 ejus
2534 4637 2809 4705 patentes
2875 4620 3073 4682 literas
3137 4621 3246 4681 ad-

625 4731 869 4808 missuS,
924 4748 1269 4810 omnesque
1318 4730 1754 4791 Procuratores
1801 4729 2052 4791 admissi
2095 4729 2157 4790 in
2195 4728 2460 4790 aliorum
2495 4729 2878 4790 matriculam
2910 4727 3244 4789 inscriban-

623 4852 742 4915 tur,
790 4836 946 4898 sicut
980 4837 1042 4898 in
1075 4836 1325 4918 praefati
1358 4837 1675 4898 Benedicti
1711 4836 2195 4917 praedecessoris
2228 4835 2774 4897 constitutionibus
2806 4836 2883 4897 de
2917 4834 3250 4896 Advocatis

625 4944 899 5006 habetur.
