3684 5416
530 1543 578 1575 10

530 2074 573 2118 ¹5

523 2684 576 2719 20

523 3321 572 3365 ²5

523 3856 575 3900 ‘30

521 4530 572 4574 35

630 371 738 443 488
1698 371 1873 428 Curia
1909 389 2170 428 romana.

857 576 955 635 57.
1006 556 1254 617 Interim
1301 556 1814 618 convenientibus
1861 557 2159 618 omnibus
2205 557 2706 639 patriarcharium
2754 558 3065 620 canonicis
3102 577 3240 620 cum

632 662 762 724 suis
794 664 1081 724 crucibus
1112 663 1177 725 in
1212 663 1524 724 basilicam
1559 664 1911 743 Salvatoris,
1954 684 2113 744 quae
2146 680 2402 726 vocatur
2432 665 2958 741 Constantiniana,
2995 667 3099 729 ubi
3131 668 3243 727 do·

633 770 841 831 minus
873 771 1153 833 Pontifex
1200 788 1339 854 post
1386 772 1567 834 altare
1616 772 1895 852 ejusdem
1931 773 2222 834 ecclesiae
2254 772 2456 834 induit
2485 793 2549 834 se
2583 793 2726 835 cum
2759 773 3082 855 episcopis,
3116 793 3242 835 car·

634 877 960 956 dinalibus‚
1008 894 1065 939 et
1110 879 1242 941 aliis
1289 879 1617 942 ordinibus
1648 881 1800 942 sacri
1836 880 2073 961 palatii:
2120 896 2269 941 tunc
2302 880 2687 961 primicerius
2719 900 2863 941 cum
2896 880 3245 942 cantoribus

633 999 850 1061 cantat,
885 984 1164 1067 Populus
1194 987 1359 1048 Sion.
1424 986 1626 1049 Finito
1672 1002 1875 1064 cantu,
1922 987 2218 1049 dominus
2251 987 2531 1050 Pontifex
2579 987 2755 1048 dicit:
2806 987 3122 1061 Oremus,·
3150 1006 3244 1048 ar-

632 1090 1057 1172 chidiaconus»,
1092 1091 1440 1156 Flectamus
1476 1116 1685 1175 genua
1699 1120 1732 1169 ‚·
1778 1095 1933 1156 alius
1981 1095 2331 1177 respondet,
2378 1095 2642 1172 Levate;
2700 1110 2759 1155 et
2792 1095 3069 1157 Pontifex
3103 1094 3246 1155 dicit

631 1199 996 1262 orationem.
1059 1199 1287 1262 Schola
1318 1203 1684 1282 respondet:
1735 1202 1948 1263 Amen.
1994 1202 2481 1264 Archidiaconus
2514 1203 2796 1263 nunciat:
2830 1202 3245 1263 procedamus

631 1327 766 1367 cum
799 1316 961 1388 pace
978 1330 1011 1381 ,·
1055 1307 1266 1369 schola
1316 1308 1677 1389 respondet:
1740 1309 1814 1370 In
1865 1312 2109 1370 nomine
2159 1308 2428 1372 Christi.
2492 1308 2927 1371 Subdiaconus
2972 1328 3119 1371 vero
3151 1328 3244 1369 re-

629 1413 948 1492 gionarius
981 1413 1173 1474 elevat
1204 1434 1448 1476 crucem
1486 1415 1876 1476 stationalem
1910 1416 1984 1476 de
2019 1415 2209 1492 altari,
2244 1435 2436 1497 quam
2454 1415 2634 1497 plene
2658 1431 2857 1496 portat
2877 1417 2942 1477 in
2976 1417 3246 1492 brachi0‚

631 1533 700 1580 ut
749 1520 1059 1581 osculetur
1104 1523 1179 1581 ab
1230 1522 1542 1600 omnibus,
1600 1522 1664 1583 in
1716 1521 2116 1604 processione
2166 1541 2306 1583 ante
2338 1521 2692 1584 Pontificem
2738 1542 2939 1604 usque
2985 1523 3048 1583 in
3082 1521 3247 1583 exitu

631 1627 949 1704 ecclesiae;
1002 1627 1225 1689 deinde
1272 1629 1430 1689 levat
1478 1649 1616 1690 eam
1662 1647 1943 1692 erectam.
2011 1630 2396 1692 Primicerius
2441 1649 2586 1691 cum
2632 1630 2845 1691 schola
2893 1645 3033 1712 post
3064 1630 3244 1692 dom-

632 1751 786 1794 num
821 1734 1049 1815 Papam
1097 1751 1313 1797 tenens
1362 1736 1621 1818 pallium
1669 1757 1810 1798 cum
1861 1737 2050 1814 laeva,
2085 1737 2358 1819 primum
2391 1736 2601 1820 incipit
2634 1738 3068 1818 antiphonam:
3105 1737 3244 1797 Do-

632 1841 794 1900 mine
841 1840 1151 1902 Dominus
1195 1850 1421 1904 noster.
1487 1842 1729 1906 Deinde
1778 1845 2152 1906 Lateranum
2200 1845 2480 1906 eamdem
2528 1845 2976 1926 antiphonam;
3038 1861 3246 1925 postea

630 1962 836 2008 sancta
887 1948 1077 2010 Maria
1129 1948 1355 2026 major:
1406 1949 1471 2010 in
1522 1966 1742 2030 quarto
1791 1950 1932 2012 loco
1983 1954 2233 2012 sanctus
2286 1952 2515 2012 Petrus.
2581 1950 2799 2012 Finitis
2849 1949 3242 2032 patriarchiis,

632 2053 969 2133 primiceris
1021 2055 1242 2117 iterum
1296 2057 1506 2139 incipit
1552 2060 1836 2119 eamdem
1886 2059 2327 2140 antiphonam:
2391 2075 2453 2120 et
2499 2061 2619 2121 hoc
2662 2060 2879 2121 ordine
2925 2075 3247 2121 cantantur

630 2162 781 2233 aliae
831 2163 1207 2246 antiphonae
1258 2184 1367 2245 per
1418 2180 1610 2226 totam
1664 2167 1847 2239 viam,
1915 2167 2067 2226 dum
2122 2166 2401 2228 Pontifex
2453 2184 2652 2228 cantat
2704 2167 2990 2247 psalmos.
3083 2166 3143 2247 [1.
3197 2189 3247 2229 c.

631 2288 765 2348 pag.
813 2289 1177 2351 122—-123,
1225 2269 1382 2351 146.]

1529 2432 1746 2495 Ordo
1796 2453 2175 2496 romanus
2223 2434 2351 2496 XII.

631 2577 739 2642 (De
775 2579 1250 2632 consuetudinibus
1286 2584 1340 2632 et
1376 2582 1724 2636 obsen’antizk
1766 2584 2102 2654 presbyterio
2151 2583 2235 2634 vel
2281 2582 2530 2635 scholari
2561 2585 2619 2635 et
2651 2583 2774 2634 alis's
2812 2583 2953 2635 Eccl.
2993 2583 3149 2635 Rom.
3188 2584 3246 2634 in

1060 2662 1372 2731 praecipitis
1408 2664 1887 2731 sollemnitatibus,
1927 2666 2151 2717 auctore
2192 2663 2387 2716 Cencio
2424 2664 2492 2717 de
2529 2664 2801 2728 Sabellis).

888 2822 1169 2884 XXXIV.
1223 2825 1404 2903 Quid
1420 2826 1650 2887 debeat
1674 2826 1898 2887 habere
1929 2830 2219 2907 etfacere
2252 2830 2549 2907 magister
2578 2827 2989 2889 Senescalcus.

851 2968 947 3046 58.
995 2967 1396 3030 Senescalcus
1442 2969 1658 3048 major,
1708 2971 1817 3051 qui
1863 2970 2045 3032 servit
2092 2970 2353 3032 domino
2385 2970 2584 3052 Papae
2618 2969 2683 3031 in
2716 2970 3115 3031 coronatione
3151 2969 3244 3030 ul-

631 3072 778 3134 tima
823 3072 887 3134 in
924 3074 1151 3134 Pascha
1198 3090 1256 3135 et
1299 3074 1363 3135 in
1398 3074 1720 3137 Nativitate
1757 3076 2031 3155 Domini,
2065 3093 2123 3139 et
2155 3078 2220 3139 in
2254 3077 2721 3140 consecratione
2756 3076 2992 3138 domini
3031 3077 3245 3159 Papae,

629 3180 810 3240 debet
860 3180 1085 3241 habere
1136 3200 1323 3241 unam
1370 3181 1690 3242 scutellam
1738 3200 2093 3263 argenteam
2140 3184 2329 3246 trium
2373 3201 2719 3245 marcarum
2767 3200 2825 3244 et
2858 3183 3146 3245 dimidiae
3179 3182 3243 3244 in

629 3286 886 3367 singulis
919 3286 1240 3368 praedictis
1272 3285 1714 3369 festivitatibus,
1748 3289 1798 3351 si
1831 3306 2195 3364 coronatur:
2232 3308 2289 3352 et
2321 3292 2504 3352 debet
2533 3289 2802 3371 recipere
2835 3290 3110 3351 victualia
3132 3309 3244 3371 pro

629 3395 988 3475 quindecim
1020 3397 1385 3460 hominibus
1422 3417 1819 3480 unoquoque
1854 3399 1952 3461 die
1984 3399 2440 3473 coronationis:
2493 3415 2551 3460 et
2598 3398 2778 3460 debet
2824 3400 3148 3460 comedere
3180 3399 3243 3459 in

626 3504 935 3584 panetaria
969 3523 1111 3564 cum
1146 3504 1327 3566 sociis
1359 3504 1505 3581 suis,
1536 3522 1875 3586 antequam
1909 3506 2205 3567 dominus
2228 3507 2392 3587 Papa
2423 3506 2630 3566 redeat
2661 3525 2695 3565 a
2731 3504 2948 3577 Missa:
2985 3520 3043 3566 et
3064 3505 3244 3565 debet

627 3610 891 3691 recipere
926 3632 959 3671 a
994 3611 1283 3691 pincerna
1317 3631 1509 3673 unam
1541 3613 1917 3693 aquariciam
1950 3612 2171 3690 clareti,
2208 3629 2266 3674 et
2298 3632 2490 3674 unam
2523 3612 2680 3688 vini;
2717 3629 2773 3673 et
2807 3612 2987 3673 debet
3019 3612 3242 3672 habere

629 3717 705 3777 ad
756 3718 1020 3778 domum
1070 3737 1249 3779 suam
1301 3739 1405 3780 sex
1456 3720 1653 3801 capita
1703 3739 2042 3801 porcorum
2096 3734 2317 3800 parata,
2366 3735 2425 3781 et
2470 3739 2574 3782 sex
2605 3717 3006 3799 aquariciolas
3039 3716 3244 3778 clareti

631 3843 1020 3904 unoquoque
1067 3824 1164 3885 die
1209 3826 1661 3895 coronationis:
1713 3841 1773 3888 et
1822 3826 2005 3887 debet
2051 3826 2275 3887 habere
2321 3827 2385 3888 in
2430 3844 2808 3907 unaquaque
2842 3824 3241 3885 coronatione

627 3931 1016 3992 medietatem
1050 3931 1202 4014 cepi,
1237 3947 1294 3992 et
1330 3934 1725 3994 medietatem
1759 3934 1836 3994 de
1872 3934 2166 3996 omnibus
2200 3934 2379 3996 coriis
2411 3935 2766 4010 bestiarum,
2802 3951 2962 4014 quae
2997 3931 3243 3992 veniunt

629 4037 691 4098 in
725 4058 937 4102 mensa
971 4038 1211 4099 domini
1246 4040 1467 4121 Papae,
1502 4042 1654 4101 dum
1689 4041 1914 4103 festum
1950 4042 2272 4104 duraverit.

948 4234 1198 4298 XXXV.
1249 4236 1432 4316 Quid
1460 4236 1635 4298 debet
1664 4236 1891 4298 habere
1924 4239 2219 4318 magister
2249 4237 2591 4310 pincerna,
2625 4239 2927 4315 etfacerc.

851 4415 946 4474 59.
980 4395 1270 4474 Magister
1303 4397 1614 4477 pincerna,
1650 4398 1758 4478 qui
1792 4386 2056 4461 domino
2078 4401 2277 4481 Papae
2310 4400 2372 4462 in
2405 4402 2505 4462 die
2537 4397 2955 4462 coronationis
2987 4415 3133 4475 suae
3165 4397 3242 4455 ad

631 4520 909 4562 mensam
956 4501 1156 4579 servit,
1210 4502 1391 4564 debet
1441 4506 1661 4565 habere
1711 4524 1981 4587 cuppam
2031 4525 2216 4567 unam
2265 4507 2454 4569 trium
2486 4523 2833 4567 marcarum
2866 4520 2923 4564 et
2956 4502 3243 4563 dimidiae

629 4610 878 4689 argenti.
940 4609 1068 4690 lpse
1104 4629 1249 4669 vero
1283 4612 1574 4690 pincerna
1608 4612 1790 4673 debet
1823 4614 2042 4674 eadem
2075 4614 2175 4676 die
2208 4615 2351 4675 dare
2385 4613 2763 4675 buticulariis
2783 4609 3247 4692 quotidianariis

628 4717 867 4779 domini
904 4718 1101 4798 Papae
1152 4734 1377 4777 zonam
1433 4734 1621 4777 unam
1671 4718 1748 4778 de
1800 4719 2027 4794 serico;
2077 4721 2257 4781 debet
2304 4720 2486 4781 etiam
2534 4720 2879 4795 comedere,
2913 4733 3248 4797 antequam

629 4827 927 4887 dominus
979 4827 1136 4906 Papa
1184 4826 1386 4886 veniat
1431 4826 1507 4885 de
1557 4826 1759 4900 Missa,
1810 4846 1923 4906 pro
1969 4828 2325 4907 quindecim
2373 4827 2554 4888 sociis
2606 4826 3059 4888 comestionem
3091 4823 3247 4884 acci·

630 4933 837 5013 piens:
889 4948 949 4993 et
996 4934 1174 4993 debet
1226 4934 1451 4993 habere
1499 4952 1602 4993 sex
1652 4933 1849 5014 capita
1896 4933 2146 5013 porcina
2181 4949 2398 5014 aptata,
2431 4949 2490 4993 et
2521 4952 2626 4994 sex
2657 4930 2992 5012 aquaricias
3025 4930 3246 4999 clareti,
