3684 5416
1005 374 1270 429 Potestas
1310 371 1691 428 ecclesiastica
1731 385 1790 428 et
1826 372 2135 445 imperium
2174 371 2351 426 civile.
2913 370 2975 427 81

370 555 693 637 μισμένας
712 552 960 631 θυσίας
978 551 1083 630 οἷς
1114 574 1289 636 φατε
1314 555 1507 632 θεοῖς
1537 551 1652 617 καὶ
1708 558 1824 635 isti,
1857 558 1988 619 aliis
2020 557 2254 618 bellum
2274 555 2661 636 gerentibus,
2699 547 2981 634 militant,

371 662 454 724 οὐ
486 660 728 740 δήπου,
766 659 1066 742 πολέμου
1110 661 1649 746 καταλαβόντος,
1705 682 1774 727 ut
1809 664 1924 726 Dei
1956 664 2300 726 sacerdotes
2334 657 2701 741 et‘ministri,
2729 663 2992 727 intami—

368 768 482 831 καὶ
513 764 677 844 τοὺς
706 767 913 846 ἱερεῖς
945 765 1371 845 στρατεύετε.
1416 768 1496 829 Εἰ
1528 767 1652 831 οὐν
1706 786 1878 832 natas
1911 771 2163 852 quidem
2186 786 2491 832 servantes
2513 788 2755 846 manus,
2782 770 2990 831 decer-

369 873 550 937 τοῦτ’
590 873 896 954 εὐλόγως
939 873 1212 953 γίνεται,
1259 874 1451 957 πόσῳ
1499 877 1651 956 μᾶλ-
1707 895 1906 941 tames
1952 898 2099 940 vero
2148 878 2298 941 fusis
2342 878 2418 939 ad
2452 878 2659 939 Deum
2708 878 2990 959 precibus

286 1011 307 1053 5
369 983 513 1055 λον,
547 982 773 1044 ἄλλων
791 982 1368 1063 στρατευομένων,
1400 981 1514 1044 καὶ
1547 979 1652 1045 ού·
1711 1006 1825 1068 pro
1859 985 1930 1046 iis
1961 986 2071 1066 qui
2108 984 2260 1060 juste
2294 977 2748 1064 belligerantur,
2783 1000 2843 1046 et
2876 1005 2986 1067 pro

262 1546 314 1577 10

265 2079 314 2122 ¹5

263 2615 319 2646 20

267 3149 321 3192 25

272 3684 329 3728 30

278 4270 332 4315 35

283 4768 344 4808 ⁴0

372 1109 476 1150 τοι
506 1086 991 1166 στρατεύονται
1022 1089 1118 1167 ὡς
1148 1087 1356 1166 ἱερεῖς
1388 1091 1509 1151 τοῦ
1529 1088 1652 1151 Θε·
1710 1114 1787 1156 eo
1822 1094 1928 1175 qui
1964 1091 2118 1170 juste
2152 1107 2384 1174 regnat,
2424 1108 2490 1155 ut
2509 1093 2819 1174 quidquid
2839 1111 2992 1155 con-

370 1197 458 1256 οὓ
505 1193 617 1257 καὶ
667 1195 1113 1273 θεραπευταί·
1178 1196 1501 1274 καθαρὰς
1535 1194 1657 1277 μὲν
1709 1200 1965 1262 trarium
1999 1216 2057 1261 et
2092 1200 2411 1261 inimicum
2447 1216 2537 1262 est
2569 1198 2724 1278 juste
2765 1194 2993 1261 facien-

371 1304 741 1380 τηροῦντες
759 1303 884 1380 τὰς
904 1300 1156 1380 δεξιὰς,
1175 1302 1655 1384 ἀγωνιζόμενοι
1711 1308 1895 1386 tibus,
1931 1307 2306 1389 profligetur.
2342 1308 2442 1369 Sic
2473 1308 2656 1368 etiam
2686 1324 2828 1368 cum
2851 1306 2995 1368 dae—

372 1407 457 1469 δὲ
485 1407 603 1472 διὰ
630 1409 763 1471 τῶν
793 1408 967 1487 πρὸς
999 1409 1188 1473 Θεὸν
1219 1411 1451 1489 εὐχῶν,
1484 1409 1658 1489 ὑπὲρ
1714 1432 1952 1491 moneS,
1998 1414 2117 1494 qui‘
2153 1413 2307 1475 bella
2340 1415 2634 1475 suscitant
2666 1427 2724 1474 et
2755 1414 2832 1474 ad
2866 1413 2995 1476 foe-

375 1517 508 1578 τὼν
557 1514 834 1593 δικαίως
891 1518 1482 1599 στρατευομένων,
1544 1517 1658 1580 καὶ
1709 1520 1859 1581 dera
1890 1520 2206 1581 'violanda
2268 1519 2595 1601 impellunt
2657 1539 2997 1601 pacemque

373 1620 548 1701 ὑπὲρ
579 1626 701 1685 τοῦ
721 1621 998 1701 δικαίως
1021 1623 1524 1709 βασιλεύοντος,
1545 1625 1661 1686 ἵνα
1717 1630 2097 1709 perturbant,
2117 1628 2401 1708 precibus
2422 1627 2841 1709 profligamus,
2863 1646 2997 1688 ma-

372 1730 463 1791 τὰ
481 1728 753 1793 ἐναντία
770 1732 1008 1800 πάντα,
1030 1731 1143 1793 καὶ
1171 1731 1390 1811 ἐχθρὰ
1409 1735 1551 1807 τοίς
1571 1728 1660 1792 δι·
1713 1735 1806 1815 gis
1839 1732 2065 1795 auxilio
2098 1753 2317 1795 sumus
2351 1734 2768 1815 regnantibus,
2801 1747 2992 1814 quam

373 1837 588 1914 καίως
601 1839 971 1916 πράττουσι
985 1839 1390 1918 καθαιρεθῇ.
1426 1837 1662 1919 (Ημείς
1716 1843 1823 1923 qui
1845 1855 2079 1922 gestare
2099 1860 2267 1902 arma
2287 1841 2593 1903 videntur.
2622 1841 2690 1902 ln
2711 1841 2997 1903 laborum

377 1943 461 2006 δὲ
504 1943 618 2006 καὶ
667 1948 814 2021 ταῖς
861 1945 1092 2023 εὐχαῖς
1135 1946 1397 2022 πάντας
1435 1942 1659 2025 δαίμο-
1718 1969 1974 2030 quoque
2025 1949 2378 2010 societatem
2417 1949 2785 2030 reipublicae
2819 1970 2998 2011 causa

376 2059 528 2128 νας,
574 2049 737 2129 τοὺς
780 2051 1177 2131 ἐγείροντος
1207 2052 1291 2114 τὰ
1333 2051 1663 2132 πολεμικὰ
1719 2058 2022 2134 venimus,
2072 2058 2223 2117 dum
2257 2055 2430 2134 justis
2462 2055 2747 2137 precibus
2776 2054 2999 2132 adjun—

375 2161 494 2224 καὶ
558 2161 818 2239 ὅρκους
879 2161 1319 2240 συγχέοντας,
1381 2160 1495 2223 καὶ
1544 2161 1664 2240 τὴν
1719 2166 1927 2248 gimu's
1958 2163 2235 2225 exercitia
2267 2178 2326 2225 et
2359 2161 2803 2237 meditationes,
2839 2181 3000 2241 quae

379 2265 656 2345 εἰρήνην
704 2268 1208 2345 ταράσσοντας,
1259 2269 1663 2346 καθαιροῢν-
1721 2273 1947 2334 docent
1970 2270 2275 2352 aspernari
2298 2271 2642 2350 voluptates
2674 2284 2732 2329 et
2763 2268 2850 2329 eis
2884 2288 3001 2330 nos

377 2394 515 2451 τες,
566 2375 825 2456 μᾶλλον
873 2376 1258 2459 βοηθοῦμεν
1304 2379 1446 2452 τοίς
1484 2375 1664 2459 βασι·
1723 2397 1856 2440 non
1888 2379 2140 2439 tradere.
2187 2376 2309 2438 Sed
2343 2392 2402 2437 et
2434 2376 2574 2458 plus
2606 2374 2854 2435 caeteris
2888 2394 3000 2455 pro

377 2480 718 2555 λεύουσιν,
753 2479 925 2561 ἤπερ
959 2480 1021 2544 οἱ
1054 2480 1427 2557 δοκοῦντες
1467 2496 1665 2559 στρα-
1722 2487 2092 2568 imperatore
2125 2501 2494 2566 pugnamus,
2528 2483 2673 2543 Non
2706 2480 3001 2561 equidem

377 2586 721 2650 τεύεσθαι.
758 2588 1251 2670 Συμπονοῦμεν
1271 2585 1353 2650 δὲ
1372 2591 1518 2665 τοίς
1535 2608 1664 2649 κοι·
1722 2596 1839 2655 sub
1876 2593 1982 2654 illo
2015 2591 2370 2664 militamuS,
2417 2589 2650 2651 etiamsi
2684 2608 2799 2650 nos
2831 2587 2907 2648 ad
2939 2587 3001 2648 id

376 2696 947 2777 νοίςπράγμασιν,
964 2695 1028 2759 οἱ
1046 2695 1213 2778 μετὰ
1226 2693 1666 2774 δικαιοσύνης
1723 2715 2003 2780 cogeret:
2039 2699 2145 2760 sed
2181 2719 2293 2781 pro
2325 2698 2432 2760 illo
2467 2696 2820 2773 militamus,
2859 2713 3004 2756 cum

378 2805 854 2885 ἀναφέροντες
882 2804 1284 2884 προσευχὰς
1316 2802 1444 2867 σὺν
1463 2802 1666 2883 ἀσκή-
1723 2808 1985 2870 seorsim
2018 2807 2250 2889 pietatis
2284 2822 2472 2867 castra
2508 2805 2658 2865 fusis
2690 2804 2763 2865 ad
2798 2803 3004 2865 Deum

382 2927 539 2974 σεσι
613 2912 726 2973 καὶ
800 2913 1106 2993 μελέταις
1173 2910 1670 2989 διδασκούσαις
1726 2915 2010 2997 precibus
2043 2915 2436 2975 collocamus.
2490 2910 2547 2991 [1.
2579 2931 2627 2973 c.
2661 2910 2797 2972 Col.
2843 2912 2998 2988 1625

381 3023 843 3101 καταφρονεῖν
879 3017 1166 3097 ἡδονῶν,
1205 3018 1318 3080 καὶ
1352 3016 1436 3099 μὴ
1471 3020 1669 3098 ἅγεσ-
1725 3019 2030 3101 -1628.]
2659 3030 2663 3034 ’

381 3127 502 3189 θαι
532 3127 638 3189 ὑπ’
677 3126 918 3189 αὐτῶν.
985 3125 1221 3208 εΗμεῐς
1270 3127 1381 3187 καὶ
1416 3126 1673 3207 μᾶλλον

383 3234 901 3316 ύπερμαχοῦμεν
952 3236 1073 3296 τοῦ
1128 3233 1479 3317 βασιλέως·
1556 3231 1670 3294 καὶ

384 3342 472 3404 οὐ
506 3340 1115 3424 συστρατευόμεθα
1151 3340 1272 3422 μὲν
1306 3338 1509 3421 αὐτῷ,
1543 3340 1674 3401 κᾶν

388 3446 648 3529 ἐπείγῃ·
691 3447 1213 3528 στρατευόμεθα
1245 3445 1326 3508 δὲ
1357 3444 1529 3524 ὑπὲρ
1562 3447 1672 3508 αὐ-

389 3557 533 3628 τοῦ,
585 3552 760 3616 ἴδιον
810 3552 1282 3633 στρατόπεδον
1315 3551 1675 3637 εὐσεβείας

389 3662 937 3740 συγκροτοῦντες
1000 3659 1117 3723 διὰ
1179 3660 1311 3721 τῶν
1371 3658 1548 3738 πρὸς
1598 3659 1676 3721 τὸ

390 3765 603 3829 Θείον
635 3766 1020 3842 ἐντεύξεων.

953 3971 1042 4026 19.
1097 3970 1290 4025 ACTA
1329 3970 1763 4025 MARTYRUM
1802 3966 2439 4025 SCILLITANORUM.

608 4098 637 4132 *
696 4096 741 4150 R
758 4112 794 4150 o
812 4097 848 4150 b
865 4094 881 4149 i
898 4113 925 4150 s
942 4112 980 4150 ο
999 4112 1035 4149 n
1052 4135 1067 4163 ‚
1119 4095 1248 4149 Text
1269 4095 1381 4147 and
1407 4095 1636 4148 Studies.
1668 4095 2071 4148 Contributions
2098 4097 2151 4145 to
2178 4094 2392 4146 bibucal
2413 4093 2796 4163 andpatriatic
2820 4093 3005 4145 litera·-

393 4186 531 4233 turc.
574 4173 921 4245 Cambridge
970 4174 1117 4245 1891.
1157 4191 1287 4245 pag.
1337 4191 1430 4228 112
1471 4191 1555 4244 sq.
1619 4174 1935 4236 Usener,
1977 4174 2145 4227 Index
2184 4173 2500 4227 scholarum
2538 4174 2638 4226 der
2681 4174 3009 4227 Umbersitdt

393 4261 547 4313 Bonn
566 4258 688 4329 fiir
724 4257 827 4309 das
864 4258 1374 4311 Sommersemester
1416 4256 1567 4309 1881.
1608 4271 1739 4325 pag.
1770 4273 1797 4325 5
1827 4272 1915 4325 sq.
1966 4271 2015 4307 v,
2045 4255 2094 4307 G
2116 4253 2471 4319 ebhardt,
2512 4256 2652 4307 Acta
2689 4255 3005 4324 Martyrum

393 4341 610 4392 selecta.
651 4335 841 4391 Berlin
877 4352 1024 4407 ¹90²·
1053 4353 1183 4406 pag.
1213 4351 1442 4406 22—27.
1499 4333 1737 4401 Λυδὲ,
1774 4322 1974 4388 Etudes
2012 4352 2112 4388 sur
2150 4351 2221 4387 un
2262 4351 2499 4387 nouveau
2539 4339 2679 4387 texte
2715 4336 2810 4387 des
2848 4335 3010 4388 Actes

393 4420 489 4472 des
513 4418 767 4488 Martyrs
792 4419 1100 4474 ScillitainS.
1129 4414 1286 4470 Paris
1323 4415 1470 4470 1881.
1514 4415 1562 4469 C
1579 4432 1617 4470 ο
1635 4426 1832 4486 nrat,
1873 4416 2542 4485 Christenverjfolgungen.
2572 4430 2701 4485 pag.
2730 4414 2779 4467 6.
2809 4414 2938 4468 adn.
2964 4434 3009 4486 5.

394 4552 821 4621 Μαρτύριον
858 4552 980 4603 τοῦ
1020 4552 1238 4617 ἁγίου
1281 4550 1398 4601 καὶ
1438 4542 1706 4609 καλλι-Ι
1805 4548 2072 4604 Passio
2111 4549 2565 4605 Sanctorum
2606 4547 2940 4603 Scillita-

518 4634 726 4684 νίκου
768 4632 1140 4699 μάρτυρος
1177 4630 1566 4699 Σπεράτου.
2234 4645 2513 4682 norum.

486 4740 612 4803 Επὶ
644 4740 1056 4819 Πέρσαντος
1093 4738 1172 4801 τὸ
1207 4738 1536 4818 δεύτερον
1565 4739 1677 4801 καὶ
1835 4763 1881 4803 ι.
1918 4742 2241 4802 Praesente
2278 4740 2368 4801 bis
2404 4757 2459 4801 et
2480 4740 2830 4802 Claudiano
2861 4760 3013 4801 con-

395 4848 843 4911 Κλαυδιανοῦ
892 4849 1023 4911 τῶν
1069 4848 1360 4922 ὑπάτων,
1418 4846 1551 4925 πρὸ
1603 4845 1681 4924 ις’
1737 4849 1997 4928 sulibuS,
2030 4848 2190 4909 XVI.
2218 4848 2505 4908 kalendas
2527 4853 2836 4926 Augustas
2859 4848 3013 4907 Kar-

399 4955 763 5018 καλανδών
794 4954 1236 5035 Αὐγούστων,
1284 4955 1455 5033 ὅπερ
1503 4953 1683 5015 ἐστὶν
1738 4957 1989 5037 thagine
2015 4956 2077 5016 in
2098 4954 2720 5035 secretarioinpositis
2743 4957 3014 5036 Sperat0‚

614 5059 907 5103 Galaute:
956 5059 1123 5103 Fontes
1154 5060 1236 5113 jur.
1265 5072 1361 5102 can.
2699 5057 2732 5109 6
