3684 5416
474 1531 521 1560 10

579 363 680 436 318
1137 386 1144 396 ·
1207 362 1469 416 Potestas
1509 359 1887 416 ecclesiastica
1928 376 1984 416 et
2020 361 2323 432 imperium
2366 361 2540 416 civile.

577 546 896 606 cacissimo
942 545 1203 627 spoliare
1252 543 1574 626 praesidio,
1625 563 1700 604 ne
1747 562 2032 604 summus
2066 545 2258 625 ipsius
2294 545 2537 622 Rector,
2572 545 2786 606 Pastor
2818 545 3061 626 Deique
3095 546 3185 605 vi—

576 652 772 713 carius
804 652 864 713 in
898 652 1255 714 Catholicos
1288 671 1548 733 quoquo
1578 665 1877 711 terrarum
1912 671 2155 732 sparsos
2187 668 2371 732 atque
2404 652 2548 712 inde
2582 652 2873 715 auxilium
2908 668 2966 712 et
2999 671 3180 733 opem

579 757 919 837 flagitantes
967 758 1245 819 conferre
1291 758 1562 819 subsidia
1610 758 1818 839 possit,
1865 777 2025 838 quae
2072 779 2105 818 a
2151 758 2444 839 spirituali
2477 759 2691 839 IpsiuS,
2728 779 2835 840 per
2866 760 3179 820 neminem

575 865 989 946 impedienda,
1024 880 1317 948 petuntur
1348 881 1706 947 potestate».
1771 865 1987 941 (Alloc.
2034 867 2126 925 16.
2162 866 2363 926 Martii
2411 866 2614 944 1808.)

787 972 1108 1047 Quoniam
1158 991 1303 1033 vero
1353 973 1574 1033 Nostra
1626 973 1876 1047 monita,
1931 973 2452 1053 expostulationes
2498 990 2555 1033 et
2604 973 3072 1052 protestationes
3119 974 3182 1033 in

574 1081 811 1141 irritum
864 1095 1197 1156 cesserunt,
1251 1079 1479 1140 idcirco
1530 1080 1888 1140 auctoritate
1937 1079 2377 1161 omnipotentis
2432 1080 2563 1156 Dei,
2599 1080 2702 1141 SS.
2738 1080 3183 1160 Apostolorum

576 1188 734 1249 Petri
768 1204 826 1248 et
858 1187 1028 1248 Pauli
1063 1206 1130 1247 ac
1163 1187 1384 1247 Nostra
1420 1186 1618 1259 vobiS,
1650 1185 1779 1247 VV.
1818 1187 1951 1259 FF„
1985 1207 2052 1247 ac
2087 1206 2195 1267 per
2228 1187 2354 1248 Vos
2391 1186 2709 1247 universae
2743 1187 3044 1248 Ecclesiae
3077 1188 3182 1248 de-

576 1294 900 1367 claramus,
937 1312 1044 1354 eos
1079 1311 1301 1354 omnes
1334 1293 1606 1372 qualibet
1638 1293 1933 1372 dignitate
1965 1294 2146 1355 etiam
2180 1293 2609 1375 specialissima
2645 1294 2956 1355 mentione
2978 1295 3181 1374 digna,

575 1400 895 1479 fulgenteS‚
948 1400 1057 1480 qui
1104 1418 1646 1480 quarumcumque
1694 1400 2151 1480 provinciarum
2185 1402 2445 1462 Nostrae
2495 1401 2743 1462 ditionis
2776 1417 2956 1481 atque
2990 1401 3182 1462 almae

577 1506 763 1584 hujus
811 1507 994 1568 Urbis
1044 1506 1450 1583 invasionem,
1506 1506 1997 1587 usurpationem,
2042 1509 2516 1590 occupationem
2564 1510 2659 1569 vel
2713 1527 2934 1569 eorum
2984 1509 3183 1589 aliqua

576 1631 1013 1697 perpetrarunt,
1048 1615 1321 1695 itemque
1355 1615 1632 1695 ipsorum
1668 1615 2051 1691 mandanteS,
2099 1614 2386 1692 fautoreS,
2421 1614 2753 1691 adjutoreS,
2789 1617 3184 1691 consiliarios,

575 1723 973 1783 adhaerentes
1005 1722 1099 1782 vel
1134 1722 1286 1782 alios
1319 1741 1755 1802 quoscumque
1790 1723 2241 1802 praedictarum
2278 1742 2485 1783 rerum
2518 1723 2998 1803 exequutionem
3024 1743 3183 1804 quo·

573 1830 718 1889 libet
750 1845 1057 1909 praetextu
1093 1844 1151 1890 et
1184 1829 1409 1908 quovis
1444 1830 1636 1889 modo
1673 1845 2071 1909 procurantes
2104 1829 2198 1889 vel
2232 1848 2340 1910 per
2371 1830 2605 1911 seipsos
2638 1846 3029 1911 exequenteS,
3052 1849 3181 1891 ma-

577 1936 764 2010 jorem
816 1936 1525 1997 excommunicationem
1572 1936 1844 2015 aliasque
1880 1955 2170 1996 censuras
2204 1952 2262 1996 et
2298 1956 2529 2017 poenas
2563 1937 2993 1998 ecclesiasticas
3025 1961 3055 1998 a
3089 1959 3183 1998 sa-

499 2065 517 2106 5
573 2044 686 2104 cris
737 2043 1123 2117 Canonibus,
1175 2043 1546 2124 Apostolicis
1597 2042 2140 2104 constitutionibus
2190 2060 2248 2103 et
2299 2044 2676 2122 generalium
2731 2043 3181 2119 Conciliorum‚

571 2151 918 2212 Tridentini
966 2151 1319 2231 praesertim
1367 2149 1544 2227 (Sess,
1584 2170 1683 2211 22.
1721 2171 1769 2211 c.
1817 2171 1907 2211 11.
1941 2151 2016 2210 de
2053 2149 2350 2228 Reform.)
2400 2151 2652 2212 decretis
2686 2151 2945 2211 inflictas
2978 2151 3181 2213 incur-

575 2259 719 2318 risse
769 2257 929 2333 juxta
971 2257 1233 2318 formam
1271 2272 1328 2317 et
1360 2274 1640 2317 tenorem
1675 2276 2032 2338 expressum
2068 2256 2130 2316 in
2165 2257 2446 2338 superius
2480 2257 2977 2319 commemoratis
3011 2265 3181 2340 Apo-

575 2364 807 2427 stolicis
839 2365 1051 2425 litteris
1087 2364 1325 2424 Nostris
1357 2364 1455 2423 die
1493 2366 1594 2425 26.
1632 2366 1804 2425 Mart.
1837 2384 1888 2425 a.
1936 2366 2097 2424 1860
2130 2364 2301 2424 datis.

787 2473 1099 2533 Memores
1145 2489 1291 2531 vero
1326 2471 1458 2531 Nos
1503 2470 1636 2548 ejus
1681 2471 1891 2531 locum
1925 2487 2132 2531 tenere
2165 2470 2227 2530 in
2259 2470 2431 2530 terris
2464 2472 2572 2550 qui
2606 2472 2770 2532 venit
2802 2491 3095 2551 quaerere
3128 2488 3185 2533 et

575 2582 812 2642 salvum
865 2578 1056 2639 facere
1110 2578 1279 2658 quod
1334 2577 1607 2657 perierat,
1663 2577 1814 2637 nihil
1865 2577 2059 2659 magis
2109 2592 2402 2657 optamus
2447 2598 2634 2659 quam
2673 2578 2885 2640 devios
2918 2578 3075 2639 filios
3107 2580 3182 2639 ad

574 2689 706 2750 Nos
739 2701 1105 2748 revertentes
1139 2700 1387 2766 paterna
1419 2684 1708 2745 charitate
1743 2683 2100 2767 complecti3
2137 2704 2332 2764 quare
2364 2684 2634 2746 levantes
2672 2703 2895 2746 manus
2930 2687 3182 2747 Nostras

576 2796 636 2856 in
688 2795 926 2854 caelum
979 2794 1042 2852 in
1095 2792 1438 2853 humilitate
1491 2791 1693 2851 cordis
1740 2789 1951 2851 Nostri
2004 2792 2153 2851 dum
2204 2792 2357 2868 Dec,
2411 2790 2587 2867 cujus
2635 2809 2721 2852 est
2755 2793 2961 2872 potius
2993 2812 3182 2872 quam

576 2905 817 2979 Nostra,
855 2899 1243 2979 justissimam
1280 2917 1525 2958 causam
1561 2898 1929 2958 remittimus
1962 2913 2018 2957 et
2052 2900 2588 2976 commendamuS,
2621 2899 2781 2960 Eum
2818 2919 2925 2980 per
2957 2905 3182 2961 viscera

574 3008 1024 3071 misericordiae
1071 3026 1216 3066 suae
1267 3009 1663 3066 obsecramus
1714 3007 2237 3085 obtestamurque,
2291 3022 2357 3068 ut
2408 3006 2561 3067 adsit
2609 3007 2909 3086 praesenti
2956 3007 3181 3067 auxilio

469 3136 516 3177 23
575 3116 789 3186 Nobis,
839 3114 992 3174 adsit
1026 3113 1326 3173 Ecclesiae
1371 3133 1538 3185 suae,
1571 3133 1638 3172 ac
1672 3112 2020 3172 misericors
2054 3128 2111 3171 et
2147 3113 2446 3194 propitius
2479 3112 2698 3173 efficiat
2731 3129 2796 3173 ut
2829 3113 3034 3175 hostes
3066 3114 3178 3174 Ec-

466 3671 518 3714 30

465 4205 510 4248 35

465 4755 516 4792 40

577 3223 788 3285 clesiae
839 3238 1146 3283 aeternam
1200 3219 1527 3300 perniciem
1577 3238 1764 3299 quam
1814 3219 1926 3278 sibi
1961 3219 2302 3279 moliuntur
2334 3221 2687 3300 cogitanteS,
2724 3220 3174 3283 formidandam

576 3331 707 3406 ejus
755 3329 1045 3405 justitiam
1090 3342 1229 3387 ante
1278 3327 1438 3387 diem
1488 3327 1785 3387 vindictae
1832 3327 2067 3406 placare
2118 3328 2510 3401 contendant,
2545 3342 2603 3387 et
2634 3327 2880 3388 mutatis
2912 3328 3181 3389 consiliis

577 3440 828 3502 Sanctae
862 3435 1073 3497 Matris
1108 3434 1410 3495 Ecclesiae
1443 3434 1709 3512 gemitus
1742 3435 2170 3514 Nostrumque
2203 3453 2552 3495 moerorem
2586 3434 3003 3496 consolentur.

786 3544 936 3621 Quo
983 3562 1129 3605 vero
1179 3542 1541 3619 hujusmodi
1587 3558 1709 3602 tam
1744 3542 2003 3619 insignia
2039 3542 2332 3603 beneficia
2367 3562 2399 3603 a
2433 3542 2636 3603 divina
2670 3543 2990 3603 clementia
3022 3562 3179 3604 asse-

575 3672 861 3735 quamur,
899 3652 1025 3712 Vos
1058 3650 1231 3712 enixe
1265 3670 1334 3710 ac
1366 3668 1764 3729 summopere
1800 3649 2139 3725 hortamur,
2181 3649 2310 3711 VV.
2344 3649 2390 3709 F
2395 3649 2441 3709 F
2448 3697 2484 3727 .,
2522 3666 2587 3710 ut
2623 3668 2745 3711 una
2778 3669 2917 3709 cum
2959 3650 3179 3711 Fideli—

574 3766 689 3822 bus
735 3759 1040 3838 cujusque
1091 3758 1377 3818 Vestrum
1430 3775 1612 3818 curae
1664 3756 2052 3828 concreditis,
2102 3771 2327 3816 vestras
2381 3757 2637 3816 fervidas
2688 3775 2897 3837 preces
2944 3757 3182 3818 Nostris

575 3869 728 3929 votis
775 3865 1182 3944 conjungatiS,
1232 3880 1415 3944 atque
1465 3883 1684 3924 omnes
1731 3863 1917 3923 simul
1948 3864 2025 3923 ad
2060 3864 2355 3923 thronum
2389 3863 2611 3942 gratiae
2645 3881 2700 3923 et
2734 3863 3181 3924 misericordiae

572 3977 869 4036 adeuntes
916 3973 1371 4034 Immaculatam
1430 3971 1757 4052 Deiparam
1793 3971 2109 4049 Virginem
2166 3970 2424 4031 Mariam
2475 3986 2531 4031 et
2578 3972 2797 4031 Beatos
2843 3970 3182 4050 Apostolos

571 4085 822 4144 Petrum
867 4100 924 4143 et
973 4082 1231 4142 Paulum
1280 4081 1702 4160 deprecatores
1747 4077 2171 4138 adhibeamus,
2244 4076 2549 4137 «Ecclesia
2586 4077 2694 4137 Dei
2730 4079 2804 4137 ab
2838 4093 3051 4137 exortu
3087 4077 3178 4136 sui

574 4210 773 4270 usque
821 4190 895 4250 ad
945 4188 1092 4248 haec
1141 4204 1420 4267 tempora
1455 4185 1684 4266 pluries
1717 4185 1998 4245 tribulata
2031 4200 2088 4244 et
2122 4184 2348 4265 pluries
2381 4184 2628 4244 liberata
2664 4200 2769 4244 est.
2836 4184 3033 4265 Ipsius
3064 4203 3181 4244 vox

574 4313 693 4359 est:
742 4306 918 4376 saepe
962 4301 1461 4375 expugnaverunt
1503 4314 1594 4352 me
1639 4313 1676 4351 a
1704 4292 2028 4370 juventute
2061 4313 2215 4364 mea,
2248 4294 2468 4351 etenim
2504 4313 2621 4351 non
2641 4298 2983 4371 potuerunt
3010 4289 3178 4350 mihi.

574 4407 773 4486 Supra
821 4405 1067 4462 dorsum
1116 4421 1307 4461 meum
1329 4401 1813 4478 fabricaverunt
1829 4405 2212 4478 peccatoreS,
2234 4399 2765 4479 prolongaverunt
2796 4401 3180 4478 iniquitatem

574 4531 761 4572 suam.
850 4510 977 4569 Nec
1030 4527 1197 4569 nunc
1248 4527 1502 4587 quoque
1556 4506 1859 4587 relinquet
1913 4505 2222 4565 Dominus
2272 4506 2503 4583 virgam
2556 4521 2948 4586 peccatorum
2999 4523 3183 4585 super

572 4633 800 4679 sortem
848 4614 1173 4692 justorum,
1223 4614 1369 4675 Non
1403 4629 1494 4673 est
1526 4615 1829 4674 abreviata
1864 4632 2089 4674 manus
2126 4613 2397 4691 Domini,
2434 4632 2546 4672 nec
2581 4612 2732 4674 facta
2766 4612 3076 4693 impotens
3108 4613 3182 4672 ad

571 4725 952 4786 salvandum.
1002 4722 1311 4783 Liberabit
1343 4737 1401 4781 et
1435 4721 1553 4781 hoc
1587 4737 1864 4801 tempore
1899 4723 2129 4800 absque
2163 4721 2357 4781 dubio
2391 4738 2685 4801 sponsam
2716 4740 2891 4781 suam
2926 4718 3033 4798 qui
3067 4736 3182 4778 suo

572 4833 872 4913 sanguine
919 4831 1177 4892 redemit
1222 4849 1376 4906 eam,
1425 4849 1542 4890 suo
1582 4829 1797 4911 spiritu
1833 4829 2081 4907 dotavit,
2117 4829 2299 4889 donis
2333 4828 2689 4890 caelestibus
2722 4825 3056 4903 exornavit,
3090 4825 3182 4885 di-

572 4943 714 5002 tavit
747 4939 1148 5002 nihilominus
1181 4955 1236 4998 et
1270 4936 1586 4998 terrenis».
1620 4936 1701 5010 (S.
1743 4937 1917 4996 Bern.
1957 4936 2064 5015 Ep.
2104 4956 2247 5015 244.
2281 4937 2357 4996 ad
2391 4936 2751 4997 Conradum
2789 4934 2959 5012 Reg.)
