3684 5416
343 1512 389 1544 to

343 2045 387 2088 ¹5

340 2579 395 2611 20

340 3655 394 3701 30

343 4191 391 4235 35

342 4723 399 4765 40

1312 332 1561 387 Ordines
1601 347 1657 388 et
1697 335 2198 402 congregationes,
2949 342 3050 412 625

443 520 538 577 vel
570 517 847 578 doctrina
882 516 1250 579 fermentum
1286 517 1529 578 divinae
1564 516 1825 595 justitiae
1859 520 1920 580 in
1956 514 2398 602 discipulorum
2434 524 2742 586 mentibus
2764 547 3055 608 consper-

444 641 639 704 gatur.
675 625 921 685 Memor
951 625 1028 684 sit
1059 644 1303 705 semper
1325 626 1548 702 Abbas‚
1582 626 1728 706 quia
1762 627 2072 689 doctrinae
2106 649 2273 706 suae,
2307 631 2403 692 vel
2436 632 2882 713 discipulorum
2904 638 3054 696 obe-

444 732 725 809 dientiae,
760 747 1175 811 utrarumque.
1199 750 1404 792 rerum
1439 732 1501 792 in
1536 735 1862 794 tremendo
1897 732 2128 813 judicio
2153 737 2263 797 Dei
2288 738 2560 800 facienda
2593 740 2704 800 erit
2737 727 3050 804 discussio,

446 837 729 918 Sciatque
756 840 960 898 Abbas
981 838 1199 918 culpae
1223 839 1485 899 Pastoris
1518 839 1896 911 incumbere,
1941 842 2246 924 quidquid
2282 845 2341 906 in
2375 846 2594 907 ovibus
2631 847 3056 927 paterfamilias

448 946 717 1006 utilitatis
751 945 958 1007 minus
992 946 1260 1028 potuerit
1293 946 1586 1007 invenire.
1648 948 2054 1010 Tantundem
2102 951 2324 1013 iterum
2371 953 2483 1013 erit
2529 953 2699 1027 liber,
2749 973 2813 1016 ut
2858 956 2909 1017 si
2960 957 3052 1017 in·

445 1052 658 1133 quieto
692 1052 787 1113 vel
820 1052 1197 1114 inobedienti
1231 1053 1403 1133 gregi
1435 1053 1690 1134 pastoris
1715 1055 1896 1115 fuerit
1919 1056 2122 1116 omnis
2144 1057 2453 1137 diligentia
2474 1060 2775 1137 attributa,
2800 1078 2857 1123 et
2878 1081 3049 1124 mor-

446 1160 601 1220 bidis
647 1178 863 1220 earum
909 1160 1142 1221 actibus
1190 1160 1470 1221 universa
1520 1160 1698 1222 fuerit
1745 1181 1889 1223 cura
1924 1163 2210 1241 exhibita,
2245 1182 2450 1246 pastor
2482 1185 2693 1228 earum
2730 1169 2792 1229 in
2826 1168 3057 1246 judicio

446 1268 701 1329 Domini
748 1269 1087 1345 absolutus,
1134 1268 1291 1329 dicat
1336 1272 1482 1329 cnm
1518 1271 1823 1351 Propheta
1864 1272 2171 1334 Domino:
2221 1272 2546 1342 justitiam
2593 1281 2757 1335 tuam
2792 1296 2911 1335 non
2943 1276 3058 1336 ab·

444 1378 669 1439 scandi.
709 1379 773 1437 in
825 1377 1008 1437 corde
1052 1397 1227 1449 meo,·
1274 1379 1590 1438 veritatem
1640 1385 1830 1452 tuam,
1878 1386 1939 1438 et
1981 1380 2258 1440 salutare
2290 1387 2456 1441 tuum
2489 1383 2660 1442 dixi:
2705 1382 2818 1463 ipsi
2851 1390 3057 1445 autem

445 1498 911 1545 contemnentes
962 1499 1323 1563 spreverunt
1368 1504 1486 1545 me.
1553 1484 1626 1544 Et
1671 1500 1820 1545 tunc
1868 1486 2124 1546 demum
2171 1486 2668 1549 inobedientibus
2699 1507 2879 1549 curae
2912 1510 3058 1551 suae

447 1590 667 1650 ovibus
701 1609 902 1670 poena
935 1589 1010 1650 sit
1042 1590 1128 1650 eis
1162 1590 1515 1670 praevalens
1551 1590 1677 1671 ipsa
1713 1610 1903 1654 mors,

662 1696 824 1776 Ergo
859 1715 1004 1757 curn
1036 1696 1256 1777 aliquis
1289 1696 1543 1778 suscipit
1577 1716 1811 1758 nomen
1834 1698 2107 1774 Abbatis,
2140 1698 2371 1773 duplici
2405 1701 2585 1761 debet
2617 1701 2895 1763 doctrina
2929 1704 3056 1764 suis

448 1822 724 1885 praeesse
755 1803 1105 1884 discipulis;
1157 1801 1216 1863 id
1250 1819 1359 1882 est,
1393 1803 1604 1864 omnia
1638 1806 1801 1864 bona
1835 1819 1895 1864 et
1926 1821 2128 1865 sancta
2164 1804 2330 1866 factis
2362 1808 2629 1888 amplius
2649 1827 2838 1888 quam
2864 1810 3060 1871 verbis

446 1910 758 1972 ostendat:
812 1927 877 1970 ut
923 1909 1246 1991 capacibus
1293 1909 1607 1991 discipulis
1654 1911 1943 1971 mandata
1976 1911 2233 1972 Domini
2267 1913 2464 1973 verbis
2498 1930 2835 1994 proponat3
2890 1915 3060 1977 duris

448 2039 594 2082 vero
629 2020 814 2079 corde
846 2033 902 2078 et
933 2017 1431 2097 simplicioribus,
1458 2017 1626 2079 factis
1659 2018 1786 2079 suis
1819 2017 2023 2079 divina
2057 2036 2374 2100 praecepta
2396 2020 2794 2083 demonstret.
2829 2022 3058 2089 Omnia

450 2142 619 2202 vero,
663 2145 825 2205 quae
870 2123 1184 2204 discipulis
1235 2124 1517 2185 docuerit
1563 2143 1693 2185 esse
1747 2124 2070 2199 contraria,
2125 2124 2187 2185 in
2240 2125 2368 2186 suis
2419 2126 2587 2187 factis
2636 2126 2859 2188 indicet
2910 2148 3044 2190 non

446 2233 713 2314 agenda:
766 2250 843 2292 ne
876 2230 1005 2291 aliis
1040 2229 1415 2310 praedicans,
1450 2231 1580 2310 ipse
1614 2233 1916 2311 reprobus
1949 2230 2311 2295 inveniatur.
2365 2233 2458 2292 Ne
2492 2234 2746 2313 quando
2779 2234 2862 2295 illi
2898 2235 3057 2296 dicat

448 2340 617 2400 Deus
663 2338 965 2418 peccanti:
1019 2336 1239 2416 Quare
1286 2345 1350 2397 tu
1396 2358 1658 2398 enarras
1684 2338 1979 2417 justitias
2025 2358 2213 2413 meas,
2246 2346 2306 2398 et
2335 2342 2600 2400 assumis
2633 2345 3054 2402 testamentum

446 2468 640 2508 meum
679 2456 796 2528 per
833 2466 900 2506 os
946 2445 1165 2506 tuum?
1220 2443 1315 2505 :Tu
1358 2466 1498 2506 vero
1545 2446 1739 2506 odisti
1784 2444 2208 2525 disciplinam,
2269 2452 2331 2505 et
2372 2446 2708 2526 projecisti
2747 2467 3059 2510 sermones

447 2577 606 2619 meos
640 2561 791 2635 post
831 2560 902 2613 te.
966 2553 1039 2613 Et
1086 2552 1195 2633 qui
1245 2553 1309 2613 in
1358 2552 1559 2613 fratris
1600 2552 1689 2613 tui
1737 2553 1923 2614 oculo
1959 2552 2258 2614 festucam
2292 2552 2554 2629 videbas,
2587 2553 2651 2613 in
2684 2569 2797 2616 tuo
2828 2559 3059 2617 trabem

448 2683 575 2726 non
612 2660 847 2723 vidisti?
883 2661 1028 2721 Non
1062 2662 1136 2722 ab
1170 2677 1246 2721 eo
1281 2677 1546 2740 persona
1579 2659 1643 2720 in
1678 2660 2057 2720 Monasterio
2092 2660 2506 2721 discernatur:
2559 2680 2687 2723 non
2723 2682 2890 2725 unus
2922 2636 3068 2744 plus·

448 2788 686 2832 ametur
735 2787 927 2849 quarn
977 2767 1153 2845 alim,
1207 2766 1324 2827 nisi
1370 2786 1558 2847 quem
1608 2765 1906 2826 inbonis
1952 2766 2205 2842 actibuS,
2239 2782 2343 2826 aut
2375 2766 2725 2828 obedientia
2759 2768 3060 2831 invenerit

445 2878 784 2939 meliorem.
848 2876 995 2935 Non
1028 2875 1404 2936 convertenti
1438 2894 1512 2934 ex
1543 2873 1791 2934 servitio
1825 2888 2241 2955 praeponatur
2274 2874 2616 2952 ingenuus;
2667 2875 2785 2936 nisi
2817 2876 2930 2937 alia
2967 2897 3059 2937 ra-

446 2984 756 3045 tionabilis
788 3001 968 3043 causa
1001 2982 1231 3043 existat.
1299 2980 1492 3056 Quod
1525 2980 1576 3040 si
1609 2979 1688 3040 ita
1724 2979 1946 3057 justitia
1978 2980 2239 3041 dictante
2273 2981 2497 3041 Abbati
2530 2981 2732 3042 visum
2768 2982 2965 3062 fuerit,
3002 3004 3059 3047 et

370 3115 385 3124 ·
446 3093 522 3152 de
574 3089 899 3169 cujuslibet
950 3089 1167 3149 ordine
1218 3086 1280 3150 id
1334 3087 1541 3161 faciat;
1593 3087 1686 3149 sin
1736 3088 1902 3154 alias.
1951 3088 2199 3169 propria
2247 3102 2496 3150 teneant
2540 3089 2706 3150 loca:
2758 3092 2902 3171 quia
2935 3094 3059 3155 sive

445 3217 675 3275 servus,
724 3198 850 3257 sive
899 3196 1072 3270 liber,
1124 3214 1342 3256 omnes
1394 3195 1458 3256 in
1507 3195 1759 3256 Christo
1814 3213 2015 3255 unum
2062 3214 2311 3266 sumus:
2363 3211 2421 3256 et
2465 3199 2582 3256 sub
2617 3217 2749 3258 uno
2785 3199 3060 3261 Domino

447 3305 768 3384 aequalem
808 3298 1119 3366 servitutis
1170 3302 1449 3363 militiam
1497 3300 1875 3378 bajulamus:
1926 3302 2070 3381 quia
2121 3321 2251 3362 non
2285 3317 2374 3362 est
2406 3304 2571 3383 apud
2611 3303 2812 3366 Deum
2851 3327 3058 3387 perso-

449 3430 673 3471 narum
707 3410 995 3491 acceptio,
1051 3409 1472 3470 Solummodo
1504 3407 1569 3468 in
1602 3409 1715 3468 hac
1748 3425 1914 3488 parte
1946 3409 2111 3488 apud
2147 3407 2351 3487 ipsum
2386 3408 2810 3486 discernimur,
2845 3414 2893 3474 si
2927 3432 3062 3473 me-

446 3518 629 3579 liores
675 3519 750 3577 ab
800 3517 931 3577 aliis
983 3516 1043 3576 in
1093 3516 1387 3597 operibus
1435 3514 1632 3590 bonis,
1683 3530 1739 3573 et
1790 3514 2058 3575 humiles
2105 3513 2513 3575 inveniamur.
2580 3516 2743 3599 Ergo
2789 3521 3061 3599 aequalis

446 3626 522 3686 sit
572 3628 647 3686 ab
699 3645 775 3687 eo
824 3624 1121 3686 omnibus
1171 3624 1461 3698 charitas3
1514 3643 1638 3683 una
1693 3625 2052 3703 praebeatur
2098 3623 2411 3696 omnibus,
2447 3623 2790 3684 secundum
2826 3626 3060 3702 merita,

447 3732 788 3814 disciplina.

661 3840 728 3899 ln
779 3839 1054 3900 doctrina
1087 3859 1196 3902 sua
1232 3857 1505 3919 namque
1540 3839 1748 3898 Abbas
1781 3836 2205 3916 Apostolicam
2240 3838 2417 3897 debet
2451 3837 2614 3897 illam
2650 3857 2897 3918 semper
2931 3838 3058 3901 for-

451 3965 616 4007 mam
665 3966 923 4020 servare,
972 3946 1034 4006 in
1071 3965 1191 4026 qua
1227 3945 1400 4005 dicit:
1450 3945 1685 4024 Argue,
1719 3943 1994 4016 obsecra,
2027 3945 2280 4024 increpa
2297 3967 2326 4016 ‚·
2374 3944 2434 4003 id
2467 3961 2574 4020 est,
2610 3944 2874 4006 miscens
2907 3962 3052 4006 tem·

446 4054 704 4136 poribus
738 4071 1035 4136 tempora,
1072 4053 1407 4112 terroribus
1440 4052 1878 4114 blandimenta.
1904 4050 2106 4111 dirum
2134 4050 2423 4129 magistri,
2449 4051 2622 4131 pium
2649 4051 2830 4131 patris
2852 4065 3049 4112 osten-

449 4162 552 4221 dat
583 4161 900 4222 affectum:
937 4161 997 4220 id
1032 4177 1138 4237 est,
1174 4159 1662 4239 indisciplinatos
1696 4174 1752 4218 et
1788 4158 2097 4237 inquietos
2131 4158 2312 4219 debet
2344 4157 2558 4218 durius
2590 4177 2880 4236 arguere:
2916 4161 3065 4219 obe-

451 4267 687 4327 dientes
740 4284 945 4328 autem
998 4284 1053 4328 et
1106 4267 1281 4327 mites
1331 4283 1388 4326 et
1438 4266 1750 4347 patientes,
1804 4281 1870 4324 ut
1924 4265 1985 4325 in
2050 4264 2269 4326 melius
2333 4264 2668 4345 proficiant,
2730 4268 3064 4326 obsecrare.

451 4377 847 4456 Negligentes
896 4395 952 4436 et
999 4392 1460 4437 contemnentes
1508 4392 1572 4435 ut
1608 4375 1879 4455 increpet
1913 4389 1971 4435 et
2005 4373 2313 4453 corripiat,
2349 4374 2779 4434 admonemus.
2844 4374 3063 4452 Neque

451 4482 790 4543 dissimulet
826 4497 1066 4563 peccata
1103 4482 1638 4562 delinquentium:
1690 4481 1795 4540 sed
1831 4500 1976 4541 mox
2011 4495 2075 4540 ut
2108 4480 2421 4558 coeperint
2454 4479 2618 4555 oriri,
2654 4479 2941 4540 radicitus
2973 4499 3062 4552 ea,

453 4608 516 4651 ut
568 4592 888 4672 praevalet,
920 4600 1238 4669 amputet:
1290 4607 1532 4649 memor
1580 4587 1828 4668 periculi
1865 4587 2004 4647 Heli
2041 4586 2382 4647 Sacerdotis
2429 4587 2505 4646 de
2541 4587 2687 4647 Silo.
2754 4589 2825 4646 Et
2866 4588 3063 4646 hone·

449 4697 665 4758 stiores
716 4698 973 4778 quidem
1022 4712 1203 4777 atque
1253 4696 1666 4777 intelligibiles
1700 4694 1941 4755 animos
1977 4694 2170 4774 prima
2205 4694 2297 4754 vel
2327 4695 2605 4755 secunda
2637 4694 3063 4755 admonitione

452 4805 650 4865 verbis
696 4806 1015 4885 corripiat:
1067 4805 1386 4887 improbos
1433 4819 1635 4864 autem
1687 4819 1743 4862 et
1793 4802 2003 4878 durOS,
2049 4820 2118 4861 ac
2150 4804 2468 4880 superbos,
2505 4803 2596 4862 vel
2632 4801 3060 4862 inobedientes

453 4915 779 4973 verberum
823 4913 919 4972 vel
970 4913 1247 4994 corporis
1292 4911 1705 4991 castigatione,
1756 4910 1819 4971 in
1867 4909 2002 4990 ipso
2036 4908 2212 4969 initio
2248 4909 2475 4989 peccati
2509 4917 2815 4983 coerceam
2869 4908 3065 4969 sciens

666 5034 703 5077 G
723 5036 966 5077 alante:
998 5033 1163 5076 Fontes
1193 5033 1273 5084 jur.
1305 5046 1399 5076 can.
2853 5029 2925 5081 40
