3684 5416
368 1566 426 1598 10

371 2101 423 2146 ¹5

369 2636 428 2668 20

371 3172 426 3215 ²5

369 3706 430 3751 30

372 4319 426 4364 35

1111 390 1380 448 Potestas
1422 391 1802 448 ecclesiastica
1842 407 1900 449 et
1936 392 2239 465 imperium
2279 394 2455 450 civile.
2993 415 3090 468 ¹05

473 570 554 651 k)
685 572 847 649 XVI,
892 592 984 651 10,
1033 593 1104 634 12
1140 573 1287 653 (302
1326 575 1486 638 Nov.
1525 578 1603 651 8.)

688 691 938 747 ῙΜΡΡΡ.
963 691 1535 762 ΤΗΕΟΒ(081Χ18),
1559 695 1996 764 ARCADUVS)
2024 697 2125 751 ΕΤ
2151 696 2603 764 ΗΟΝΟΗΟΧῘΞ)
2635 701 2808 755 ΑΑΑ.
2834 700 2939 756 AD
2965 700 3092 756 RU-

582 779 815 835 FINUM
854 780 1380 849 P(AEFECTVM)
1419 784 1932 852 PfflAETORlo).

688 895 917 956 Nullus
962 895 1246 972 omnino,
1290 916 1362 957 ex
1407 897 1686 977 quolibet
1725 916 1950 977 genere
1984 897 2204 959 ordine
2235 897 2571 959 hominum
2604 897 2968 977 dignitatum
2999 901 3093 961 vel

475 999 540 1060 in
571 1015 866 1082 potestate
898 1001 1150 1082 positus,
1199 1002 1294 1063 vel
1337 1003 1577 1065 honore
1611 1003 1988 1085 perfunctus,
2020 1004 2143 1065 sive
2177 1020 2397 1086 potens
2430 1020 2596 1066 sorte
2629 1006 2940 1082 nascendi,
2976 1027 3085 1068 seu

476 1106 729 1168 humilis
784 1127 1010 1188 genere
1070 1109 1436 1171 condicione
1483 1108 1732 1172 fortuna
1778 1111 1839 1172 in
1888 1110 2065 1172 nullo
2112 1091 2359 1192 penitus
2405 1111 2563 1189 loce,
2611 1111 2675 1172 in
2723 1110 2892 1172 nulla
2926 1115 3095 1188 urbe,

475 1233 660 1275 sensu
709 1214 1055 1277 carentibus
1100 1215 1461 1293 simulacris,
1508 1217 1606 1277 vel
1655 1217 1966 1279 insontem
2014 1216 2325 1279 victimam
2373 1217 2583 1278 caedat
2632 1218 2727 1278 vel
2772 1219 3094 1280 secretiore

479 1320 723 1402 piaculo
770 1322 958 1383 larem
1005 1323 1168 1401 igne,
1215 1341 1389 1384 mero
1430 1323 1705 1403 genium,
1753 1340 2006 1407 penates
2055 1324 2250 1388 odore
2296 1339 2643 1403 veneratus,
2677 1325 2968 1386 accendat
2998 1325 3092 1386 lu-

480 1429 664 1504 mina,
693 1430 951 1510 inponat
983 1448 1136 1508 tura,
1171 1413 1334 1493 serta*
1358 1433 1709 1513 suspendat.
1758 1453 1807 1493 t.
1831 1431 2023 1508 Quod
2058 1432 2108 1493 si
2141 1431 2451 1513 quispiam
2485 1430 2807 1493 immolare
2831 1432 3094 1492 hostiam

479 1534 923 1599 sacrificaturus
954 1539 1221 1614 audebit,
1252 1555 1356 1600 aut
1386 1539 1676 1623 spirantia
1709 1555 1838 1601 exta
1874 1539 2219 1616 consulere,
2253 1539 2332 1599 ad
2375 1537 2726 1620 exemplum
2770 1539 3094 1601 maiestatis

481 1662 639 1720 reus,
683 1642 843 1704 licita
890 1645 1123 1706 cunctis
1168 1647 1579 1726 accusatione,
1628 1646 1887 1724 delatus,
1935 1646 2189 1728 excipiat
2234 1645 2603 1707 sententiam
2635 1661 3093 1726 conpetentem,

479 1749 715 1810 etiamsi
759 1750 912 1811 nihil
957 1769 1168 1814 contra
1214 1754 1475 1816 salutem
1509 1752 1876 1835 principum,
1922 1769 2026 1813 aut
2070 1753 2147 1813 de
2194 1753 2387 1813 salute
2421 1751 2769 1832 quaesierit.
2835 1751 3091 1831 Sufficit,

481 1856 646 1918 enim
694 1857 770 1916 ad
804 1857 1075 1920 criminis
1107 1860 1359 1936 molem,
1409 1876 1658 1921 naturae
1692 1860 1883 1941 ipsius
1914 1858 2080 1939 leges
2115 1858 2266 1919 velle
2299 1859 2661 1936 rescindere,
2696 1857 2923 1920 inlicita
2955 1878 3094 1939 per-

480 1964 729 2024 scrutari
775 1965 1015 2026 occulta
1059 1966 1390 2041 recludere,
1424 1966 1742 2028 interdicta
1773 1982 2091 2047 temptare,
2141 1964 2331 2026 finem
2374 1983 2669 2045 quaerere
2702 1966 2915 2027 salutis
2946 1965 3092 2027 alie-

484 2089 615 2146 nae,
659 2090 833 2152 spem
878 2071 1061 2132 alieni
1107 2073 1385 2134 interitus
1419 2073 1713 2153 polliceri.
1797 2093 1850 2135 2.
1905 2072 1969 2133 Si
2003 2072 2141 2152 quis
2173 2090 2320 2132 vero
2352 2070 2595 2133 mortali
2633 2091 2820 2153 opere
2855 2072 3005 2133 facta
3040 2087 3098 2133 et

480 2195 698 2237 aevum
744 2198 992 2259 passura
1036 2179 1364 2242 simulacra
1415 2179 1684 2262 inposito
1729 2196 1865 2241 ture
1909 2179 2320 2257 venerabitur,
2369 2199 2437 2239 ac
2484 2177 2745 2240 ridiculo
2788 2179 3093 2261 exemp10,

480 2299 764 2345 metuens
807 2285 1012 2348 subito
1046 2306 1205 2367 quae
1250 2288 1379 2369 ipse
1424 2286 1827 2365 simulauerit‚
1863 2285 1956 2347 vel
1999 2285 2278 2347 redimita
2324 2284 2484 2346 vittis
2517 2287 2734 2345 arbore
2767 2284 2863 2345 vel
2895 2301 3091 2345 erecta

480 2389 715 2453 effossis
765 2412 861 2453 ara
914 2393 1242 2475 cespitibus
1291 2413 1478 2456 vanas
1524 2393 1845 2472 imagines,
1896 2391 2230 2453 humiliore
2278 2391 2417 2453 licet
2469 2390 2741 2452 muneris
2795 2391 3091 2472 praemi0,

482 2513 687 2559 tamen
733 2499 914 2581 plena
958 2499 1271 2579 religionis
1318 2500 1554 2577 iniuria,
1603 2500 1912 2561 honorare
1945 2499 2345 2581 temptaverit,
2380 2499 2430 2560 is
2464 2514 2676 2580 utpote
2709 2498 2966 2560 violatae
2999 2518 3092 2558 re-

477 2604 721 2684 ligionis
765 2625 902 2667 reus
948 2626 1016 2668 ea
1062 2607 1256 2668 domo
1301 2626 1409 2668 seu
1458 2606 1847 2689 possessione
1895 2606 2267 2685 multabitur,
2315 2605 2379 2666 in
2425 2626 2548 2687 qua
2596 2623 2741 2667 eum
2774 2604 3082 2684 gentilicia

482 2714 817 2776 constiterit
865 2715 1294 2797 superstitione
1346 2715 1733 2776 famulatum.
1795 2715 2086 2794 Namque
2135 2713 2348 2775 omnia
2381 2714 2532 2791 loca,
2567 2733 2725 2793 quae
2759 2712 2907 2774 turis
2941 2730 3091 2773 con-

481 2821 693 2883 stiterit
722 2841 950 2904 vapore
983 2821 1267 2899 fumasse,
1299 2822 1348 2883 si
1383 2837 1588 2883 tamen
1624 2841 1693 2883 ea
1726 2821 1787 2882 in
1819 2821 1951 2881 iure
1974 2820 2162 2883 fuisse
2183 2820 2626 2882 turificantium
2651 2821 3091 2901 probabuntur,

482 2926 631 2990 fisco
666 2944 881 2988 nostro
913 2928 1283 2989 adsocianda
1314 2947 1658 2991 censemus
1727 2949 1779 3009 3.
1818 2927 1929 2988 Sin
1978 2946 2125 2989 vero
2171 2927 2233 2988 in
2269 2927 2516 3009 templis
2547 2925 2776 2988 fanisve
2813 2924 3092 3007 publicis,

481 3049 585 3094 aut
637 3034 702 3095 in
750 3035 1008 3097 aedibus
1055 3036 1288 3115 agrisve
1335 3036 1565 3112 alienis,
1620 3035 1736 3097 tale
1782 3035 2094 3116 quispiam
2145 3034 2521 3097 sacrificandi
2568 3053 2769 3115 genus
2821 3052 3095 3094 exercere

481 3142 889 3223 temptauerit,
923 3142 972 3203 si
1004 3143 1327 3223 ignorante
1361 3143 1622 3205 domino
1657 3157 1947 3224 usurpata
1979 3142 2334 3217 constiterit,
2369 3141 2585 3221 viginti
2608 3141 2889 3222 quinque
2911 3139 3094 3201 libras

481 3249 615 3309 auri
661 3250 890 3310 multae
937 3249 1191 3312 nomine
1236 3265 1494 3327 cogetur
1536 3249 1781 3329 inferre,
1829 3249 2221 3311 coniventem
2269 3268 2418 3310 vero
2459 3248 2604 3310 huic
2642 3247 2854 3309 sceleri
2890 3266 2998 3328 par
3028 3266 3097 3306 ac

481 3354 922 3417 sacrificantem
969 3376 1172 3438 poena
1216 3356 1514 3419 retinebit.
1577 3376 1637 3436 4.
1689 3356 1881 3431 Quod
1928 3356 2185 3437 quidem
2232 3356 2310 3418 ita
2357 3376 2465 3437 per
2495 3355 2746 3433 iudices,
2778 3375 2847 3416 ac
2881 3353 3093 3415 defen-

481 3481 667 3535 sores,
700 3478 757 3523 et
789 3462 1044 3523 curiales
1094 3462 1479 3541 singularum
1532 3463 1805 3539 urbium,
1858 3465 2152 3526 volumus
2203 3461 2520 3536 custodiri,
2571 3478 2637 3523 ut
2672 3461 2812 3523 ilico
2845 3480 2951 3542 per
2983 3461 3098 3521 hos

481 3585 794 3651 comperta
827 3569 888 3630 in
919 3569 1219 3632 iudicium
1250 3569 1607 3632 deferantur
1637 3589 1748 3651 per
1779 3570 1921 3632 illos
1954 3570 2148 3632 delata
2181 3570 2542 3651 plectantur.
2606 3568 2669 3629 Si
2703 3566 2856 3647 quid
2890 3580 3097 3627 autem

481 3675 521 3736 ii
554 3676 893 3758 tegendum
926 3676 1134 3758 gratia,
1167 3692 1273 3738 aut
1305 3676 1539 3738 incuria
1573 3676 2187 3758 praetermittendum
2223 3695 2355 3736 esse
2388 3674 2777 3750 crediderint,
2814 3692 3096 3734 commo-

482 3783 636 3844 tioni
685 3782 1037 3844 iudiciariae
1085 3782 1525 3855 subiacebunt;
1577 3782 1664 3843 illi
1713 3801 1861 3843 vero
1909 3782 2126 3843 moniti
2160 3783 2209 3843 si
2240 3781 2573 3843 vindictam
2606 3779 3095 3842 dissimulatione

482 3889 845 3968 distulerint,
890 3889 1134 3970 triginta
1180 3890 1473 3951 librarum
1521 3890 1654 3952 auri
1701 3889 2031 3971 dispendio
2080 3890 2521 3966 multabuntur,
2575 3886 2792 3950 officiis
2841 3904 3098 3966 quoque

481 4016 702 4058 eorum
753 3998 984 4059 damno
1035 3996 1209 4078 parili
1259 3998 1683 4077 subiugandis.
1743 3974 2054 4056 DAT.'V1.
2094 4002 2189 4056 11).
2229 4000 2409 4055 Nov.
2451 3996 3094 4067 coNsT(ANT1No)-

481 4107 678 4163 POLI.
741 4106 1080 4162 ARCADIO
1119 4110 1186 4163 A.
1226 4109 1291 4162 11.
1330 4110 1430 4163 ΕΤ
1469 4107 1750 4163 RVFINO
1794 4107 2060 4162 CONSS.

481 4291 535 4366 l)
690 4290 991 4369 xv1,10‚
1029 4310 1103 4370 25
1142 4291 1287 4371 (435
1328 4291 1486 4354 Nov.
1531 4293 1642 4371 14.)

696 4420 895 4475 IMPP.
924 4419 1476 4486 THEOD(OSIVS)
1517 4420 1617 4474 ΕΤ
1650 4421 1699 4473 Χ
1703 4417 2285 4545 ALOENTJNDANx·
2291 4415 2331 4471 S
2359 4418 2479 4472 ΑΑ.
2504 4416 2812 4471 ISIDORO
2844 4416 3095 4481 POEAE·

585 4510 875 4575 FECTO)
915 4508 1431 4575 PtRAETORIO).

696 4622 1011 4684 Omnibus
1041 4622 1364 4683 sceleratae
1399 4620 1623 4682 mentis
1656 4639 1928 4702 paganae
1963 4619 2317 4681 execrandis
2350 4619 2690 4680 hostiarum
2724 4617 3094 4678 immolatio-

485 4729 666 4791 nibus
698 4728 1193 4810 damnandisque
1224 4728 1530 4790 sacrificiis
1571 4728 1910 4807 ceterisque
1944 4726 2369 4807 antiquiorum
2403 4726 2796 4787 sanctionum
2829 4725 3093 4785 auctori-

375 4861 432 4901 4ο
482 4851 600 4897 tate
648 4836 969 4917 prohibitis
1017 4835 1436 4898 interdicimus
1481 4849 1829 4915 cunctaque
1875 4854 2100 4896 eorum
2149 4834 2283 4896 fana
2316 4833 2545 4914 templa
2578 4832 2855 4907 delubra,
2890 4830 2940 4889 si
2972 4850 3095 4909 qua

483 4943 665 5005 etiam
699 4962 868 5005 nunc
899 4960 1124 5006 restant
1156 4944 1409 5025 integra,
1440 4958 1766 5024 praecepto
1801 4942 2270 5021 magistratuum
2292 4939 2522 5001 destrui
2543 4937 3091 5018 conlocationeque
