3684 5416
1199 355 1464 409 Potestas
1505 354 1884 410 ecclesiastica
1923 366 1982 409 et
2018 353 2322 425 imperium
2362 352 2539 408 civile.
3068 372 3095 407 2
3104 371 3162 425 5¹

772 546 801 606 S
834 557 939 616 47.
1004 537 1264 598 Reditus
1311 538 1516 616 etiam,
1549 557 1659 600 nec
1692 557 1826 599 non
1859 539 2155 616 decimae,
2192 557 2461 599 canones
2494 553 2552 598 et
2584 537 2916 619 pensiones
2950 542 3167 615 Augu-

557 658 762 704 stanae
794 643 1220 706 Confessionis
1270 644 1557 720 StatibuS,
1606 644 2070 707 fundationibus
2118 645 2240 706 iarn
2285 644 2611 705 destructis
2656 660 2714 704 et
2758 643 3062 723 collapsis,
3097 663 3169 704 ex

556 750 768 811 alienis
798 749 1110 810 territoriis
1142 749 1400 830 debitae,
1437 751 1508 811 iis
1541 751 1954 829 exsolvantur,
2003 752 2113 831 qui
2158 768 2328 812 anno
2373 752 2555 829 1624.
2592 750 2690 810 die
2735 771 2783 811 1.
2813 749 3069 810 Ianuarii
3104 749 3169 810 in

557 856 948 938 possessione
995 857 1412 940 perceptionis
1457 858 1555 918 vel
1586 859 1762 938 quasi
1798 858 2069 920 fuerunt.
2135 858 2316 933 Quae
2350 877 2494 919 vero
2527 859 2604 917 ab
2635 876 2802 916 anno
2845 857 3027 935 1624.
3060 856 3169 917 de-

556 978 816 1024 structae
848 962 1119 1042 fuerunt,
1151 981 1261 1027 aut
1293 965 1358 1026 in
1391 964 1670 1027 futurum
1703 965 2048 1042 concident,
2085 984 2300 1027 earum
2321 965 2651 1047 pensiones
2671 964 2854 1024 etiam
2873 962 2937 1024 in
2958 963 3169 1025 alienis

556 1070 862 1132 territoriis
883 1072 1162 1132 Domino
1196 1071 1490 1133 destructi
1524 1073 1873 1134 monasterii
1908 1092 2018 1133 seu
2054 1073 2195 1149 loci,
2229 1073 2292 1133 in
2325 1093 2455 1153 quo
2488 1072 2549 1133 id
2582 1072 2765 1134 situm
2803 1070 2934 1148 fuit,
2970 1072 3168 1132 exsol-

556 1193 791 1238 vantur.
854 1176 1036 1253 Quae
1069 1179 1292 1239 itidem
1327 1177 1722 1240 fundationes
1754 1179 1855 1240 die
1898 1200 1945 1240 1.
1978 1179 2239 1240 Ianuarii
2274 1179 2420 1239 anni
2466 1181 2646 1256 1624.
2679 1179 2744 1239 in
2779 1180 3169 1259 possessione

555 1282 650 1344 vel
700 1285 874 1364 quasi
923 1285 1072 1346 iuris
1123 1285 1476 1346 decimandi
1527 1305 1561 1346 e
1610 1287 1792 1347 bonis
1844 1286 2170 1348 novalibus
2220 1286 2286 1346 in
2330 1286 2534 1347 alieno
2567 1285 2870 1348 territorio
2903 1286 3170 1362 fuerunt,

551 1389 669 1451 sint
718 1390 899 1453 etiam
950 1392 1014 1452 in
1064 1409 1409 1474 posterum,
1465 1393 1621 1453 nihil
1670 1409 1879 1454 autem
1927 1394 2073 1455 novi
2119 1393 2268 1455 iuris
2301 1410 2645 1474 quaeratur.
2708 1393 2868 1454 Inter
2898 1410 3170 1455 caeteros

453 1519 504 1551 ιο
555 1498 762 1560 Status
811 1498 1052 1579 Imperii
1096 1515 1155 1560 et
1205 1500 1487 1562 subditos
1537 1499 1598 1560 id
1650 1499 1797 1560 iuris
1852 1516 2003 1580 esto,
2039 1501 2212 1581 quod
2245 1501 2339 1561 ius
2371 1518 2707 1561 commune
2741 1501 2837 1562 vel
2867 1501 3166 1582 cuiusque

450 2053 497 2097 ι5

445 3132 496 3176 25

445 3667 500 3711 30

553 1605 674 1667 loci
719 1606 1109 1667 consuetudo
1154 1622 1213 1668 et
1259 1607 1648 1668 observantia
1697 1608 1773 1668 de
1806 1607 2063 1668 decimis
2094 1627 2166 1668 ex
2199 1608 2382 1668 bonis
2413 1607 2736 1669 novalibus
2768 1609 3172 1684 constituunt,

554 1731 656 1776 aut
688 1704 797 1795 per
826 1715 1140 1796 pactiones
1173 1715 1550 1776 voluntarias
1582 1703 1966 1777 conventum
1998 1732 2102 1776 est.

767 1830 796 1891 S
830 1821 913 1900 48
967 1821 1124 1884 XVI.
1155 1821 1254 1882 Ius
1284 1822 1725 1882 dioecesanum
1757 1837 1815 1882 et
1848 1837 1970 1882 tota
2004 1821 2343 1883 iurisdictio
2364 1821 2761 1882 ecclesiastica
2786 1841 2932 1884 cum
2965 1824 3168 1884 omni·

554 1931 670 1990 bus
709 1929 836 1990 suis
867 1929 1190 2010 speciebus
1223 1943 1437 1988 contra
1470 1932 1869 2006 Augustanae
1902 1927 2314 1989 confessionis
2347 1927 2657 2001 electores,
2687 1905 3013 2011 principes,
3047 1945 3165 1989 sta-

554 2052 651 2096 tus
698 2036 1164 2117 (comprehensa
1208 2036 1396 2097 libera
1443 2035 1684 2116 Imperii
1715 2033 2088 2111 Nobilitate),
2133 2053 2479 2114 eorumque
2524 2036 2803 2096 subditos
2847 2050 2972 2095 tarn
3012 2036 3168 2095 inter

555 2142 889 2203 catholicos
922 2157 981 2202 et
1001 2147 1399 2221 Augustanae
1431 2141 1807 2204 confessioni
1840 2142 2134 2216 addictos,
2165 2161 2356 2222 quam
2388 2141 2545 2202 inter
2575 2141 2741 2223 ipsos
2760 2141 2927 2203 solos
2946 2148 3163 2220 Augu·

552 2263 754 2310 stanae
800 2249 1205 2311 confessionis
1249 2266 1436 2311 status
1469 2269 1669 2331 usque
1701 2250 1779 2310 ad
1811 2248 2329 2330 compositionem
2361 2248 2757 2309 christianam
2790 2248 3021 2309 dissidii
3044 2248 3163 2307 Re-

551 2355 797 2435 ligionis
829 2376 1125 2438 suspensa
1160 2372 1312 2435 est0,
1344 2374 1405 2419 et
1435 2357 1592 2418 intra
1624 2357 1924 2418 terminos
1955 2355 2237 2417 territorii
2269 2355 2571 2435 cuiusque
2602 2355 2699 2415 ius
2729 2355 3167 2416 dioecesanum

555 2478 614 2523 et
646 2463 979 2524 iurisdictio
1011 2464 1409 2525 ecclesiastica
1442 2484 1507 2524 se
1538 2464 1873 2528 contineat.
1907 2510 1921 2525 .
1953 2511 1967 2526 .
2001 2511 2015 2526 .

767 2579 797 2640 S
829 2591 932 2650 49.
996 2571 1064 2631 ln
1109 2572 1341 2651 quibus
1384 2570 1752 2631 Civitatibus
1798 2590 1945 2631 vero
1993 2569 2239 2649 Imperii
2286 2569 2509 2629 mixtae
2556 2567 2894 2646 Religionis
2938 2567 3166 2627 exerci-

552 2677 708 2739 tium
739 2676 805 2738 in
838 2697 957 2738 usu
989 2693 1098 2756 est,
1133 2676 1474 2739 Catholicis
1509 2676 1835 2759 Episcopis
1869 2693 2079 2740 contra
2111 2676 2271 2738 cives
2304 2681 2708 2755 Augustanae
2740 2672 3168 2735 Confessionis

555 2785 725 2847 nulla
770 2786 847 2846 sit
892 2785 1248 2863 iurisdictio,
1292 2800 1352 2846 at
1386 2785 1697 2846 Catholici
1747 2785 1914 2847 iuxta
1961 2784 2411 2846 observantiam
2462 2784 2607 2845 dicti
2641 2782 2787 2844 anni
2830 2784 3013 2860 1624.
3050 2801 3168 2841 suo

552 2894 686 2954 iure
717 2892 1122 2974 experiantur.

765 3008 794 3068 S
835 3019 929 3078 50.
990 2999 1174 3060 XVII.
1243 2999 1593 3079 Utriusque
1662 2999 2003 3077 Religionis
2054 2998 2446 3077 Magistratus
2508 3017 2713 3058 severe
2777 3011 2836 3057 et
2895 2996 3169 3075 rigorose

553 3106 889 3187 prohibeat,
936 3126 1015 3167 ne
1060 3106 1398 3187 quisquam
1448 3106 1697 3187 publice
1732 3106 2090 3187 privatimve
2123 3106 2579 3184 concionando,
2615 3105 2923 3182 docend0,
2956 3105 3168 3184 dispu-

553 3217 756 3289 tand0,
787 3214 1135 3292 scribendo,
1171 3213 1563 3274 consulendo
1595 3212 2111 3273 Transactionem
2148 3214 2622 3290 passaviensem,
2654 3214 2873 3273 Pacem
2897 3210 3169 3289 Religio-

554 3343 684 3384 sam
730 3323 826 3383 vel
876 3324 1032 3383 hanc
1079 3321 1377 3403 imprimis
1441 3320 1568 3380 sive
1625 3320 2124 3382 Declarationem
2183 3321 2307 3382 sive
2356 3320 2869 3381 Transactionem
2930 3318 3169 3398 uspiam

554 3429 898 3511 impugnet,
946 3428 1198 3489 dubiam
1251 3426 1446 3504 faciat,
1480 3442 1586 3487 aut
1618 3427 1986 3488 assertiones
2017 3427 2348 3488 contrarias
2380 3426 2522 3487 inde
2556 3427 2859 3486 deducere
2892 3440 3172 3487 conetur.

556 3534 877 3615 Quicquid
923 3534 1104 3595 etiam
1158 3532 1450 3594 contrarii
1497 3534 1794 3594 hactenus
1838 3535 1935 3595 vel
1982 3534 2237 3611 editum,
2269 3532 2366 3592 vel
2395 3531 2858 3612 promulgatum
2893 3530 3168 3611 publica-

555 3659 766 3703 tumve
813 3642 1026 3719 fuerat,
1073 3641 1315 3702 irritum
1363 3656 1529 3714 esto;
1592 3640 1701 3700 sed
1733 3640 1784 3700 si
1817 3640 1990 3701 dubii
2025 3639 2174 3720 quid
2209 3640 2351 3699 hinc
2383 3653 2489 3699 aut
2520 3637 2773 3699 aliunde
2807 3638 3033 3699 incidat
3066 3657 3170 3700 aut

552 3769 626 3810 ex
671 3750 872 3811 causis
905 3750 1122 3810 Pacem
1161 3746 1543 3823 Religiosam
1591 3762 1697 3807 aut
1742 3747 1900 3807 hanc
1932 3744 2440 3807 Transactionem
2473 3744 2869 3822 tangentibus
2901 3745 3169 3821 resultet,

552 3859 627 3918 de
675 3878 749 3919 eo
802 3858 863 3918 in
897 3857 1182 3919 Comitiis
1225 3856 1323 3916 vel
1365 3855 1497 3916 aliis
1530 3854 1773 3935 Imperii
1810 3853 2242 3915 Conventibus
2274 3852 2431 3912 inter
2461 3850 2787 3931 utriusque
2821 3852 3171 3931 Religionis

553 3984 836 4045 proceres
870 3984 1003 4026 non
1037 3964 1153 4024 nisi
1189 3963 1501 4024 amicabili
1537 3963 1774 4025 ratione
1807 3963 2193 4042 transigatur.

599 4054 600 4059 ἵ
766 4082 794 4142 S
835 4093 930 4151 51.
994 4071 1204 4133 XVIII.
1271 4071 1339 4131 In
1387 4071 1833 4133 Conventibus
1881 4071 2333 4153 Deputatorum
2380 4068 2622 4149 Imperii
2655 4068 2997 4129 Ordinariis
3050 4088 3167 4129 nu·-

551 4197 758 4239 merus
789 4199 862 4239 ex
897 4179 1218 4258 utriusque
1255 4177 1600 4257 Religionis
1637 4178 2003 4260 proceribus
2038 4192 2354 4257 aequetur.
2399 4176 2492 4236 De
2524 4175 2805 4256 personis
2837 4191 3041 4237 autem
3075 4176 3168 4235 vel

551 4285 818 4347 Statibus
868 4285 1110 4366 Imperii
1161 4284 1582 4363 adiungendis
1623 4284 1684 4344 in
1745 4284 2035 4345 Comitiis
2085 4283 2383 4367 proximis
2431 4298 2759 4360 statuatur;
2826 4283 2888 4343 in
2940 4285 3167 4343 horum

550 4391 979 4453 Conventibus
1026 4392 1295 4471 itemque
1328 4391 1615 4453 Comitiis
1648 4392 2127 4468 universalibus,
2176 4390 2301 4451 sive
2336 4410 2407 4450 ex
2439 4409 2590 4466 un0,
2621 4391 2747 4450 sive
2779 4389 3028 4451 duobus
3061 4404 3169 4450 aut

547 4499 742 4560 tribus
775 4498 1017 4580 Imperii
1057 4490 1372 4576 Collegiis'
1401 4518 1776 4579 quacunque
1828 4499 2156 4560 occasione
2206 4512 2309 4558 aut
2354 4498 2430 4557 ad
2476 4517 2887 4578 quaecunque
2922 4497 3167 4575 negotia

549 4607 887 4688 deputandi
919 4607 1185 4681 veniant,
1221 4623 1522 4686 aequetur
1561 4608 2017 4689 Deputatorum
2051 4625 2350 4668 numerus
2383 4625 2452 4664 ex
2484 4606 2806 4686 utriusque
2830 4603 3169 4682 Religionis

549 4714 926 4797 proceribus.
995 4713 1117 4775 Ubi
1154 4713 1671 4774 Extraordinariis
1705 4713 2272 4774 Commissionibus
2320 4712 2562 4791 negotia
2595 4712 2658 4772 in
2692 4710 2955 4792 Imperio
2988 4729 3167 4790 expe-

488 4861 507 4879 .
548 4822 774 4882 dienda
807 4836 1160 4895 occurrunt,
1192 4820 1241 4881 si
1272 4840 1366 4881 res
1398 4819 1557 4879 inter
1589 4824 1991 4899 Augustanae
2029 4817 2460 4879 Confessionis
2493 4818 2696 4878 Status
2727 4832 3016 4887 versatur,
3051 4817 3167 4876 soli

549 4928 752 4989 eidem
784 4926 1090 5005 Religioni
1142 4925 1363 4986 addicti
1414 4927 1812 5006 deputentur,
1867 4925 1916 4985 si
1967 4925 2121 4985 inter
2165 4923 2542 5001 Catholicos,
2587 4922 2702 4983 soli
2747 4922 3069 4993 Catholici,
3117 4923 3164 4981 si
