3684 5416
355 1534 414 1565 (0

357 2069 412 2112 ι5

353 2602 418 2634 20

360 3138 418 3182 25

357 3672 424 3714 30

359 4206 420 4253 ‘35

359 4746 426 4787 40

1109 361 1374 415 Potestas
1413 359 1792 416 ecclesiastica
1831 373 1888 417 et
1926 361 2228 430 imperium
2268 361 2445 418 civile.

466 537 836 617 καρτερίαν
877 539 973 617 ὡς
1004 539 1320 623 μεγίστην
1351 539 1603 620 ἀρετὴν
1634 554 1744 604 συ-

465 646 881 731 ναναλαβείν
910 650 1059 724 ταῖς
1090 648 1331 724 ἄλλαις
1351 647 1743 711 ἐθελόντων.

462 751 685 815 Ἔνθα
716 752 957 834 μέντοι,
992 752 1199 816 οὐδὲν
1225 754 1531 817 ἐναντίον
1548 755 1746 834 πράτ-

470 880 670 940 τομεν
699 859 883 943 νόμῳ
914 859 1027 922 καὶ
1057 860 1243 943 λόγῳ
1277 859 1487 934 Θεοῦ,
1528 863 1612 924 οὐ
1644 881 1747 944 με·

473 966 789 1049 μήναμεν,
838 965 985 1030 οὐδ’
1037 967 1350 1051 ὁρμῶμεν
1390 968 1545 1030 καθ’
1597 967 1747 1031 ἑαυ-

471 1075 602 1136 τῶν
634 1071 920 1153 ἐγείρειν
961 1075 1296 1159 βασιλέως
1328 1075 1369 1154 ἢ
1402 1073 1747 1138 δυνάστου

472 1180 707 1261 θυμὸν,
730 1178 832 1242 ἐπὶ
853 1178 1079 1258 αἰκίας
1095 1181 1207 1243 καὶ
1233 1180 1748 1267 βασανιστήρια,

3008 382 3083 436 79

1801 545 1965 607 tibus
2011 545 2345 626 adjungere
2378 547 2644 609 student.
2708 549 2944 610 Verum
2977 548 3082 610 ubi

1801 651 1955 713 nihil
1999 673 2033 713 a
2080 653 2261 714 nobis
2304 653 2568 734 exigitur
2611 655 2731 733 legi
2785 671 2844 716 et
2891 657 3081 716 verbo

1803 757 1919 820 Dei
1957 759 2359 830 contrarium,
2409 778 2542 821 non
2574 781 2644 822 ea
2678 776 2884 824 nostra
2917 761 3082 823 insa-

1802 865 1922 943 nia,
1955 880 2023 926 ut
2057 881 2271 927 contra
2306 886 2422 928 nos
2453 868 2622 948 ipsos
2654 867 2811 947 regis
2843 883 2949 929 aut
2968 868 3081 950 dy-

1804 987 2011 1033 nastae
2059 972 2213 1033 iram
2259 973 2659 1048 concitemus,
2711 975 2879 1036 unde
2931 993 3081 1035 con·

1803 1079 2110 1150 tumeliae‚
2153 1079 2454 1160 supplicia
2501 1099 2793 1162 morsque
2844 1082 3081 1143 contin·

1803 1201 1988 1267 geret.
2051 1186 2344 1266 Legimus
2376 1188 2578 1249 enim:
2614 1189 2842 1249 Omnis
2874 1190 3083 1249 anima

473 1288 512 1366 ἢ
531 1289 643 1349 καὶ
660 1288 1005 1365 θανάτους
1023 1289 1201 1371 ἡμᾶς
1216 1289 1537 1371 φέροντα.
1564 1289 1749 1352 'Ave-
1793 1293 2206 1375 potestatibus
2251 1295 2776 1376 praecellentibus
2835 1295 3083 1356 subdita

471 1416 734 1477 γνωμεν
772 1395 910 1474 γὰρ
954 1394 1067 1457 καὶ
1114 1396 1210 1459 τό·
1282 1397 1537 1460 «Πᾶσα
1567 1396 1746 1480 ψυχὴ

473 1502 817 1579 ἐξουσίαις
846 1502 1344 1582 ὑπερεχούσαις
1377 1504 1746 1567 ὑποτασσέ-

473 1611 648 1672 σθω·
713 1612 795 1673 οῦ
828 1612 964 1690 γάρ
1008 1612 1189 1673 ἐστιν
1233 1609 1533 1685 ἐξουσία,
1574 1612 1631 1673 εἰ
1663 1609 1747 1692 μὴ

474 1718 608 1778 ἀπὸ
656 1715 876 1780 Θεοῦ·
930 1717 999 1780 αἱ
1048 1715 1130 1779 δὲ
1174 1717 1378 1781 οὖσαι
1425 1717 1747 1793 ἐξουσίαι,

472 1823 603 1886 ὑπὸ
665 1826 790 1886 τοῦ
839 1822 1028 1887 Θεοῦ
1088 1826 1484 1906 τεταγμέναι
1548 1824 1745 1888 εἰσίν·

473 1930 651 1994 ὥστε
695 1931 760 1994 οἱ
806 1932 1304 2011 ἀνθεστηκότες
1335 1935 1411 2014 τῇ
1447 1932 1747 2014 ἐξουσίᾳ,

473 2040 549 2118 τῇ
584 2041 706 2101 τοῦ
727 2036 916 2102 Θεοῦ
938 2038 1224 2119 διαταγῇ
1247 2039 1745 2103 ἀνθίστανται».

474 2143 593 2208 Ἑν
624 2145 849 2227 μέντοι
877 2166 959 2226 γε
989 2150 1131 2223 τοίς
1152 2147 1249 2223 εἰς
1269 2145 1387 2225 τὴν
1405 2145 1580 2225 πρὸς
1600 2145 1749 2208 Ῥω-

473 2252 716 2336 μαίους
740 2252 1215 2332 Ἐξηγητικοῑς,
1238 2252 1331 2329 ὡς
1354 2253 1649 2317 δυνατὸν
1670 2252 1751 2334 ᾖν

473 2362 642 2442 ἡμῖν,
691 2361 794 2423 ἐπὶ
837 2362 1067 2423 πλεῖον
1109 2361 1223 2423 καὶ
1270 2362 1484 2423 ταῦτα
1524 2361 1611 2423 τὰ
1639 2359 1749 2438 ῥή-

475 2488 654 2550 ματα
682 2468 998 2545 ποικίλως
1032 2468 1484 2548 εξητάσαμεν·
1531 2470 1655 2530 νῦν
1686 2467 1744 2529 δ’

476 2575 654 2638 αὐτὰ
685 2576 784 2652 εἰς
813 2575 893 2638 τὸ
925 2575 1367 2656 προκείμενον
1387 2574 1750 2637 ἁπλούστε-

475 2703 619 2762 ρον,
651 2682 831 2746 κατὰ
861 2681 980 2762 τὴν
1009 2682 1409 2760 κοινοτέραν
1442 2680 1749 2762 ἐκδοχὴν,

472 2788 999 2872 παρειλήφαμεν·
1020 2790 1291 2869 ἐπείπερ
1306 2789 1510 2870 φησὶν
1527 2790 1566 2850 ὁ
1586 2790 1749 2852 Κέλ·

476 2915 632 2977 σος·
706 2897 894 2961 «Οὐκ
939 2899 1105 2960 ἄνευ
1137 2896 1488 2981 δαιμονίας
1520 2896 1754 2976 ἰσχύος

474 3007 604 3067 τῶν
653 3002 818 3086 τῇδε
866 3002 1037 3067 εἶναι
1085 3004 1560 3087 ἠξιωμένους».
1615 3005 1752 3066 Καὶ

477 3112 617 3174 ἐπεὶ
638 3110 852 3188 πολὺς
869 3111 952 3190 ἦν
974 3110 1013 3170 ὁ
1035 3110 1248 3190 λόγος
1263 3111 1304 3171 ὁ
1319 3110 1469 3190 περὶ
1489 3113 1608 3190 τῆς
1624 3112 1754 3173 τῶν

481 3218 979 3303 βασιλευόντων
1021 3218 1136 3280 καὶ
1169 3217 1524 3281 δυναστῶν
1554 3239 1751 3280 κατα-

477 3329 822 3403 στάσεως·
876 3326 1132 3404 πολλῆς
1161 3324 1507 3403 ζητήσεως
1539 3323 1755 3403 οὔσης

475 3434 654 3495 κατὰ
683 3432 803 3495 τὸν
831 3431 1060 3514 τόπον,
1094 3430 1211 3494 διὰ
1226 3430 1390 3509 τοὺς
1408 3432 1756 3513 ὠμότερον

477 3541 588 3603 καὶ
644 3537 1223 3618 τυραννικώτερον
1285 3540 1649 3617 ἄρξαντας,
1713 3539 1753 3617 ἦ

479 3647 640 3725 τοὺς
688 3649 766 3709 ἐκ
807 3649 929 3709 τοῦ
963 3648 1195 3725 ἄρχειν
1226 3645 1328 3708 ἐπὶ
1358 3645 1612 3728 θρύψιν
1641 3645 1754 3708 καὶ

479 3753 739 3837 τρυφὴν
800 3754 1306 3829 ἐξοκείλαντας·
1377 3754 1495 3816 διὰ
1552 3758 1755 3817 τοῦτο

479 3863 581 3924 ἐπὶ
612 3864 736 3925 τοῦ
767 3861 1112 3940 παρόντος
1141 3861 1219 3923 τὸ
1239 3861 1602 3946 πρόβλημα
1622 3863 1756 3935 ἐξε-

479 3972 680 4032 τάσαι
723 3968 1215 4051 ὑπερεθὲμεθα.
1278 3968 1505 4047 Τύχην
1535 3969 1757 4050 μέντοι

484 4077 817 4161 βασιλέως
848 4078 976 4139 οῦκ
1007 4073 1316 4158 ὄμνυμεν,
1351 4075 1445 4153 ὡς
1464 4074 1614 4139 οὐδ’
1648 4076 1757 4137 ἅλ-

475 4185 601 4246 λον
648 4180 1090 4265 νομιζόμενον
1140 4180 1357 4245 Θεόν·
1413 4181 1549 4244 εἴτε
1596 4182 1755 4261 γὰρ,

478 4290 572 4367 ὡς
604 4289 976 4372 ὠνόμασαν
1006 4309 1202 4366 τινες,
1249 4290 1519 4370 ἐκφορὰ
1549 4288 1759 4370 μόνον

479 4398 660 4460 ἐστὶν
703 4397 744 4475 ἡ
791 4394 973 4477 τύχη,
1008 4395 1259 4478 ὁμοίως
1295 4394 1616 4473 «δοκήσει
1645 4395 1757 4458 καὶ

478 4503 909 4567 banetacan-20
962 4505 1092 4567 οὐκ
1122 4501 1416 4588 ὄμνυμεν
1447 4502 1525 4565 τὸ
1557 4502 1759 4585 μηδα-

480 4614 621 4694 μῶς
653 4613 736 4675 ὃν
766 4611 864 4690 ὡς
882 4610 1087 4685 Θεὸν,
1110 4611 1150 4689 ἦ
1173 4611 1353 4688 ὅλως
1371 4608 1761 4691 ὑφεστηκὸς

479 4719 590 4781 καὶ
638 4716 1021 4800 δύνάμενόν
1067 4738 1124 4779 τι
1169 4719 1464 4794 ποιῆσαι,
1513 4715 1631 4777 ἵνα
1675 4713 1758 4797 μὴ

480 4823 598 4905 τὴν
644 4822 965 4907 όμοτικὴν
1008 4822 1292 4904 δύναμιν
1331 4823 1428 4899 εἰς
1461 4824 1508 4883 ἂ
1540 4820 1624 4903 μὴ
1658 4820 1761 4882 δεῖ

479 4931 1127 5016 παραλαμβάνωμεν.
1163 4929 1298 4993 εἴτε
1328 4928 1441 4991 καὶ
1463 4927 1577 5009 (ὥς
1596 4943 1762 4990 τισιν

1802 1402 1903 1460 sit.
1936 1399 2075 1460 Non
2107 1407 2201 1461 est
2217 1403 2378 1461 enim
2397 1407 2677 1483 potestas
2695 1402 2880 1462 nisia
2902 1400 3040 1461 Deo
3052 1424 3084 1473 ,-

1802 1527 1956 1588 quae
2004 1513 2204 1567 autem
2253 1514 2399 1568 sunt
2432 1515 2801 1589 potestates,
2862 1530 2900 1569 a
2944 1507 3082 1569 Deo

1803 1614 2128 1674 ordinatae
2172 1620 2318 1675 sunt
2328 1638 2361 1688 ,·
2408 1616 2614 1695 itaque
2653 1617 2765 1696 qui
2784 1617 3089 1696 potestati

1805 1723 2131 1795 resistunt,
2160 1721 2296 1782 Dei
2336 1723 2724 1783 ordinationi
2767 1723 3079 1782 resistunt.

1805 1826 2010 1902 (Rom.
2042 1827 2187 1888 Xlll.
2232 1831 2348 1905 12.)
2412 1828 2591 1904 Quae
2637 1831 2819 1890 verba
2867 1831 2929 1892 in
2965 1849 3082 1892 no-

1804 1934 1943 1994 stris
1975 1933 2038 1994 in
2072 1934 2411 2016 Epistolam
2443 1936 2518 1997 ad
2556 1936 2877 1997 Romanos
2908 1955 3083 1998 com-

1807 2041 2138 2118 mentariis,
2172 2042 2452 2123 pluribus
2485 2043 2546 2103 in
2567 2044 2805 2105 varium
2826 2062 3080 2105 sensum

1807 2167 1919 2229 pro
1966 2149 2196 2209 viribus
2244 2149 2617 2230 interpretati
2668 2169 2919 2222 sumus:
2974 2151 3081 2211 sed

1808 2254 2376 2335 impraesentiarum
2395 2254 2754 2337 simpliciori
2774 2256 3083 2336 vulgario-

1806 2362 1981 2441 rique
2031 2360 2342 2423 intellectu
2371 2363 2743 2443 accepimus,
2791 2363 2981 2443 idque
3012 2383 3081 2424 ea

1806 2487 2007 2542 causa,
2052 2469 2225 2548 quod
2260 2469 2480 2531 Celsus
2512 2468 2769 2530 dixerint
2798 2490 2917 2530 non
2951 2472 3085 2531 sine

1806 2578 2163 2637 daemonum
2209 2582 2511 2657 potestate
2558 2597 2735 2657 reges
2795 2576 2882 2637 ad
2925 2574 3087 2636 hanc

1806 2685 2248 2759 evectossuisse
2267 2683 2647 2763 dignitatem.
2681 2684 2801 2745 Hic
2819 2682 3087 2766 plurima

1807 2790 2069 2851 dicenda
2115 2808 2319 2852 essent
2349 2791 2426 2851 de
2460 2810 2678 2871 regum
2709 2807 2769 2852 et
2800 2791 3086 2873 dynasta·

1810 2916 1948 2958 rum
1973 2897 2439 2960 constitutione:
2464 2916 2686 2977 magna
2705 2899 2874 2959 enim
2896 2918 3087 2979 quae-

1808 3005 1928 3066 stio
1960 3020 2068 3081 est,
2102 3021 2427 3086 propterea
2461 3005 2634 3086 quod
2654 3021 2801 3068 sunt
2819 3006 3089 3087 quieru-

1809 3110 1946 3171 dele
1995 3127 2054 3172 et
2103 3112 2497 3193 tyrannicum
2543 3112 2874 3192 imperium
2919 3131 3089 3174 exer-

1811 3234 2004 3293 ceant,
2054 3234 2158 3279 aut
2204 3218 2434 3299 quibus
2480 3220 2812 3299 imperium
2857 3235 2947 3280 est
2977 3238 3088 3280 vo·

1810 3324 2144 3406 luptatibus
2183 3325 2541 3406 deliciisque
2575 3346 2638 3387 se
2672 3325 3089 3406 ingurgitandi

1812 3433 2073 3493 occasio.
2148 3431 2360 3506 Quare
2425 3432 2489 3493 in
2552 3451 2839 3514 praesens
2901 3433 3091 3496 huius

1814 3538 2194 3618 quaestionis
2257 3538 2747 3599 consideratione
2808 3558 3089 3620 superse-

1813 3646 2054 3706 demus.
2120 3645 2356 3706 Verum
2409 3664 2517 3725 per
2568 3644 2885 3706 fortunam
2931 3647 3092 3725 regis

1814 3772 1945 3814 non
1981 3752 2273 3828 juramuS,
2320 3772 2521 3833 neque
2556 3771 2665 3833 per
2695 3751 2885 3813 alium
2917 3772 2989 3813 ex
3020 3752 3092 3813 iis

1813 3860 1924 3940 qui
1957 3859 2041 3920 dii
2073 3874 2384 3940 putantur.
2443 3858 2582 3919 Sive
2615 3859 2799 3936 enim,
2833 3875 2898 3918 ut
2929 3877 3092 3920 non-

1814 3965 2002 4028 nullis
2035 3965 2275 4047 placuit,
2307 3965 2555 4027 fortuna
2586 3966 2661 4027 sit
2694 3966 2859 4026 nuda
2892 3985 3092 4026 enun-

1812 4074 1999 4149 tiati0,
2050 4073 2586 4153 quemadmodum
2636 4074 2842 4154 opinio
2887 4088 2946 4133 et
2990 4073 3093 4134 di-

1813 4182 2211 4260 screpantia,·
2243 4197 2374 4239 non
2410 4178 2686 4257 juramus
2708 4198 2817 4260 per
2837 4178 2897 4239 id
2921 4179 3091 4259 quod

1815 4306 2216 4367 nequaquam
2307 4286 2534 4346 exsistit
2610 4302 2904 4366 tanquam
2987 4306 3095 4367 per

1817 4393 2045 4470 Deum,
2094 4408 2199 4455 aut
2237 4392 2413 4473 quasi
2446 4412 2554 4474 per
2587 4393 2647 4453 id
2681 4393 2855 4474 quod
2889 4412 3095 4453 revera

1817 4499 2043 4561 exsistit
2088 4516 2145 4560 et
2189 4499 2422 4580 aliquid
2470 4515 2683 4580 potest,
2731 4519 2809 4560 ne
2856 4518 2964 4580 per
3008 4520 3095 4576 ea,

1818 4626 1927 4688 per
1958 4625 2117 4687 quae
2152 4625 2281 4667 non
2314 4622 2576 4688 oportet,
2611 4604 2920 4685 juremus:
2969 4606 3095 4667 sive

1818 4714 1879 4774 id
1901 4713 2073 4794 quod
2090 4729 2343 4774 vocatur
2360 4713 2601 4774 fortuna
2624 4713 2688 4774 in
2710 4714 3095 4774 daemonum

1820 4839 2086 4881 numero
2125 4836 2476 4901 reponatur,
2517 4822 2688 4901 quod
2722 4820 3095 4901 quibusdam

1819 4926 2021 4987 visum
2069 4942 2177 5004 est,
2224 4927 2527 4988 aientibus
2575 4946 2682 5008 per
2713 4926 3095 5007 imperatoris
