<?xml version="1.0" encoding="UTF-8"?>
<!DOCTYPE html PUBLIC "-//W3C//DTD XHTML 1.0 Transitional//EN"
    "http://www.w3.org/TR/xhtml1/DTD/xhtml1-transitional.dtd">
<html xmlns="http://www.w3.org/1999/xhtml" xml:lang="en" lang="en">
 <head>
  <title>
</title>
<meta http-equiv="Content-Type" content="text/html;charset=utf-8" />
  <meta name='ocr-system' content='tesseract 3.04.00' />
  <meta name='ocr-capabilities' content='ocr_page ocr_carea ocr_par ocr_line ocrx_word'/>
</head>
<body>
  <div class='ocr_page' id='page_1' title='image "./fontesiuriscano00unkngoog_0516.png"; bbox 0 0 3684 5416; ppageno 0'>
   <div class='ocr_carea' id='block_1_1' title="bbox 523 1519 571 1551">
    <p class='ocr_par' dir='ltr' id='par_1_1' title="bbox 523 1519 571 1551">
     <span class='ocr_line' id='line_1_1' title="bbox 523 1519 571 1551; baseline -0.042 0"><span class='ocrx_word' id='word_1_1' title='bbox 523 1519 571 1551; x_wconf 82' lang='lat'>10</span> 
     </span>
    </p>
   </div>
   <div class='ocr_carea' id='block_1_2' title="bbox 523 2052 566 2096">
    <p class='ocr_par' dir='ltr' id='par_1_2' title="bbox 523 2052 566 2096">
     <span class='ocr_line' id='line_1_2' title="bbox 523 2052 566 2096; baseline 0 0"><span class='ocrx_word' id='word_1_2' title='bbox 523 2052 566 2096; x_wconf 86' lang='grc' dir='ltr'>ι5</span> 
     </span>
    </p>
   </div>
   <div class='ocr_carea' id='block_1_3' title="bbox 511 2719 563 2750">
    <p class='ocr_par' dir='ltr' id='par_1_3' title="bbox 511 2719 563 2750">
     <span class='ocr_line' id='line_1_3' title="bbox 511 2719 563 2750; baseline -0.019 0"><span class='ocrx_word' id='word_1_3' title='bbox 511 2719 563 2750; x_wconf 83' lang='lat'>20</span> 
     </span>
    </p>
   </div>
   <div class='ocr_carea' id='block_1_4' title="bbox 506 3232 555 3276">
    <p class='ocr_par' dir='ltr' id='par_1_4' title="bbox 506 3232 555 3276">
     <span class='ocr_line' id='line_1_4' title="bbox 506 3232 555 3276; baseline 0 0"><span class='ocrx_word' id='word_1_4' title='bbox 506 3232 555 3276; x_wconf 83' lang='lat'>²5</span> 
     </span>
    </p>
   </div>
   <div class='ocr_carea' id='block_1_5' title="bbox 505 3766 556 3811">
    <p class='ocr_par' dir='ltr' id='par_1_5' title="bbox 505 3766 556 3811">
     <span class='ocr_line' id='line_1_5' title="bbox 505 3766 556 3811; baseline 0 -14"><span class='ocrx_word' id='word_1_5' title='bbox 505 3766 556 3811; x_wconf 78' lang='lat'>30</span> 
     </span>
    </p>
   </div>
   <div class='ocr_carea' id='block_1_6' title="bbox 501 4299 549 4344">
    <p class='ocr_par' dir='ltr' id='par_1_6' title="bbox 501 4299 549 4344">
     <span class='ocr_line' id='line_1_6' title="bbox 501 4299 549 4344; baseline -0.021 0"><span class='ocrx_word' id='word_1_6' title='bbox 501 4299 549 4344; x_wconf 80' lang='lat'>35</span> 
     </span>
    </p>
   </div>
   <div class='ocr_carea' id='block_1_7' title="bbox 498 4836 550 4874">
    <p class='ocr_par' dir='ltr' id='par_1_7' title="bbox 498 4836 550 4874">
     <span class='ocr_line' id='line_1_7' title="bbox 498 4836 550 4874; baseline 0 -9"><span class='ocrx_word' id='word_1_7' title='bbox 498 4836 550 4874; x_wconf 79' lang='lat'>40</span> 
     </span>
    </p>
   </div>
   <div class='ocr_carea' id='block_1_8' title="bbox 624 348 2100 420">
    <p class='ocr_par' dir='ltr' id='par_1_8' title="bbox 624 348 2100 420">
     <span class='ocr_line' id='line_1_8' title="bbox 624 348 2100 420; baseline -0.003 -13"><span class='ocrx_word' id='word_1_8' title='bbox 624 350 732 420; x_wconf 81' lang='lat'>480</span> <span class='ocrx_word' id='word_1_9' title='bbox 1751 348 2100 403; x_wconf 88' lang='lat' dir='ltr'>Cardinales.</span> 
     </span>
    </p>
   </div>
   <div class='ocr_carea' id='block_1_9' title="bbox 620 530 3247 2324">
    <p class='ocr_par' dir='ltr' id='par_1_9' title="bbox 621 530 3247 1794">
     <span class='ocr_line' id='line_1_9' title="bbox 626 530 3245 616; baseline 0 -21"><span class='ocrx_word' id='word_1_10' title='bbox 626 553 767 595; x_wconf 90' lang='lat' dir='ltr'>rum</span> <span class='ocrx_word' id='word_1_11' title='bbox 811 552 1085 612; x_wconf 87' lang='lat' dir='ltr'>suarum,</span> <span class='ocrx_word' id='word_1_12' title='bbox 1148 553 1217 594; x_wconf 89' lang='lat' dir='ltr'>ac</span> <span class='ocrx_word' id='word_1_13' title='bbox 1276 551 1550 612; x_wconf 89' lang='lat' dir='ltr'>congrue</span> <span class='ocrx_word' id='word_1_14' title='bbox 1596 532 2070 593; x_wconf 84' lang='lat' dir='ltr'>sustentandum</span> <span class='ocrx_word' id='word_1_15' title='bbox 2117 530 2389 612; x_wconf 84' lang='lat' dir='ltr'>aliquem</span> <span class='ocrx_word' id='word_1_16' title='bbox 2439 534 2891 615; x_wconf 85' lang='lat' dir='ltr'>Presbyterum,</span> <span class='ocrx_word' id='word_1_17' title='bbox 2942 534 3051 616; x_wconf 91' lang='lat' dir='ltr'>qui</span> <span class='ocrx_word' id='word_1_18' title='bbox 3097 534 3245 597; x_wconf 86' lang='lat' dir='ltr'>inibi</span> 
     </span>
     <span class='ocr_line' id='line_1_10' title="bbox 625 637 3242 723; baseline 0.001 -23"><span class='ocrx_word' id='word_1_19' title='bbox 625 639 687 700; x_wconf 93' lang='lat' dir='ltr'>in</span> <span class='ocrx_word' id='word_1_20' title='bbox 720 638 941 700; x_wconf 90' lang='lat' dir='ltr'>divinis</span> <span class='ocrx_word' id='word_1_21' title='bbox 973 639 1287 716; x_wconf 80' lang='lat' dir='ltr'>deserviat,</span> <span class='ocrx_word' id='word_1_22' title='bbox 1333 638 1459 699; x_wconf 89' lang='lat' dir='ltr'>sive</span> <span class='ocrx_word' id='word_1_23' title='bbox 1492 639 1639 699; x_wconf 86' lang='lat' dir='ltr'>alias</span> <span class='ocrx_word' id='word_1_24' title='bbox 1672 657 1814 718; x_wconf 87' lang='lat' dir='ltr'>erga</span> <span class='ocrx_word' id='word_1_25' title='bbox 1848 638 2009 718; x_wconf 88' lang='lat' dir='ltr'>ipsas</span> <span class='ocrx_word' id='word_1_26' title='bbox 2042 637 2358 708; x_wconf 88' lang='lat' dir='ltr'>Ecclesias‚</span> <span class='ocrx_word' id='word_1_27' title='bbox 2400 637 2451 698; x_wconf 92' lang='lat' dir='ltr'>si</span> <span class='ocrx_word' id='word_1_28' title='bbox 2483 640 2870 720; x_wconf 83' lang='lat' dir='ltr'>reparatione</span> <span class='ocrx_word' id='word_1_29' title='bbox 2905 641 3242 723; x_wconf 86' lang='lat' dir='ltr'>indigeant,</span> 
     </span>
     <span class='ocr_line' id='line_1_11' title="bbox 623 743 3246 827; baseline 0.002 -21"><span class='ocrx_word' id='word_1_30' title='bbox 623 745 719 806; x_wconf 83' lang='lat' dir='ltr'>vel</span> <span class='ocrx_word' id='word_1_31' title='bbox 763 745 878 807; x_wconf 89' lang='lat' dir='ltr'>alia</span> <span class='ocrx_word' id='word_1_32' title='bbox 922 746 1354 823; x_wconf 86' lang='lat' dir='ltr'>subventione,</span> <span class='ocrx_word' id='word_1_33' title='bbox 1400 746 1477 807; x_wconf 90' lang='lat' dir='ltr'>de</span> <span class='ocrx_word' id='word_1_34' title='bbox 1524 745 1707 806; x_wconf 89' lang='lat' dir='ltr'>bonis</span> <span class='ocrx_word' id='word_1_35' title='bbox 1755 743 1871 805; x_wconf 89' lang='lat' dir='ltr'>sibi</span> <span class='ocrx_word' id='word_1_36' title='bbox 1904 765 1935 804; x_wconf 89' lang='lat' dir='ltr'>a</span> <span class='ocrx_word' id='word_1_37' title='bbox 1971 744 2107 805; x_wconf 93' lang='lat' dir='ltr'>Deo</span> <span class='ocrx_word' id='word_1_38' title='bbox 2140 744 2391 821; x_wconf 88' lang='lat' dir='ltr'>collatis,</span> <span class='ocrx_word' id='word_1_39' title='bbox 2424 762 2608 826; x_wconf 91' lang='lat' dir='ltr'>prout</span> <span class='ocrx_word' id='word_1_40' title='bbox 2639 746 2867 827; x_wconf 90' lang='lat' dir='ltr'>cuique</span> <span class='ocrx_word' id='word_1_41' title='bbox 2902 767 3017 827; x_wconf 92' lang='lat' dir='ltr'>pro</span> <span class='ocrx_word' id='word_1_42' title='bbox 3049 750 3246 810; x_wconf 88' lang='lat' dir='ltr'>modo</span> 
     </span>
     <span class='ocr_line' id='line_1_12' title="bbox 624 849 3243 931; baseline 0.003 -23"><span class='ocrx_word' id='word_1_43' title='bbox 624 849 980 912; x_wconf 83' lang='lat' dir='ltr'>facultatum</span> <span class='ocrx_word' id='word_1_44' title='bbox 1029 851 1397 913; x_wconf 90' lang='lat' dir='ltr'>conscientia</span> <span class='ocrx_word' id='word_1_45' title='bbox 1459 850 1786 928; x_wconf 88' lang='lat' dir='ltr'>dictaverit,</span> <span class='ocrx_word' id='word_1_46' title='bbox 1851 850 2182 911; x_wconf 89' lang='lat' dir='ltr'>munificos</span> <span class='ocrx_word' id='word_1_47' title='bbox 2232 871 2296 911; x_wconf 93' lang='lat' dir='ltr'>se</span> <span class='ocrx_word' id='word_1_48' title='bbox 2348 851 2672 914; x_wconf 85' lang='lat' dir='ltr'>exhibeant</span> <span class='ocrx_word' id='word_1_49' title='bbox 2721 869 2779 914; x_wconf 93' lang='lat' dir='ltr'>et</span> <span class='ocrx_word' id='word_1_50' title='bbox 2829 853 3124 931; x_wconf 88' lang='lat' dir='ltr'>liberales,</span> <span class='ocrx_word' id='word_1_51' title='bbox 3176 873 3243 917; x_wconf 93' lang='lat' dir='ltr'>ut</span> 
     </span>
     <span class='ocr_line' id='line_1_13' title="bbox 623 958 3244 1034; baseline 0.003 -16"><span class='ocrx_word' id='word_1_52' title='bbox 623 959 978 1020; x_wconf 86' lang='lat' dir='ltr'>earumdem</span> <span class='ocrx_word' id='word_1_53' title='bbox 1045 958 1450 1020; x_wconf 86' lang='lat' dir='ltr'>Ecclesiarum</span> <span class='ocrx_word' id='word_1_54' title='bbox 1520 959 1739 1019; x_wconf 90' lang='lat' dir='ltr'>decora</span> <span class='ocrx_word' id='word_1_55' title='bbox 1796 974 1855 1019; x_wconf 90' lang='lat' dir='ltr'>et</span> <span class='ocrx_word' id='word_1_56' title='bbox 1915 975 2310 1034; x_wconf 84' lang='lat' dir='ltr'>ornamenta,</span> <span class='ocrx_word' id='word_1_57' title='bbox 2376 973 2690 1021; x_wconf 87' lang='lat' dir='ltr'>tantorum</span> <span class='ocrx_word' id='word_1_58' title='bbox 2755 962 3116 1024; x_wconf 81' lang='lat' dir='ltr'>Praesulum</span> <span class='ocrx_word' id='word_1_59' title='bbox 3178 984 3244 1026; x_wconf 87' lang='lat' dir='ltr'>re</span> 
     </span>
     <span class='ocr_line' id='line_1_14' title="bbox 622 1063 3247 1148; baseline 0.002 -21"><span class='ocrx_word' id='word_1_60' title='bbox 622 1067 970 1148; x_wconf 87' lang='lat' dir='ltr'>spondeant</span> <span class='ocrx_word' id='word_1_61' title='bbox 1008 1066 1304 1145; x_wconf 86' lang='lat' dir='ltr'>dignitati,</span> <span class='ocrx_word' id='word_1_62' title='bbox 1349 1085 1417 1126; x_wconf 90' lang='lat' dir='ltr'>ac</span> <span class='ocrx_word' id='word_1_63' title='bbox 1463 1065 1627 1147; x_wconf 87' lang='lat' dir='ltr'>ipsae</span> <span class='ocrx_word' id='word_1_64' title='bbox 1673 1063 1978 1125; x_wconf 87' lang='lat' dir='ltr'>Ecclesiae</span> <span class='ocrx_word' id='word_1_65' title='bbox 2023 1080 2148 1125; x_wconf 90' lang='lat' dir='ltr'>tam</span> <span class='ocrx_word' id='word_1_66' title='bbox 2197 1065 2569 1127; x_wconf 87' lang='lat' dir='ltr'>sublimibus</span> <span class='ocrx_word' id='word_1_67' title='bbox 2615 1069 2891 1147; x_wconf 89' lang='lat' dir='ltr'>personis</span> <span class='ocrx_word' id='word_1_68' title='bbox 2935 1070 3247 1148; x_wconf 82' lang='lat' dir='ltr'>gaudeant</span> 
     </span>
     <span class='ocr_line' id='line_1_15' title="bbox 624 1158 3244 1256; baseline 0.001 -21"><span class='ocrx_word' id='word_1_69' title='bbox 624 1193 687 1234; x_wconf 89' lang='lat' dir='ltr'>se</span> <span class='ocrx_word' id='word_1_70' title='bbox 750 1175 1148 1250; x_wconf 88' lang='lat' dir='ltr'>commissas,</span> <span class='ocrx_word' id='word_1_71' title='bbox 1213 1188 1271 1234; x_wconf 89' lang='lat' dir='ltr'>et</span> <span class='ocrx_word' id='word_1_72' title='bbox 1332 1158 1548 1233; x_wconf 83' lang='lat' dir='ltr'>earum</span> <span class='ocrx_word' id='word_1_73' title='bbox 1610 1171 2016 1252; x_wconf 88' lang='lat' dir='ltr'>amplitudine</span> <span class='ocrx_word' id='word_1_74' title='bbox 2093 1171 2418 1249; x_wconf 87' lang='lat' dir='ltr'>illustrata;</span> <span class='ocrx_word' id='word_1_75' title='bbox 2508 1173 2825 1256; x_wconf 91' lang='lat' dir='ltr'>iidemque</span> <span class='ocrx_word' id='word_1_76' title='bbox 2887 1177 3244 1238; x_wconf 90' lang='lat' dir='ltr'>Cardinales</span> 
     </span>
     <span class='ocr_line' id='line_1_16' title="bbox 623 1277 3237 1363; baseline 0 -21"><span class='ocrx_word' id='word_1_77' title='bbox 623 1281 840 1343; x_wconf 82' lang='lat' dir='ltr'>exinde</span> <span class='ocrx_word' id='word_1_78' title='bbox 888 1282 1078 1363; x_wconf 88' lang='lat' dir='ltr'>ipsius</span> <span class='ocrx_word' id='word_1_79' title='bbox 1111 1282 1363 1342; x_wconf 89' lang='lat' dir='ltr'>Sanctae</span> <span class='ocrx_word' id='word_1_80' title='bbox 1398 1281 1719 1342; x_wconf 88' lang='lat' dir='ltr'>Romanae</span> <span class='ocrx_word' id='word_1_81' title='bbox 1758 1277 2080 1357; x_wconf 89' lang='lat' dir='ltr'>Ecclesiae,</span> <span class='ocrx_word' id='word_1_82' title='bbox 2127 1278 2301 1339; x_wconf 88' lang='lat' dir='ltr'>cuius</span> <span class='ocrx_word' id='word_1_83' title='bbox 2348 1279 2731 1341; x_wconf 88' lang='lat' dir='ltr'>nobilissima</span> <span class='ocrx_word' id='word_1_84' title='bbox 2765 1283 3041 1344; x_wconf 87' lang='lat' dir='ltr'>membra</span> <span class='ocrx_word' id='word_1_85' title='bbox 3073 1300 3237 1360; x_wconf 91' lang='lat' dir='ltr'>sunt,</span> 
     </span>
     <span class='ocr_line' id='line_1_17' title="bbox 625 1385 3239 1470; baseline 0.001 -21"><span class='ocrx_word' id='word_1_86' title='bbox 625 1389 1018 1466; x_wconf 88' lang='lat' dir='ltr'>majestatem,</span> <span class='ocrx_word' id='word_1_87' title='bbox 1066 1406 1177 1448; x_wconf 89' lang='lat' dir='ltr'>sua</span> <span class='ocrx_word' id='word_1_88' title='bbox 1225 1387 1467 1468; x_wconf 91' lang='lat' dir='ltr'>pietate,</span> <span class='ocrx_word' id='word_1_89' title='bbox 1513 1385 1923 1464; x_wconf 89' lang='lat' dir='ltr'>solicitudine,</span> <span class='ocrx_word' id='word_1_90' title='bbox 1969 1401 2027 1446; x_wconf 91' lang='lat' dir='ltr'>et</span> <span class='ocrx_word' id='word_1_91' title='bbox 2073 1386 2395 1466; x_wconf 89' lang='lat' dir='ltr'>prudentia</span> <span class='ocrx_word' id='word_1_92' title='bbox 2442 1386 2507 1448; x_wconf 93' lang='lat' dir='ltr'>in</span> <span class='ocrx_word' id='word_1_93' title='bbox 2542 1388 2673 1448; x_wconf 89' lang='lat' dir='ltr'>dies</span> <span class='ocrx_word' id='word_1_94' title='bbox 2705 1389 2901 1470; x_wconf 84' lang='lat' dir='ltr'>magis</span> <span class='ocrx_word' id='word_1_95' title='bbox 2935 1390 3239 1468; x_wconf 90' lang='lat' dir='ltr'>extollant,</span> 
     </span>
     <span class='ocr_line' id='line_1_18' title="bbox 623 1493 3239 1576; baseline 0 -20"><span class='ocrx_word' id='word_1_96' title='bbox 623 1512 680 1556; x_wconf 92' lang='lat' dir='ltr'>et</span> <span class='ocrx_word' id='word_1_97' title='bbox 713 1495 1114 1557; x_wconf 84' lang='lat' dir='ltr'>reverentiam</span> <span class='ocrx_word' id='word_1_98' title='bbox 1148 1493 1434 1555; x_wconf 90' lang='lat' dir='ltr'>omnium</span> <span class='ocrx_word' id='word_1_99' title='bbox 1466 1494 1742 1572; x_wconf 90' lang='lat' dir='ltr'>gentium</span> <span class='ocrx_word' id='word_1_100' title='bbox 1778 1513 1921 1572; x_wconf 89' lang='lat' dir='ltr'>erga</span> <span class='ocrx_word' id='word_1_101' title='bbox 1953 1493 2123 1553; x_wconf 91' lang='lat' dir='ltr'>illam</span> <span class='ocrx_word' id='word_1_102' title='bbox 2156 1494 2449 1575; x_wconf 82' lang='lat' dir='ltr'>exemplis</span> <span class='ocrx_word' id='word_1_103' title='bbox 2482 1496 2795 1556; x_wconf 89' lang='lat' dir='ltr'>bonorum</span> <span class='ocrx_word' id='word_1_104' title='bbox 2829 1515 3093 1576; x_wconf 90' lang='lat' dir='ltr'>operum</span> <span class='ocrx_word' id='word_1_105' title='bbox 3141 1496 3239 1557; x_wconf 88' lang='lat' dir='ltr'>in-</span> 
     </span>
     <span class='ocr_line' id='line_1_19' title="bbox 621 1601 3240 1684; baseline -0 -20"><span class='ocrx_word' id='word_1_106' title='bbox 621 1603 874 1684; x_wconf 85' lang='lat' dir='ltr'>signiter</span> <span class='ocrx_word' id='word_1_107' title='bbox 917 1617 1199 1682; x_wconf 88' lang='lat' dir='ltr'>augeant,</span> <span class='ocrx_word' id='word_1_108' title='bbox 1248 1621 1317 1661; x_wconf 88' lang='lat' dir='ltr'>ac</span> <span class='ocrx_word' id='word_1_109' title='bbox 1362 1601 1633 1681; x_wconf 90' lang='lat' dir='ltr'>denique</span> <span class='ocrx_word' id='word_1_110' title='bbox 1681 1616 1917 1681; x_wconf 86' lang='lat' dir='ltr'>praeter</span> <span class='ocrx_word' id='word_1_111' title='bbox 1958 1615 2239 1660; x_wconf 87' lang='lat' dir='ltr'>aeternae</span> <span class='ocrx_word' id='word_1_112' title='bbox 2278 1602 2698 1665; x_wconf 85' lang='lat' dir='ltr'>retributionis</span> <span class='ocrx_word' id='word_1_113' title='bbox 2731 1602 3019 1683; x_wconf 86' lang='lat' dir='ltr'>praemia,</span> <span class='ocrx_word' id='word_1_114' title='bbox 3054 1604 3240 1682; x_wconf 87' lang='lat' dir='ltr'>digna</span> 
     </span>
     <span class='ocr_line' id='line_1_20' title="bbox 623 1710 3235 1794; baseline 0 -22"><span class='ocrx_word' id='word_1_115' title='bbox 623 1731 878 1792; x_wconf 91' lang='lat' dir='ltr'>quoque</span> <span class='ocrx_word' id='word_1_116' title='bbox 930 1711 1187 1772; x_wconf 85' lang='lat' dir='ltr'>laudum</span> <span class='ocrx_word' id='word_1_117' title='bbox 1235 1710 1582 1791; x_wconf 90' lang='lat' dir='ltr'>praeconia,</span> <span class='ocrx_word' id='word_1_118' title='bbox 1628 1731 1660 1770; x_wconf 90' lang='lat' dir='ltr'>a</span> <span class='ocrx_word' id='word_1_119' title='bbox 1708 1710 1890 1770; x_wconf 91' lang='lat' dir='ltr'>nobis</span> <span class='ocrx_word' id='word_1_120' title='bbox 1935 1724 1992 1769; x_wconf 93' lang='lat' dir='ltr'>et</span> <span class='ocrx_word' id='word_1_121' title='bbox 2024 1710 2380 1791; x_wconf 84' lang='lat' dir='ltr'>Apostolica</span> <span class='ocrx_word' id='word_1_122' title='bbox 2414 1710 2572 1771; x_wconf 89' lang='lat' dir='ltr'>Sede</span> <span class='ocrx_word' id='word_1_123' title='bbox 2606 1712 2845 1772; x_wconf 84' lang='lat' dir='ltr'>valeant</span> <span class='ocrx_word' id='word_1_124' title='bbox 2877 1713 3235 1794; x_wconf 88' lang='lat' dir='ltr'>promereri.</span> 
     </span>
    </p>

    <p class='ocr_par' dir='ltr' id='par_1_10' title="bbox 623 1815 3236 2004">
     <span class='ocr_line' id='line_1_21' title="bbox 834 1815 3236 1899; baseline 0 -20"><span class='ocrx_word' id='word_1_125' title='bbox 834 1828 864 1888; x_wconf 84' lang='lat' dir='ltr'>s</span> <span class='ocrx_word' id='word_1_126' title='bbox 909 1838 1001 1899; x_wconf 85' lang='lat'>¹3·</span> <span class='ocrx_word' id='word_1_127' title='bbox 1038 1818 1411 1879; x_wconf 88' lang='lat' dir='ltr'>Mandamus</span> <span class='ocrx_word' id='word_1_128' title='bbox 1442 1835 1608 1894; x_wconf 90' lang='lat' dir='ltr'>ver0,</span> <span class='ocrx_word' id='word_1_129' title='bbox 1645 1830 1711 1876; x_wconf 92' lang='lat' dir='ltr'>ut</span> <span class='ocrx_word' id='word_1_130' title='bbox 1744 1831 2094 1897; x_wconf 88' lang='lat' dir='ltr'>praesentes</span> <span class='ocrx_word' id='word_1_131' title='bbox 2124 1816 2331 1877; x_wconf 89' lang='lat' dir='ltr'>literae</span> <span class='ocrx_word' id='word_1_132' title='bbox 2364 1815 2426 1876; x_wconf 91' lang='lat' dir='ltr'>in</span> <span class='ocrx_word' id='word_1_133' title='bbox 2448 1816 2802 1892; x_wconf 87' lang='lat' dir='ltr'>Quinterno</span> <span class='ocrx_word' id='word_1_134' title='bbox 2823 1819 3236 1881; x_wconf 89' lang='lat' dir='ltr'>Cancellariae</span> 
     </span>
     <span class='ocr_line' id='line_1_22' title="bbox 623 1923 1803 2004; baseline -0.001 -20"><span class='ocrx_word' id='word_1_135' title='bbox 623 1924 1013 2004; x_wconf 86' lang='lat' dir='ltr'>Apostolicae</span> <span class='ocrx_word' id='word_1_136' title='bbox 1048 1923 1123 1983; x_wconf 90' lang='lat' dir='ltr'>de</span> <span class='ocrx_word' id='word_1_137' title='bbox 1157 1942 1330 1983; x_wconf 90' lang='lat' dir='ltr'>more</span> <span class='ocrx_word' id='word_1_138' title='bbox 1363 1923 1803 1983; x_wconf 87' lang='lat' dir='ltr'>describantur.</span> 
     </span>
    </p>

    <p class='ocr_par' dir='ltr' id='par_1_11' title="bbox 836 2026 2409 2108">
     <span class='ocr_line' id='line_1_23' title="bbox 836 2026 2409 2108; baseline -0.001 -17"><span class='ocrx_word' id='word_1_139' title='bbox 836 2039 865 2099; x_wconf 76' lang='lat' dir='ltr'>S</span> <span class='ocrx_word' id='word_1_140' title='bbox 910 2050 1000 2108; x_wconf 88' lang='lat'>¹4·</span> <span class='ocrx_word' id='word_1_141' title='bbox 1048 2029 1217 2089; x_wconf 93' lang='lat' dir='ltr'>Nulli</span> <span class='ocrx_word' id='word_1_142' title='bbox 1252 2047 1399 2107; x_wconf 90' lang='lat' dir='ltr'>ergo</span> <span class='ocrx_word' id='word_1_143' title='bbox 1432 2028 1693 2090; x_wconf 88' lang='lat' dir='ltr'>omnino</span> <span class='ocrx_word' id='word_1_144' title='bbox 1727 2026 2061 2089; x_wconf 89' lang='lat' dir='ltr'>hominum</span> <span class='ocrx_word' id='word_1_145' title='bbox 2094 2029 2269 2090; x_wconf 89' lang='lat' dir='ltr'>liceat</span> <span class='ocrx_word' id='word_1_146' title='bbox 2301 2045 2409 2090; x_wconf 90' lang='lat' dir='ltr'>etc.</span> 
     </span>
    </p>

    <p class='ocr_par' dir='ltr' id='par_1_12' title="bbox 620 2135 3231 2324">
     <span class='ocr_line' id='line_1_24' title="bbox 837 2135 3231 2215; baseline 0.001 -18"><span class='ocrx_word' id='word_1_147' title='bbox 837 2138 969 2198; x_wconf 89' lang='lat' dir='ltr'>Dat.</span> <span class='ocrx_word' id='word_1_148' title='bbox 1005 2137 1240 2197; x_wconf 84' lang='lat' dir='ltr'>Romae</span> <span class='ocrx_word' id='word_1_149' title='bbox 1291 2136 1460 2215; x_wconf 89' lang='lat' dir='ltr'>apud</span> <span class='ocrx_word' id='word_1_150' title='bbox 1494 2136 1552 2196; x_wconf 91' lang='lat' dir='ltr'>S.</span> <span class='ocrx_word' id='word_1_151' title='bbox 1587 2136 1859 2212; x_wconf 85' lang='lat' dir='ltr'>Petrum,</span> <span class='ocrx_word' id='word_1_152' title='bbox 1905 2140 2097 2197; x_wconf 86' lang='lat' dir='ltr'>Anno</span> <span class='ocrx_word' id='word_1_153' title='bbox 2130 2135 2571 2197; x_wconf 89' lang='lat' dir='ltr'>Incarnationis</span> <span class='ocrx_word' id='word_1_154' title='bbox 2604 2136 2984 2214; x_wconf 89' lang='lat' dir='ltr'>Dominicae,</span> <span class='ocrx_word' id='word_1_155' title='bbox 3033 2139 3231 2201; x_wconf 89' lang='lat' dir='ltr'>mille-</span> 
     </span>
     <span class='ocr_line' id='line_1_25' title="bbox 620 2241 3227 2324; baseline 0 -18"><span class='ocrx_word' id='word_1_156' title='bbox 620 2245 781 2306; x_wconf 90' lang='lat' dir='ltr'>simo</span> <span class='ocrx_word' id='word_1_157' title='bbox 815 2242 1314 2324; x_wconf 87' lang='lat' dir='ltr'>quingentesimo</span> <span class='ocrx_word' id='word_1_158' title='bbox 1347 2241 1768 2322; x_wconf 85' lang='lat' dir='ltr'>octuagesimo</span> <span class='ocrx_word' id='word_1_159' title='bbox 1803 2242 2090 2323; x_wconf 87' lang='lat' dir='ltr'>septimo,</span> <span class='ocrx_word' id='word_1_160' title='bbox 2140 2242 2284 2303; x_wconf 91' lang='lat' dir='ltr'>Idus</span> <span class='ocrx_word' id='word_1_161' title='bbox 2318 2241 2566 2323; x_wconf 84' lang='lat' dir='ltr'>Aprilis,</span> <span class='ocrx_word' id='word_1_162' title='bbox 2605 2242 3003 2305; x_wconf 76' lang='lat' dir='ltr'>pontificatus</span> <span class='ocrx_word' id='word_1_163' title='bbox 3036 2247 3227 2307; x_wconf 86' lang='lat' dir='ltr'>nostri</span> 
     </span>
    </p>
   </div>
   <div class='ocr_carea' id='block_1_10' title="bbox 624 2345 1711 2430">
    <p class='ocr_par' dir='ltr' id='par_1_13' title="bbox 624 2345 1711 2430">
     <span class='ocr_line' id='line_1_26' title="bbox 624 2345 1711 2430; baseline -0.008 -17"><span class='ocrx_word' id='word_1_164' title='bbox 624 2358 811 2413; x_wconf 84' lang='lat' dir='ltr'>Anno</span> <span class='ocrx_word' id='word_1_165' title='bbox 848 2370 903 2411; x_wconf 89' lang='lat'>2.</span> <span class='ocrx_word' id='word_1_166' title='bbox 970 2348 1026 2428; x_wconf 86' lang='lat' dir='ltr'>[l.</span> <span class='ocrx_word' id='word_1_167' title='bbox 1062 2369 1111 2411; x_wconf 87' lang='lat' dir='ltr'>e.</span> <span class='ocrx_word' id='word_1_168' title='bbox 1144 2369 1283 2430; x_wconf 88' lang='lat' dir='ltr'>pag.</span> <span class='ocrx_word' id='word_1_169' title='bbox 1321 2345 1711 2428; x_wconf 83' lang='lat'>621—623.]</span> 
     </span>
    </p>
   </div>
   <div class='ocr_carea' id='block_1_11' title="bbox 668 2555 3178 2626">
    <p class='ocr_par' dir='ltr' id='par_1_14' title="bbox 668 2555 3178 2626">
     <span class='ocr_line' id='line_1_27' title="bbox 668 2555 3178 2626; baseline 0.001 -13"><span class='ocrx_word' id='word_1_170' title='bbox 668 2558 796 2613; x_wconf 66' lang='lat'>202.</span> <span class='ocrx_word' id='word_1_171' title='bbox 848 2556 1214 2612; x_wconf 70' lang='lat' dir='ltr'>PGRMULA</span> <span class='ocrx_word' id='word_1_172' title='bbox 1252 2556 1696 2612; x_wconf 73' lang='lat' dir='ltr'><strong>JURAMENTI</strong></span> <span class='ocrx_word' id='word_1_173' title='bbox 1737 2555 2273 2612; x_wconf 72' lang='lat' dir='ltr'>CARDINALIUM</span> <span class='ocrx_word' id='word_1_174' title='bbox 2313 2555 2520 2613; x_wconf 77' lang='lat' dir='ltr'>SAEC.</span> <span class='ocrx_word' id='word_1_175' title='bbox 2560 2558 2732 2613; x_wconf 83' lang='lat' dir='ltr'>xlx.</span> <span class='ocrx_word' id='word_1_176' title='bbox 2773 2557 3178 2626; x_wconf 69' lang='lat' dir='ltr'>mmmm.</span> 
     </span>
    </p>
   </div>
   <div class='ocr_carea' id='block_1_12' title="bbox 604 2681 3233 4991">
    <p class='ocr_par' dir='ltr' id='par_1_15' title="bbox 615 2681 3233 2834">
     <span class='ocr_line' id='line_1_28' title="bbox 830 2681 3233 2755; baseline 0.002 -19"><span class='ocrx_word' id='word_1_177' title='bbox 830 2683 859 2713; x_wconf 74' lang='lat'><strong>‘</strong></span> <span class='ocrx_word' id='word_1_178' title='bbox 914 2685 1177 2736; x_wconf 72' lang='lat' dir='ltr'>Analecta</span> <span class='ocrx_word' id='word_1_179' title='bbox 1231 2684 1370 2736; x_wconf 77' lang='lat' dir='ltr'>iuris</span> <span class='ocrx_word' id='word_1_180' title='bbox 1416 2684 1697 2752; x_wconf 74' lang='lat' dir='ltr'>ponteficii.</span> <span class='ocrx_word' id='word_1_181' title='bbox 1752 2681 1873 2737; x_wconf 87' lang='lat' dir='ltr'>Ser.</span> <span class='ocrx_word' id='word_1_182' title='bbox 1913 2681 1978 2735; x_wconf 90' lang='lat'>11.</span> <span class='ocrx_word' id='word_1_183' title='bbox 2029 2681 2243 2753; x_wconf 86' lang='lat'>(1857),</span> <span class='ocrx_word' id='word_1_184' title='bbox 2297 2698 2353 2753; x_wconf 89' lang='lat' dir='ltr'>p.</span> <span class='ocrx_word' id='word_1_185' title='bbox 2418 2698 2552 2755; x_wconf 82' lang='lat'>1934</span> <span class='ocrx_word' id='word_1_186' title='bbox 2588 2699 2708 2755; x_wconf 89' lang='lat' dir='ltr'>seq.</span> <span class='ocrx_word' id='word_1_187' title='bbox 2792 2681 3164 2740; x_wconf 90' lang='lat' dir='ltr'>Hinschiu</span> <span class='ocrx_word' id='word_1_188' title='bbox 3187 2704 3233 2754; x_wconf 81' lang='lat' dir='ltr'>S,</span> 
     </span>
     <span class='ocr_line' id='line_1_29' title="bbox 615 2762 2780 2834; baseline -0.002 -16"><span class='ocrx_word' id='word_1_189' title='bbox 615 2765 1026 2827; x_wconf 75' lang='lat' dir='ltr'>Kt&#39;rchenrccht‚</span> <span class='ocrx_word' id='word_1_190' title='bbox 1066 2765 1239 2818; x_wconf 87' lang='lat' dir='ltr'>Tom.</span> <span class='ocrx_word' id='word_1_191' title='bbox 1267 2762 1304 2815; x_wconf 93' lang='lat'>1.</span> <span class='ocrx_word' id='word_1_192' title='bbox 1348 2780 1401 2833; x_wconf 93' lang='lat' dir='ltr'>p.</span> <span class='ocrx_word' id='word_1_193' title='bbox 1432 2780 1551 2834; x_wconf 83' lang='lat'>343,</span> <span class='ocrx_word' id='word_1_194' title='bbox 2777 2768 2780 2771; x_wconf 72' lang='grc'>“</span> 
     </span>
    </p>

    <p class='ocr_par' dir='ltr' id='par_1_16' title="bbox 604 2877 3232 4991">
     <span class='ocr_line' id='line_1_30' title="bbox 830 2877 3225 2958; baseline 0.002 -20"><span class='ocrx_word' id='word_1_195' title='bbox 830 2880 959 2957; x_wconf 88' lang='lat' dir='ltr'>Ego</span> <span class='ocrx_word' id='word_1_196' title='bbox 995 2925 1008 2938; x_wconf 89' lang='lat'>.</span> <span class='ocrx_word' id='word_1_197' title='bbox 1047 2925 1060 2938; x_wconf 89' lang='lat'>.</span> <span class='ocrx_word' id='word_1_198' title='bbox 1099 2925 1112 2937; x_wconf 90' lang='lat'>.</span> <span class='ocrx_word' id='word_1_199' title='bbox 1148 2877 1404 2938; x_wconf 86' lang='lat' dir='ltr'>Sanctae</span> <span class='ocrx_word' id='word_1_200' title='bbox 1426 2877 1744 2937; x_wconf 87' lang='lat' dir='ltr'>Romanae</span> <span class='ocrx_word' id='word_1_201' title='bbox 1766 2877 2066 2938; x_wconf 86' lang='lat' dir='ltr'>Ecclesiae</span> <span class='ocrx_word' id='word_1_202' title='bbox 2090 2878 2433 2939; x_wconf 84' lang='lat' dir='ltr'>Cardinalis</span> <span class='ocrx_word' id='word_1_203' title='bbox 2468 2924 2482 2938; x_wconf 93' lang='lat'>.</span> <span class='ocrx_word' id='word_1_204' title='bbox 2519 2920 2533 2936; x_wconf 90' lang='lat'>.</span> <span class='ocrx_word' id='word_1_205' title='bbox 2571 2924 2585 2938; x_wconf 93' lang='lat'>.</span> <span class='ocrx_word' id='word_1_206' title='bbox 2622 2878 2937 2958; x_wconf 88' lang='lat' dir='ltr'>promitto,</span> <span class='ocrx_word' id='word_1_207' title='bbox 2973 2896 3032 2941; x_wconf 93' lang='lat' dir='ltr'>et</span> <span class='ocrx_word' id='word_1_208' title='bbox 3066 2880 3225 2957; x_wconf 65' lang='lat' dir='ltr'>jur0,</span> 
     </span>
     <span class='ocr_line' id='line_1_31' title="bbox 616 2983 3232 3064; baseline 0 -18"><span class='ocrx_word' id='word_1_209' title='bbox 616 3005 715 3046; x_wconf 91' lang='lat' dir='ltr'>me</span> <span class='ocrx_word' id='word_1_210' title='bbox 753 2988 828 3046; x_wconf 90' lang='lat' dir='ltr'>ab</span> <span class='ocrx_word' id='word_1_211' title='bbox 864 2985 978 3045; x_wconf 89' lang='lat' dir='ltr'>hae</span> <span class='ocrx_word' id='word_1_212' title='bbox 1012 2984 1165 3044; x_wconf 88' lang='lat' dir='ltr'>hora</span> <span class='ocrx_word' id='word_1_213' title='bbox 1200 2983 1508 3064; x_wconf 78' lang='lat' dir='ltr'>deincepS,</span> <span class='ocrx_word' id='word_1_214' title='bbox 1548 2983 1847 3063; x_wconf 90' lang='lat' dir='ltr'>quamdiu</span> <span class='ocrx_word' id='word_1_215' title='bbox 1901 2984 2131 3061; x_wconf 86' lang='lat' dir='ltr'>vixero,</span> <span class='ocrx_word' id='word_1_216' title='bbox 2186 2983 2451 3061; x_wconf 87' lang='lat' dir='ltr'>fidelem,</span> <span class='ocrx_word' id='word_1_217' title='bbox 2504 2999 2563 3044; x_wconf 91' lang='lat' dir='ltr'>et</span> <span class='ocrx_word' id='word_1_218' title='bbox 2599 2985 2993 3046; x_wconf 88' lang='lat' dir='ltr'>obedientem</span> <span class='ocrx_word' id='word_1_219' title='bbox 3035 2986 3232 3047; x_wconf 82' lang='lat' dir='ltr'>Beato</span> 
     </span>
     <span class='ocr_line' id='line_1_32' title="bbox 614 3090 3228 3171; baseline 0.001 -20"><span class='ocrx_word' id='word_1_220' title='bbox 614 3092 824 3165; x_wconf 81' lang='lat' dir='ltr'>Petro,</span> <span class='ocrx_word' id='word_1_221' title='bbox 846 3090 1227 3170; x_wconf 87' lang='lat' dir='ltr'>Sanctaeque</span> <span class='ocrx_word' id='word_1_222' title='bbox 1251 3106 1307 3150; x_wconf 92' lang='lat' dir='ltr'>et</span> <span class='ocrx_word' id='word_1_223' title='bbox 1330 3091 1721 3171; x_wconf 86' lang='lat' dir='ltr'>Apostolicae</span> <span class='ocrx_word' id='word_1_224' title='bbox 1747 3092 2064 3152; x_wconf 85' lang='lat' dir='ltr'>Romanae</span> <span class='ocrx_word' id='word_1_225' title='bbox 2088 3091 2410 3167; x_wconf 86' lang='lat' dir='ltr'>Ecclesiae,</span> <span class='ocrx_word' id='word_1_226' title='bbox 2433 3111 2503 3152; x_wconf 88' lang='lat' dir='ltr'>ac</span> <span class='ocrx_word' id='word_1_227' title='bbox 2522 3092 2931 3153; x_wconf 80' lang='lat' dir='ltr'>Sanctissimo</span> <span class='ocrx_word' id='word_1_228' title='bbox 2955 3094 3228 3155; x_wconf 80' lang='lat' dir='ltr'>Domino</span> 
     </span>
     <span class='ocr_line' id='line_1_33' title="bbox 614 3195 3218 3278; baseline 0 -19"><span class='ocrx_word' id='word_1_229' title='bbox 614 3198 834 3259; x_wconf 78' lang='lat' dir='ltr'>Nostro</span> <span class='ocrx_word' id='word_1_230' title='bbox 855 3198 1065 3278; x_wconf 82' lang='lat' dir='ltr'>Papae</span> <span class='ocrx_word' id='word_1_231' title='bbox 1096 3195 1356 3275; x_wconf 88' lang='lat' dir='ltr'>ejusque</span> <span class='ocrx_word' id='word_1_232' title='bbox 1390 3195 1864 3259; x_wconf 89' lang='lat' dir='ltr'>Successoribus</span> <span class='ocrx_word' id='word_1_233' title='bbox 1896 3198 2215 3274; x_wconf 84' lang='lat' dir='ltr'>canonice,</span> <span class='ocrx_word' id='word_1_234' title='bbox 2239 3196 2633 3277; x_wconf 89' lang='lat' dir='ltr'>legitimeque</span> <span class='ocrx_word' id='word_1_235' title='bbox 2667 3196 2870 3260; x_wconf 90' lang='lat' dir='ltr'>electis</span> <span class='ocrx_word' id='word_1_236' title='bbox 2904 3198 3218 3271; x_wconf 69' lang='lat' dir='ltr'>futurarm</span> 
     </span>
     <span class='ocr_line' id='line_1_34' title="bbox 615 3302 3221 3381; baseline 0.001 -16"><span class='ocrx_word' id='word_1_237' title='bbox 615 3306 861 3366; x_wconf 89' lang='lat' dir='ltr'>nullum</span> <span class='ocrx_word' id='word_1_238' title='bbox 908 3302 1256 3377; x_wconf 79' lang='lat' dir='ltr'>consilium.</span> <span class='ocrx_word' id='word_1_239' title='bbox 1305 3317 1410 3363; x_wconf 92' lang='lat' dir='ltr'>aut</span> <span class='ocrx_word' id='word_1_240' title='bbox 1444 3322 1838 3381; x_wconf 88' lang='lat' dir='ltr'>consensum,</span> <span class='ocrx_word' id='word_1_241' title='bbox 1875 3305 1971 3363; x_wconf 82' lang='lat' dir='ltr'>vel</span> <span class='ocrx_word' id='word_1_242' title='bbox 2003 3303 2303 3364; x_wconf 87' lang='lat' dir='ltr'>auxilium</span> <span class='ocrx_word' id='word_1_243' title='bbox 2336 3304 2632 3365; x_wconf 86' lang='lat' dir='ltr'>adversus</span> <span class='ocrx_word' id='word_1_244' title='bbox 2666 3303 3053 3366; x_wconf 78' lang='lat' dir='ltr'>pontificiam</span> <span class='ocrx_word' id='word_1_245' title='bbox 3090 3308 3221 3367; x_wconf 87' lang='lat' dir='ltr'>Ma-</span> 
     </span>
     <span class='ocr_line' id='line_1_35' title="bbox 613 3408 3225 3492; baseline -0 -18"><span class='ocrx_word' id='word_1_246' title='bbox 613 3412 904 3491; x_wconf 81' lang='lat' dir='ltr'>iestatem,</span> <span class='ocrx_word' id='word_1_247' title='bbox 938 3425 1046 3472; x_wconf 90' lang='lat' dir='ltr'>aut</span> <span class='ocrx_word' id='word_1_248' title='bbox 1077 3429 1405 3490; x_wconf 88' lang='lat' dir='ltr'>personam</span> <span class='ocrx_word' id='word_1_249' title='bbox 1439 3411 1908 3490; x_wconf 87' lang='lat' dir='ltr'>praestiturum;</span> <span class='ocrx_word' id='word_1_250' title='bbox 1945 3409 2199 3472; x_wconf 89' lang='lat' dir='ltr'>consilia</span> <span class='ocrx_word' id='word_1_251' title='bbox 2233 3410 2383 3471; x_wconf 89' lang='lat' dir='ltr'>mihi</span> <span class='ocrx_word' id='word_1_252' title='bbox 2418 3412 2491 3471; x_wconf 89' lang='lat' dir='ltr'>ab</span> <span class='ocrx_word' id='word_1_253' title='bbox 2526 3408 2615 3471; x_wconf 89' lang='lat' dir='ltr'>eis</span> <span class='ocrx_word' id='word_1_254' title='bbox 2648 3430 2756 3492; x_wconf 91' lang='lat' dir='ltr'>per</span> <span class='ocrx_word' id='word_1_255' title='bbox 2789 3432 2874 3491; x_wconf 92' lang='lat' dir='ltr'>se,</span> <span class='ocrx_word' id='word_1_256' title='bbox 2908 3428 3012 3473; x_wconf 91' lang='lat' dir='ltr'>aut</span> <span class='ocrx_word' id='word_1_257' title='bbox 3045 3413 3225 3473; x_wconf 91' lang='lat' dir='ltr'>Nun-</span> 
     </span>
     <span class='ocr_line' id='line_1_36' title="bbox 612 3515 3225 3600; baseline -0 -19"><span class='ocrx_word' id='word_1_258' title='bbox 612 3520 759 3597; x_wconf 74' lang='lat' dir='ltr'>ci05,</span> <span class='ocrx_word' id='word_1_259' title='bbox 813 3533 917 3579; x_wconf 91' lang='lat' dir='ltr'>aut</span> <span class='ocrx_word' id='word_1_260' title='bbox 968 3537 1075 3599; x_wconf 91' lang='lat' dir='ltr'>per</span> <span class='ocrx_word' id='word_1_261' title='bbox 1124 3515 1324 3576; x_wconf 88' lang='lat' dir='ltr'>literas</span> <span class='ocrx_word' id='word_1_262' title='bbox 1370 3516 1612 3593; x_wconf 89' lang='lat' dir='ltr'>credita,</span> <span class='ocrx_word' id='word_1_263' title='bbox 1659 3516 1894 3576; x_wconf 88' lang='lat' dir='ltr'>nemini</span> <span class='ocrx_word' id='word_1_264' title='bbox 1942 3535 2221 3596; x_wconf 89' lang='lat' dir='ltr'>unquam</span> <span class='ocrx_word' id='word_1_265' title='bbox 2269 3516 2584 3596; x_wconf 86' lang='lat' dir='ltr'>scientem,</span> <span class='ocrx_word' id='word_1_266' title='bbox 2633 3519 3127 3600; x_wconf 90' lang='lat' dir='ltr'>prudentemque</span> <span class='ocrx_word' id='word_1_267' title='bbox 3159 3518 3225 3580; x_wconf 92' lang='lat' dir='ltr'>in</span> 
     </span>
     <span class='ocr_line' id='line_1_37' title="bbox 612 3623 3229 3704; baseline -0 -17"><span class='ocrx_word' id='word_1_268' title='bbox 612 3646 828 3687; x_wconf 89' lang='lat' dir='ltr'>eorum</span> <span class='ocrx_word' id='word_1_269' title='bbox 876 3626 1195 3701; x_wconf 88' lang='lat' dir='ltr'>damnum,</span> <span class='ocrx_word' id='word_1_270' title='bbox 1241 3623 1338 3684; x_wconf 90' lang='lat' dir='ltr'>vel</span> <span class='ocrx_word' id='word_1_271' title='bbox 1386 3623 1655 3683; x_wconf 88' lang='lat' dir='ltr'>dedecus</span> <span class='ocrx_word' id='word_1_272' title='bbox 1702 3624 2200 3701; x_wconf 88' lang='lat' dir='ltr'>enunciaturum,</span> <span class='ocrx_word' id='word_1_273' title='bbox 2249 3640 2488 3704; x_wconf 90' lang='lat' dir='ltr'>praesto</span> <span class='ocrx_word' id='word_1_274' title='bbox 2523 3624 2668 3685; x_wconf 91' lang='lat' dir='ltr'>item</span> <span class='ocrx_word' id='word_1_275' title='bbox 2703 3625 2788 3687; x_wconf 89' lang='lat' dir='ltr'>eis</span> <span class='ocrx_word' id='word_1_276' title='bbox 2822 3625 3122 3704; x_wconf 86' lang='lat' dir='ltr'>futurum,</span> <span class='ocrx_word' id='word_1_277' title='bbox 3157 3641 3229 3686; x_wconf 91' lang='lat' dir='ltr'>ut</span> 
     </span>
     <span class='ocr_line' id='line_1_38' title="bbox 609 3730 3222 3815; baseline -0.001 -20"><span class='ocrx_word' id='word_1_278' title='bbox 609 3735 725 3815; x_wconf 90' lang='lat' dir='ltr'>ipsi</span> <span class='ocrx_word' id='word_1_279' title='bbox 761 3735 1058 3813; x_wconf 83' lang='lat' dir='ltr'>Papatum</span> <span class='ocrx_word' id='word_1_280' title='bbox 1093 3735 1472 3805; x_wconf 86' lang='lat' dir='ltr'>Romanum,</span> <span class='ocrx_word' id='word_1_281' title='bbox 1520 3747 1578 3791; x_wconf 89' lang='lat' dir='ltr'>et</span> <span class='ocrx_word' id='word_1_282' title='bbox 1610 3730 1831 3809; x_wconf 88' lang='lat' dir='ltr'>regalia</span> <span class='ocrx_word' id='word_1_283' title='bbox 1868 3730 2072 3791; x_wconf 87' lang='lat' dir='ltr'>Sancti</span> <span class='ocrx_word' id='word_1_284' title='bbox 2104 3731 2267 3792; x_wconf 89' lang='lat' dir='ltr'>Petri</span> <span class='ocrx_word' id='word_1_285' title='bbox 2301 3731 2620 3809; x_wconf 87' lang='lat' dir='ltr'>retineant,</span> <span class='ocrx_word' id='word_1_286' title='bbox 2656 3731 3003 3807; x_wconf 87' lang='lat' dir='ltr'>defendant,</span> <span class='ocrx_word' id='word_1_287' title='bbox 3035 3749 3093 3794; x_wconf 91' lang='lat' dir='ltr'>et</span> <span class='ocrx_word' id='word_1_288' title='bbox 3128 3752 3222 3793; x_wconf 86' lang='lat' dir='ltr'>re·-</span> 
     </span>
     <span class='ocr_line' id='line_1_39' title="bbox 611 3837 3216 3922; baseline -0 -21"><span class='ocrx_word' id='word_1_289' title='bbox 611 3856 921 3922; x_wconf 89' lang='lat' dir='ltr'>cuperent,</span> <span class='ocrx_word' id='word_1_290' title='bbox 970 3840 1137 3900; x_wconf 86' lang='lat' dir='ltr'>salvo</span> <span class='ocrx_word' id='word_1_291' title='bbox 1184 3857 1330 3898; x_wconf 88' lang='lat' dir='ltr'>meo</span> <span class='ocrx_word' id='word_1_292' title='bbox 1362 3837 1599 3914; x_wconf 88' lang='lat' dir='ltr'>ordine,</span> <span class='ocrx_word' id='word_1_293' title='bbox 1649 3838 1941 3897; x_wconf 90' lang='lat' dir='ltr'>adversus</span> <span class='ocrx_word' id='word_1_294' title='bbox 1974 3857 2226 3913; x_wconf 89' lang='lat' dir='ltr'>omnes;</span> <span class='ocrx_word' id='word_1_295' title='bbox 2281 3838 2608 3915; x_wconf 88' lang='lat' dir='ltr'>honorem,</span> <span class='ocrx_word' id='word_1_296' title='bbox 2646 3856 2704 3899; x_wconf 90' lang='lat' dir='ltr'>et</span> <span class='ocrx_word' id='word_1_297' title='bbox 2737 3854 2962 3899; x_wconf 89' lang='lat' dir='ltr'>statum</span> <span class='ocrx_word' id='word_1_298' title='bbox 2997 3859 3216 3900; x_wconf 91' lang='lat' dir='ltr'>eorum</span> 
     </span>
     <span class='ocr_line' id='line_1_40' title="bbox 609 3944 3229 4025; baseline -0.001 -15"><span class='ocrx_word' id='word_1_299' title='bbox 609 3950 781 4011; x_wconf 90' lang='lat' dir='ltr'>omni</span> <span class='ocrx_word' id='word_1_300' title='bbox 833 3948 1061 4023; x_wconf 90' lang='lat' dir='ltr'>studio,</span> <span class='ocrx_word' id='word_1_301' title='bbox 1114 3961 1170 4007; x_wconf 93' lang='lat' dir='ltr'>et</span> <span class='ocrx_word' id='word_1_302' title='bbox 1216 3946 1358 4006; x_wconf 88' lang='lat' dir='ltr'>totis</span> <span class='ocrx_word' id='word_1_303' title='bbox 1404 3944 1637 4007; x_wconf 89' lang='lat' dir='ltr'>viribus</span> <span class='ocrx_word' id='word_1_304' title='bbox 1687 3961 2245 4025; x_wconf 89' lang='lat' dir='ltr'>propugnaturum.</span> <span class='ocrx_word' id='word_1_305' title='bbox 2307 3946 2590 4025; x_wconf 79' lang='lat' dir='ltr'>LegatOS,</span> <span class='ocrx_word' id='word_1_306' title='bbox 2641 3962 2699 4006; x_wconf 89' lang='lat' dir='ltr'>et</span> <span class='ocrx_word' id='word_1_307' title='bbox 2731 3946 3014 4007; x_wconf 90' lang='lat' dir='ltr'>Nuncios</span> <span class='ocrx_word' id='word_1_308' title='bbox 3048 3946 3229 4007; x_wconf 88' lang='lat' dir='ltr'>Sedis</span> 
     </span>
     <span class='ocr_line' id='line_1_41' title="bbox 610 4051 3221 4136; baseline -0.002 -20"><span class='ocrx_word' id='word_1_309' title='bbox 610 4056 999 4136; x_wconf 87' lang='lat' dir='ltr'>Apostolicae</span> <span class='ocrx_word' id='word_1_310' title='bbox 1050 4054 1334 4131; x_wconf 81' lang='lat' dir='ltr'>benigne,</span> <span class='ocrx_word' id='word_1_311' title='bbox 1381 4067 1439 4112; x_wconf 91' lang='lat' dir='ltr'>et</span> <span class='ocrx_word' id='word_1_312' title='bbox 1487 4052 1825 4112; x_wconf 89' lang='lat' dir='ltr'>honorifice</span> <span class='ocrx_word' id='word_1_313' title='bbox 1861 4052 1922 4112; x_wconf 90' lang='lat' dir='ltr'>in</span> <span class='ocrx_word' id='word_1_314' title='bbox 1954 4052 2126 4112; x_wconf 88' lang='lat' dir='ltr'>terris</span> <span class='ocrx_word' id='word_1_315' title='bbox 2159 4068 2217 4113; x_wconf 91' lang='lat' dir='ltr'>et</span> <span class='ocrx_word' id='word_1_316' title='bbox 2248 4051 2399 4112; x_wconf 90' lang='lat' dir='ltr'>locis</span> <span class='ocrx_word' id='word_1_317' title='bbox 2434 4052 2869 4133; x_wconf 88' lang='lat' dir='ltr'>Ecclesiarum,</span> <span class='ocrx_word' id='word_1_318' title='bbox 2908 4054 3221 4114; x_wconf 86' lang='lat' dir='ltr'>Monaste-</span> 
     </span>
     <span class='ocr_line' id='line_1_42' title="bbox 608 4157 3224 4239; baseline -0.001 -16"><span class='ocrx_word' id='word_1_319' title='bbox 608 4164 863 4239; x_wconf 87' lang='lat' dir='ltr'>riorum,</span> <span class='ocrx_word' id='word_1_320' title='bbox 908 4177 967 4222; x_wconf 90' lang='lat' dir='ltr'>et</span> <span class='ocrx_word' id='word_1_321' title='bbox 998 4161 1259 4221; x_wconf 91' lang='lat' dir='ltr'>aliorum</span> <span class='ocrx_word' id='word_1_322' title='bbox 1297 4157 1751 4219; x_wconf 88' lang='lat' dir='ltr'>Beneficiorum</span> <span class='ocrx_word' id='word_1_323' title='bbox 1788 4158 1938 4218; x_wconf 88' lang='lat' dir='ltr'>mihi</span> <span class='ocrx_word' id='word_1_324' title='bbox 1973 4158 2448 4219; x_wconf 89' lang='lat' dir='ltr'>commissorum</span> <span class='ocrx_word' id='word_1_325' title='bbox 2486 4159 2885 4237; x_wconf 90' lang='lat' dir='ltr'>directurum,</span> <span class='ocrx_word' id='word_1_326' title='bbox 2921 4177 2978 4221; x_wconf 94' lang='lat' dir='ltr'>et</span> <span class='ocrx_word' id='word_1_327' title='bbox 3011 4160 3224 4221; x_wconf 87' lang='lat' dir='ltr'>defen-</span> 
     </span>
     <span class='ocr_line' id='line_1_43' title="bbox 607 4266 3226 4349; baseline -0.001 -20"><span class='ocrx_word' id='word_1_328' title='bbox 607 4288 840 4341; x_wconf 87' lang='lat' dir='ltr'>surum,</span> <span class='ocrx_word' id='word_1_329' title='bbox 871 4268 1142 4349; x_wconf 88' lang='lat' dir='ltr'>ipsisque</span> <span class='ocrx_word' id='word_1_330' title='bbox 1175 4285 1463 4327; x_wconf 90' lang='lat' dir='ltr'>securum</span> <span class='ocrx_word' id='word_1_331' title='bbox 1497 4266 1607 4325; x_wconf 88' lang='lat' dir='ltr'>iter</span> <span class='ocrx_word' id='word_1_332' title='bbox 1640 4281 2019 4339; x_wconf 88' lang='lat' dir='ltr'>curaturum,</span> <span class='ocrx_word' id='word_1_333' title='bbox 2055 4285 2123 4326; x_wconf 88' lang='lat' dir='ltr'>ac</span> <span class='ocrx_word' id='word_1_334' title='bbox 2156 4266 2410 4326; x_wconf 88' lang='lat' dir='ltr'>eosdem</span> <span class='ocrx_word' id='word_1_335' title='bbox 2443 4266 2508 4325; x_wconf 91' lang='lat' dir='ltr'>in</span> <span class='ocrx_word' id='word_1_336' title='bbox 2542 4266 2770 4343; x_wconf 87' lang='lat' dir='ltr'>eundo,</span> <span class='ocrx_word' id='word_1_337' title='bbox 2804 4268 3128 4343; x_wconf 81' lang='lat' dir='ltr'>morand0,</span> <span class='ocrx_word' id='word_1_338' title='bbox 3164 4282 3226 4327; x_wconf 90' lang='lat' dir='ltr'>et</span> 
     </span>
     <span class='ocr_line' id='line_1_44' title="bbox 607 4372 3221 4453; baseline -0 -19"><span class='ocrx_word' id='word_1_339' title='bbox 607 4375 926 4435; x_wconf 89' lang='lat' dir='ltr'>redeundo</span> <span class='ocrx_word' id='word_1_340' title='bbox 975 4373 1314 4434; x_wconf 85' lang='lat' dir='ltr'>honorifice</span> <span class='ocrx_word' id='word_1_341' title='bbox 1364 4386 1764 4433; x_wconf 85' lang='lat' dir='ltr'>tractaturum</span> <span class='ocrx_word' id='word_1_342' title='bbox 1812 4388 1869 4432; x_wconf 92' lang='lat' dir='ltr'>et</span> <span class='ocrx_word' id='word_1_343' title='bbox 1916 4372 2416 4452; x_wconf 89' lang='lat' dir='ltr'>quibuscumque</span> <span class='ocrx_word' id='word_1_344' title='bbox 2468 4388 2679 4434; x_wconf 87' lang='lat' dir='ltr'>contra</span> <span class='ocrx_word' id='word_1_345' title='bbox 2711 4392 2820 4434; x_wconf 92' lang='lat' dir='ltr'>eos</span> <span class='ocrx_word' id='word_1_346' title='bbox 2852 4373 3084 4453; x_wconf 90' lang='lat' dir='ltr'>aliquid</span> <span class='ocrx_word' id='word_1_347' title='bbox 3116 4392 3221 4434; x_wconf 90' lang='lat' dir='ltr'>co-</span> 
     </span>
     <span class='ocr_line' id='line_1_45' title="bbox 606 4479 3222 4561; baseline -0.001 -19"><span class='ocrx_word' id='word_1_348' title='bbox 606 4480 911 4553; x_wconf 77' lang='lat' dir='ltr'>nantibuS,</span> <span class='ocrx_word' id='word_1_349' title='bbox 943 4500 1141 4561; x_wconf 90' lang='lat' dir='ltr'>usque</span> <span class='ocrx_word' id='word_1_350' title='bbox 1174 4480 1249 4540; x_wconf 92' lang='lat' dir='ltr'>ad</span> <span class='ocrx_word' id='word_1_351' title='bbox 1282 4479 1645 4556; x_wconf 87' lang='lat' dir='ltr'>sanguinem</span> <span class='ocrx_word' id='word_1_352' title='bbox 1682 4480 2059 4540; x_wconf 86' lang='lat' dir='ltr'>restiturum.</span> <span class='ocrx_word' id='word_1_353' title='bbox 2119 4480 2281 4556; x_wconf 85' lang='lat' dir='ltr'>Jura,</span> <span class='ocrx_word' id='word_1_354' title='bbox 2315 4480 2609 4556; x_wconf 76' lang='lat' dir='ltr'>honoreS,</span> <span class='ocrx_word' id='word_1_355' title='bbox 2644 4479 2983 4559; x_wconf 90' lang='lat' dir='ltr'>privilegia,</span> <span class='ocrx_word' id='word_1_356' title='bbox 3023 4496 3080 4539; x_wconf 91' lang='lat' dir='ltr'>et</span> <span class='ocrx_word' id='word_1_357' title='bbox 3111 4499 3222 4539; x_wconf 81' lang='lat' dir='ltr'>au·</span> 
     </span>
     <span class='ocr_line' id='line_1_46' title="bbox 606 4586 3221 4667; baseline -0.001 -17"><span class='ocrx_word' id='word_1_358' title='bbox 606 4590 949 4651; x_wconf 87' lang='lat' dir='ltr'>ctoritatem</span> <span class='ocrx_word' id='word_1_359' title='bbox 983 4587 1237 4648; x_wconf 88' lang='lat' dir='ltr'>Sanctae</span> <span class='ocrx_word' id='word_1_360' title='bbox 1274 4588 1594 4648; x_wconf 87' lang='lat' dir='ltr'>Romanae</span> <span class='ocrx_word' id='word_1_361' title='bbox 1630 4587 1951 4663; x_wconf 86' lang='lat' dir='ltr'>Ecclesiae,</span> <span class='ocrx_word' id='word_1_362' title='bbox 2001 4586 2254 4648; x_wconf 90' lang='lat' dir='ltr'>Domini</span> <span class='ocrx_word' id='word_1_363' title='bbox 2290 4586 2498 4647; x_wconf 89' lang='lat' dir='ltr'>Nostri</span> <span class='ocrx_word' id='word_1_364' title='bbox 2534 4587 2753 4667; x_wconf 83' lang='lat' dir='ltr'>Papae,</span> <span class='ocrx_word' id='word_1_365' title='bbox 2798 4602 2858 4647; x_wconf 91' lang='lat' dir='ltr'>et</span> <span class='ocrx_word' id='word_1_366' title='bbox 2890 4587 3221 4648; x_wconf 90' lang='lat' dir='ltr'>Successo-</span> 
     </span>
     <span class='ocr_line' id='line_1_47' title="bbox 605 4693 3224 4779; baseline -0.002 -21"><span class='ocrx_word' id='word_1_367' title='bbox 605 4716 745 4758; x_wconf 88' lang='lat' dir='ltr'>rum</span> <span class='ocrx_word' id='word_1_368' title='bbox 790 4695 1248 4779; x_wconf 88' lang='lat' dir='ltr'>praedictorum</span> <span class='ocrx_word' id='word_1_369' title='bbox 1302 4713 1682 4770; x_wconf 87' lang='lat' dir='ltr'>conservare,</span> <span class='ocrx_word' id='word_1_370' title='bbox 1747 4712 1993 4774; x_wconf 84' lang='lat' dir='ltr'>augere,</span> <span class='ocrx_word' id='word_1_371' title='bbox 2058 4710 2115 4754; x_wconf 92' lang='lat' dir='ltr'>et</span> <span class='ocrx_word' id='word_1_372' title='bbox 2166 4712 2529 4774; x_wconf 90' lang='lat' dir='ltr'>promovere</span> <span class='ocrx_word' id='word_1_373' title='bbox 2581 4693 2879 4754; x_wconf 90' lang='lat' dir='ltr'>omnibus</span> <span class='ocrx_word' id='word_1_374' title='bbox 2938 4695 3224 4754; x_wconf 88' lang='lat' dir='ltr'>sensibus</span> 
     </span>
     <span class='ocr_line' id='line_1_48' title="bbox 604 4798 3216 4881; baseline -0.002 -16"><span class='ocrx_word' id='word_1_375' title='bbox 604 4819 980 4877; x_wconf 88' lang='lat' dir='ltr'>curaturum,</span> <span class='ocrx_word' id='word_1_376' title='bbox 1035 4803 1141 4863; x_wconf 90' lang='lat' dir='ltr'>ubi</span> <span class='ocrx_word' id='word_1_377' title='bbox 1191 4821 1339 4863; x_wconf 82' lang='lat' dir='ltr'>vero</span> <span class='ocrx_word' id='word_1_378' title='bbox 1389 4816 1602 4862; x_wconf 90' lang='lat' dir='ltr'>contra</span> <span class='ocrx_word' id='word_1_379' title='bbox 1655 4801 1752 4862; x_wconf 90' lang='lat' dir='ltr'>illa</span> <span class='ocrx_word' id='word_1_380' title='bbox 1805 4801 2034 4881; x_wconf 87' lang='lat' dir='ltr'>aliquid</span> <span class='ocrx_word' id='word_1_381' title='bbox 2084 4798 2459 4881; x_wconf 83' lang='lat' dir='ltr'>praejudicii,</span> <span class='ocrx_word' id='word_1_382' title='bbox 2510 4800 2681 4880; x_wconf 89' lang='lat' dir='ltr'>quod</span> <span class='ocrx_word' id='word_1_383' title='bbox 2730 4821 2763 4861; x_wconf 90' lang='lat' dir='ltr'>a</span> <span class='ocrx_word' id='word_1_384' title='bbox 2798 4818 2896 4860; x_wconf 90' lang='lat' dir='ltr'>me</span> <span class='ocrx_word' id='word_1_385' title='bbox 2931 4799 3216 4880; x_wconf 89' lang='lat' dir='ltr'>impediri</span> 
     </span>
     <span class='ocr_line' id='line_1_49' title="bbox 605 4906 3223 4991; baseline -0.002 -19"><span class='ocrx_word' id='word_1_386' title='bbox 605 4928 884 4991; x_wconf 83' lang='lat' dir='ltr'>nequeat,</span> <span class='ocrx_word' id='word_1_387' title='bbox 917 4909 1334 4971; x_wconf 87' lang='lat' dir='ltr'>machinando</span> <span class='ocrx_word' id='word_1_388' title='bbox 1369 4909 1718 4983; x_wconf 89' lang='lat' dir='ltr'>intentetur,</span> <span class='ocrx_word' id='word_1_389' title='bbox 1751 4908 2079 4988; x_wconf 89' lang='lat' dir='ltr'>statimque</span> <span class='ocrx_word' id='word_1_390' title='bbox 2127 4906 2460 4988; x_wconf 88' lang='lat' dir='ltr'>procurari,</span> <span class='ocrx_word' id='word_1_391' title='bbox 2504 4907 2599 4966; x_wconf 91' lang='lat' dir='ltr'>vel</span> <span class='ocrx_word' id='word_1_392' title='bbox 2634 4906 2873 4967; x_wconf 90' lang='lat' dir='ltr'>tractari</span> <span class='ocrx_word' id='word_1_393' title='bbox 2919 4906 3223 4982; x_wconf 86' lang='lat' dir='ltr'>noverim,</span> 
     </span>
    </p>
   </div>
  </div>
 </body>
</html>
