3684 5416
384 1800 437 1832 to

380 2335 429 2379 ¹5

377 2868 436 2900 20

375 3603 429 3646 25

380 4670 433 4715 35

1449 384 1695 440 Ecclesia
1724 385 2133 459 antiquissima.
3027 407 3091 458 41

489 569 899 631 misericordia
940 568 1154 630 fauens
1207 568 1387 629 nobis
1431 569 1555 631 cito
1587 569 1750 651 plebi
1783 591 1929 632 suae
1963 587 2023 633 et
2054 573 2440 634 sacerdotem
2470 573 2686 635 reddat
2718 574 3100 637 incolumem

492 693 550 737 et
594 690 925 758 martyrem
972 695 1116 737 cum
1162 676 1476 738 sacerdote
1510 678 1824 739 lectorem.
1887 695 2041 761 opto
2086 698 2223 753 uos,
2255 680 2465 742 fratres
2496 681 2808 753 carissimi,
2843 681 2928 762 [in
2962 684 3098 745 Deo

490 784 659 844 Patre
692 798 751 844 et
781 783 1031 845 Christo
1065 781 1224 863 Iesu]
1261 802 1512 865 semper
1543 787 1700 846 bene
1735 787 1960 849 ualere.
2028 785 2085 866 [l.
2119 806 2169 849 c.
2208 807 2345 869 pag.
2388 787 2777 869 579—581.]

1644 1001 1927 1008 m————

696 1140 816 1225 Ep.
855 1165 912 1213 7.
996 1142 1358 1224 Cyprianus
1427 1144 1792 1226 presbyteris
1858 1160 1918 1205 et
1997 1142 2378 1221 diaconibus,
2431 1143 2713 1204 fratribus
2757 1144 3100 1219 carissimis,

487 1248 764 1310 salutem.
829 1248 1046 1312 Saluto
1091 1271 1226 1328 uos,
1275 1251 1486 1314 fratres
1533 1251 1842 1329 carissimi,
1891 1271 2000 1332 per
2035 1249 2145 1311 Dei
2193 1249 2450 1330 gratiam
2495 1249 2845 1328 incolumis,
2878 1267 3100 1332 optans

486 1355 606 1417 cito
651 1356 727 1417 ad
763 1375 878 1418 uos
910 1357 1147 1437 uenire,
1196 1377 1263 1421 ut
1295 1359 1601 1421 desiderio
1632 1374 1759 1421 tam
1791 1378 1936 1420 meo
1969 1378 2160 1440 quam
2193 1374 2402 1420 uestro
2435 1374 2493 1419 et
2525 1358 2811 1420 omnium
2846 1357 3099 1420 fratrum

485 1462 750 1525 satisfiat.
815 1480 1060 1545 oportet
1093 1486 1210 1528 nos
1242 1481 1451 1528 tamen
1487 1466 1619 1549 paci
1653 1466 1975 1527 communi
2008 1466 2331 1527 consulere
2365 1481 2424 1527 et
2445 1465 2776 1542 interdurn,
2811 1465 3100 1546 quamuis

485 1589 629 1631 cum
661 1572 864 1633 taedio
896 1572 1083 1634 animi
1118 1573 1307 1634 nostri
1341 1573 1553 1635 deesse
1587 1573 1787 1649 uobiS‚
1824 1592 1902 1634 ne
1937 1572 2276 1654 praesentia
2310 1573 2501 1634 nostri
2534 1572 2833 1633 inuidiam
2869 1587 2928 1634 et
2963 1573 3100 1634 uio-

483 1677 733 1738 lentiam
778 1677 1103 1756 gentilium
1150 1695 1471 1760 prouocet‚
1507 1695 1565 1740 et
1611 1679 1804 1740 simus
1850 1696 2129 1741 auctores
2176 1677 2556 1759 rumpendae
2603 1678 2784 1759 paciS‚
2827 1679 2937 1759 qui
2985 1700 3101 1742 nos

491 1784 683 1863 magis
714 1783 903 1864 quieti
935 1784 1222 1845 omnium
1244 1784 1565 1846 consulere
1587 1786 1906 1847 debemus.
1937 1786 2193 1866 quando
2214 1805 2363 1864 ergo
2385 1804 2501 1847 uos
2533 1786 2886 1867 scripseritis
2918 1789 3102 1849 rebus

488 1891 844 1971 compositis
900 1909 999 1952 me
1047 1892 1262 1953 uenire
1307 1893 1550 1969 debere,
1598 1908 1701 1954 aut
1746 1893 1795 1953 si
1844 1893 2303 1973 ante‘dignatus
2335 1893 2514 1954 fuerit
2550 1894 2860 1955 Dominus
2891 1909 3101 1956 osten·

488 1998 651 2076 dere,
686 2014 836 2059 tunc
868 1998 944 2059 ad
983 2017 1100 2059 uos
1136 1999 1405 2061 ueniam.
1451 2000 1558 2061 ubi
1592 2000 1755 2061 enim
1788 2000 1941 2060 mihi
1975 2014 2080 2059 aut
2113 2000 2333 2060 melius
2367 2000 2558 2080 possit
2588 2020 2720 2062 esse
2752 2017 2856 2061 aut
2887 2000 3102 2062 laetius

485 2123 677 2185 quam
724 2105 843 2166 illic
887 2105 995 2166 ubi
1040 2124 1140 2167 me
1175 2107 1345 2168 Deus
1390 2122 1452 2168 et
1498 2108 1742 2168 credere
1789 2106 1986 2168 voluit
2016 2122 2076 2167 et
2109 2111 2413 2167 crescere?
2473 2107 2804 2168 uiduarum
2839 2123 2900 2169 et
2932 2107 3101 2168 infir·

485 2230 735 2273 morum
779 2228 840 2273 et
877 2214 1540 2296 omnium-pauperum
1575 2233 1786 2275 curam
1820 2229 1964 2295 peto
1997 2212 2320 2293 diligenter
2352 2213 2641 2275 habeatis.
2695 2215 2801 2275 sed
2836 2230 2894 2275 et
2927 2233 3098 2295 pere-

485 2319 694 2399 grinis,
728 2319 778 2379 si
810 2321 917 2400 qui
951 2320 1299 2402 indigentes
1334 2321 1584 2399 fuerint,
1619 2336 1907 2402 sumptus
1939 2320 2275 2401 suggeratis
2308 2322 2385 2381 de
2416 2321 2756 2401 quantitate
2789 2339 2923 2381 mea
2957 2339 3099 2401 pro-

486 2427 614 2507 pria
645 2446 836 2507 quam
867 2428 1033 2509 apud
1069 2428 1490 2507 Rogatianum
1523 2430 2097 2510 compresbyterum
2129 2442 2414 2488 nostrum
2446 2428 2666 2489 dimisi.
2705 2445 2866 2508 quae
2902 2446 3100 2507 quan„

484 2532 622 2595 titas
667 2553 746 2595 ne
781 2534 934 2597 forte
969 2534 1089 2595 iam
1125 2535 1419 2597 uniuersa
1456 2551 1702 2616 erogata
1735 2535 1830 2612 sit,
1866 2535 2006 2596 misi
2039 2535 2242 2597 eidem
2276 2555 2382 2618 per
2413 2535 2707 2596 Naricum
2739 2534 3101 2596 acoluthum

485 2639 664 2701 aliam
699 2641 1068 2723 portionem,
1100 2659 1168 2704 ut
1200 2642 1427 2722 largius
1460 2660 1518 2704 et
1551 2643 1899 2726 promptius
1931 2643 2086 2704 circa
2115 2644 2459 2705 laborantes
2491 2641 2593 2704 fiat
2623 2641 2916 2724 operatio.
2947 2656 3101 2723 opto

485 2767 622 2818 uos,
666 2747 877 2810 fratres
921 2751 1233 2826 carissimi,
1282 2771 1524 2833 semper
1568 2755 1727 2815 bene
1770 2753 1974 2813 ualere
2029 2750 2107 2833 [et
2139 2752 2330 2813 nostri
2379 2751 2754 2814 meminisse.
2820 2749 3097 2811 fraterni-

487 2870 675 2916 tatem
709 2871 977 2918 uestram
1025 2867 1167 2918 meo
1201 2858 1457 2919 nomine
1490 2859 1763 2934 salutate,
1810 2874 1869 2919 et
1901 2874 1968 2919 ut
2003 2859 2196 2920 nostri
2230 2876 2539 2920 memores
2571 2859 2691 2919 sint
2724 2854 3097 2935 admonete].

488 2959 546 3040 [¹-
582 2981 632 3022 ι·-
665 2982 797 3043 pes·
831 2963 1228 3045 484-485-]

1641 3097 1927 3107 --.

697 3250 818 3335 Ep.
850 3272 954 3332 43.
990 3251 1062 3312 V.
1128 3250 1498 3333 [Cyprianus
1547 3253 1703 3334 plebi
1743 3251 2087 3329 uniuersae]
2123 3253 2362 3315 Clamat
2394 3269 2451 3314 et
2484 3252 2629 3315 dicit
2661 3253 2862 3314 Deus:
2914 3252 3102 3313 nolite

486 3358 703 3419 audire
746 3378 1052 3420 sermones
1088 3359 1780 3441 pseudoprophetarum,
1822 3362 2110 3441 quoniam
2152 3361 2422 3420 m'siones
2458 3360 2666 3420 cordis
2703 3379 2908 3420 eorum
2940 3362 3101 3438 sru-

485 3472 766 3526 strantur
796 3486 913 3527 eos.
952 3465 1257 3540 locuntur,
1290 3466 1403 3527 sed
1429 3486 1548 3527 non
1581 3465 1659 3526 ab
1689 3487 1795 3527 ore
1827 3465 2108 3527 Domini.
2146 3465 2362 3526 dicunt
2392 3467 2483 3526 eis
2514 3468 2625 3546 qui
2651 3465 2929 3527 abiciunt
2957 3487 3100 3526 uer-

489 3571 627 3631 bum
659 3570 961 3632 Domini:
984 3582 1114 3654 pax
1142 3576 1266 3633 erit
1293 3574 1488 3634 uobis.
1542 3571 1733 3652 [Hier.
1778 3593 1881 3653 23,
1930 3573 2023 3648 16,
2072 3569 2182 3650 17.]
2236 3590 2447 3652 pacem
2492 3591 2660 3633 nunc
2692 3572 2963 3634 offerunt
2993 3573 3102 3652 qui

488 3677 601 3758 ipsi
649 3697 782 3739 non
827 3679 1056 3740 habent
1102 3699 1314 3761 pacem
1363 3699 1477 3742 nec
1523 3679 1841 3742 ecclesiam
1876 3679 2083 3760 lapsos
2114 3679 2406 3739 reducere
2438 3694 2498 3739 et
2529 3698 2820 3740 reuocare
2854 3679 3102 3759 permit·

487 3799 624 3844 tunt
671 3784 777 3864 qui
822 3785 900 3846 de
949 3786 1199 3848 ecclesia
1246 3804 1645 3849 recesserunt.
1711 3787 1882 3848 Deus
1933 3805 2100 3848 unus
2147 3802 2236 3847 est
2281 3802 2339 3847 et
2370 3786 2656 3847 Christus
2691 3804 2855 3847 unus
2885 3801 2945 3846 et
2980 3805 3103 3847 una

486 3889 740 3952 ecclesia
800 3907 857 3952 et
917 3893 1293 3955 cathedra
1354 3914 1505 3956 una
1566 3913 1808 3975 super
1872 3894 2186 3955 Petrum
2234 3892 2491 3954 Domini
2536 3910 2687 3953 uoce
2749 3891 3104 3954 fundata.

488 3997 656 4060 aliud
701 3998 884 4061 altare
931 4000 1220 4062 constitui
1265 4016 1371 4063 aut
1407 4002 1818 4063 sacerdotium
1861 4020 2102 4062 nouum
2151 4001 2278 4061 fieri
2327 4016 2563 4080 praeter
2595 4017 2794 4061 unum
2830 3998 3015 4060 altare
3047 4015 3104 4059 et

490 4124 692 4166 unum
723 4106 1137 4168 sacerdotium
1190 4126 1320 4168 non
1368 4122 1583 4189 potest.
1634 4107 1900 4187 quisque
1948 4107 2086 4167 alibi
2125 4105 2439 4186 collegerit
2470 4105 2716 4188 spargit.
2755 4105 3103 4167 adulterum

489 4228 595 4289 est,
643 4212 908 4294 impium
954 4229 1060 4291 est,
1104 4213 1469 4292 sacrilegum
1509 4230 1597 4275 est
1629 4215 2082 4294 quodcumque
2120 4215 2399 4275 humano
2433 4213 2639 4274 furore
2673 4211 3008 4274 instituitur
3040 4228 3107 4272 ut

489 4319 807 4400 dispositio
827 4319 1039 4381 diuina
1065 4319 1346 4382 uioletur.
1382 4321 1596 4402 procul
1631 4325 1707 4382 ab
1744 4320 2105 4382 huiusmodi
2142 4320 2474 4381 hominum
2509 4319 2876 4400 contagione
2911 4319 3105 4380 disce-

488 4427 609 4488 dite
640 4443 698 4488 et
729 4444 1044 4488 sermones
1077 4445 1298 4488 eorum
1331 4428 1503 4489 uelut
1534 4446 1752 4489 cancer
1783 4443 1841 4488 et
1875 4444 2108 4508 pestem
2141 4426 2438 4507 fugiendo
2462 4425 2645 4487 uitate
2668 4441 3106 4508 praemonente

491 4535 768 4597 Domino
820 4550 877 4596 et
937 4535 1213 4595 dicente:
1295 4538 1468 4596 caeci
1524 4542 1672 4596 sunt
1727 4535 1913 4596 duces
1956 4554 2292 4594 caecorum.
2358 4552 2573 4594 caecus
2617 4538 2816 4594 autem
2863 4552 3104 4592 caecum

491 4644 716 4703 ducens
746 4641 939 4703 simul
965 4645 1030 4703 in
1044 4644 1301 4720 foueam
1335 4642 1567 4702 cadent.
1604 4640 1816 4721 [Math.
1851 4660 1944 4720 13,
1991 4636 2104 4719 14]
2145 4639 2533 4700 intercedunt
2565 4639 2848 4720 precibus
2881 4637 3103 4699 nostris

493 4770 648 4831 quas
693 4749 1013 4812 nobiscum
1059 4749 1277 4810 diebus
1324 4767 1392 4809 ac
1438 4749 1725 4810 noctibus
1759 4748 1895 4809 Deo
1936 4747 2192 4808 funditis
2227 4761 2294 4808 ut
2324 4764 2478 4808 eum
2511 4745 2663 4807 iusta
2699 4745 3106 4808 satisfactione

493 4857 756 4939 placetis.
788 4856 1174 4918 intercedunt
1204 4855 1471 4917 lacrimis
1506 4856 1749 4930 nostriS‚
1778 4855 2008 4936 quibus
2027 4854 2343 4917 commissi
2367 4854 2570 4915 delicti
2594 4854 2826 4915 crimen
2846 4854 3106 4915 abluitis.

494 4964 882 5027 intercedunt
929 4963 1064 5044 paci
1110 4981 1298 5042 quarn
1347 4983 1492 5024 uere
1527 4979 1584 5024 et
1617 4963 1874 5024 fideliter
1905 4963 1981 5024 de
2019 4962 2281 5025 Domini
2316 4961 2730 5022 misericordia
2764 4961 3106 5042 postulatis,
