3684 5416
341 1610 389 1642 10

342 2145 388 2187 ¹5

337 2696 392 2729 20

341 3237 390 3280 25

340 3771 393 3815 30

341 4309 393 4353 35

1614 343 1877 413 Capituli.
2953 364 3057 417 599

442 519 583 601 quis
629 521 940 583 canonicis
986 525 1367 604 praebendas
1399 544 1543 585 cum
1578 525 1921 605 integritate
1953 526 2432 607 percipientibus
2465 544 2810 605 consuetas,
2845 549 3059 611 super-

442 646 853 690 excrescentes
884 631 1117 693 reditus
1150 631 1471 712 praedictis
1504 633 1817 694 canonicis
1851 633 2261 715 appellatione
2292 641 2521 695 remota
2546 634 2725 696 facias
2746 635 3059 714 assignari,

442 734 521 795 ita
553 742 778 810 tamen,
811 739 985 816 quod
1017 738 1068 800 si
1101 757 1171 799 ex
1204 738 1293 799 eis
1324 758 1499 820 pares
1533 740 1847 820 potuerint
1878 759 2021 801 cum
2054 740 2187 801 aliis
2218 740 2417 801 sortiri
2452 743 2853 823 praebendas,
2887 742 3062 822 quod

440 842 807 924 superfuerit
860 844 921 905 in
973 865 1340 908 communes
1392 847 1844 908 canonicorum
1893 867 2061 925 usuS,
2113 848 2270 909 sicut
2321 848 2491 929 prius
2538 864 2889 925 statuerant,
2935 849 3062 910 sive

443 949 629 1025 aliter,
678 967 864 1031 prout
916 951 1135 1013 melius
1180 952 1505 1030 videbitur,
1553 969 1964 1031 convertatur,
2013 954 2306 1016 revocatis
2354 955 2416 1016 in
2464 955 2704 1016 irritum
2750 956 3056 1029 omnibus,

443 1074 853 1137 quaecunque
886 1061 961 1118 ab
994 1058 1278 1120 alterutra
1312 1060 1578 1139 partium
1614 1060 1679 1120 in
1713 1059 2160 1141 praeiudicium
2181 1061 2429 1122 alterius
2452 1078 2591 1143 post
2612 1077 2846 1122 motam
2868 1082 3059 1142 quae·

441 1164 704 1225 stionem
736 1184 946 1226 coram
967 1166 1260 1248 episcopo
1282 1166 1330 1227 F
1333 1167 1651 1227 errariensi
1676 1167 1828 1227 circa
1853 1168 2230 1248 praebendas
2264 1167 2357 1229 vel
2392 1169 2807 1250 possessiones
2840 1168 3064 1230 fuerint

443 1270 748 1333 innovata.
814 1269 1046 1351 [Nullis
1092 1273 1296 1334 literis
1342 1280 1450 1334 etc.
1485 1273 1634 1336 Dat.
1668 1273 1839 1336 Rom.
1875 1283 1967 1355 ap.
2003 1276 2061 1335 S.
2094 1274 2256 1335 Petr.
2294 1274 2435 1336 XII.
2477 1274 2622 1336 Kal.
2653 1276 2812 1337 Mai.
2859 1274 3061 1354 1198.]

549 1510 615 1579 b)
654 1508 1155 1564 Innocentius
1195 1509 1307 1563 111.
1351 1508 1963 1580 Archiepiscopo
2004 1523 2075 1564 et
2115 1511 2532 1566 Canonicis
2572 1512 2946 1581 Sutrinis,

858 1588 914 1644 in
955 1607 1002 1644 c.
1042 1608 1090 1662 3.
1130 1590 1197 1644 X.
1237 1591 1305 1643 dc·
1341 1608 1513 1643 eausa
1544 1592 1906 1660 possessionis
1942 1595 1998 1643 et
2023 1594 2399 1661 proprietatis.
2440 1593 2503 1649 11.
2552 1610 2629 1646 12.

658 1749 686 1778 ⁸
741 1749 899 1819 Corp.
940 1751 1047 1803 iur.
1087 1767 1206 1801 ean.
1249 1747 1338 1803 ed.
1377 1747 1419 1802 F
1435 1747 1490 1801 ri
1509 1765 1539 1802 e
1557 1748 1593 1802 d
1612 1748 1646 1802 b
1667 1765 1697 1803 e
1716 1767 1742 1803 r
1758 1766 1811 1819 g.
1853 1749 2025 1803 Tom.
2068 1750 2129 1803 ΙΙ.
2169 1751 2278 1805 col.
2319 1752 2619 1824 276—277.
2657 1753 2702 1805 P
2724 1770 2760 1807 o
2780 1765 2800 1807 t
2818 1753 2892 1807 th
2909 1772 2939 1806 a
2959 1770 2984 1807 s
3003 1765 3057 1825 t,

443 1846 496 1883 n.
536 1846 659 1901 947.

445 1952 504 2008 Si
543 1952 819 2024 spoliatus
862 1952 1220 2024 possessorio
1264 1965 1321 2006 et
1360 1950 1633 2023 petitorio
1675 1950 1845 2005 simul
1885 1967 2061 2021 agens
2102 1952 2536 2021 possessionem
2564 1966 2622 2008 et
2647 1954 3055 2024 spoliationem

447 2037 672 2108 probat,
698 2034 800 2089 sed
827 2051 947 2088 non
976 2033 1298 2088 dominium
1325 2050 1424 2087 seu
1454 2032 1891 2104 proprietatem,
1918 2030 2143 2087 obtinet
2168 2031 2225 2086 in
2253 2034 2637 2103 possessorio,
2663 2037 2766 2089 sed
2793 2053 3062 2092 succum·

1514 2114 1609 2166 bet
1637 2111 1692 2165 in
1722 2110 2011 2183 petitorio.

660 2237 879 2313 Quum
926 2234 1179 2295 ecclesia
1213 2233 1461 2294 Sutrina
1510 2249 1749 2314 pastore
1798 2248 2057 2310 vacaret,
2103 2253 2216 2293 vos
2263 2234 2701 2295 convenientes
2735 2236 2797 2297 in
2830 2256 3056 2315 unum,

446 2360 522 2421 et,
557 2344 714 2404 sicut
748 2342 937 2402 moris
970 2357 1080 2419 est,
1120 2340 1380 2421 Spiritus
1412 2340 1604 2400 sancti
1636 2340 1827 2418 gratia
1860 2339 2159 2418 invocata,
2183 2355 2489 2421 pastorem
2524 2342 2899 2404 unanimiter
2931 2343 3054 2404 ele-

444 2451 631 2530 gistiS,
678 2464 953 2532 petentes
999 2448 1192 2530 ipsius
1241 2446 1606 2508 electionem
1642 2467 1676 2506 a
1709 2447 1854 2506 sede
1888 2446 2226 2528 apostolica
2260 2447 2630 2510 confirmari.
2695 2449 2925 2510 Verum
2962 2451 3063 2510 di-

446 2558 592 2619 lecti
610 2558 763 2637 filii
805 2556 1005 2617 clerici
1057 2553 1564 2617 conventualium
1612 2554 2011 2615 ecclesiarum
2057 2554 2312 2616 civitatis
2345 2555 2621 2616 eiusdem
2655 2557 2822 2637 apud
2849 2578 2959 2618 nos
2992 2559 3065 2618 de

445 2666 613 2728 vobis
647 2679 1101 2745 consequenter
1131 2681 1308 2723 suam
1342 2663 1682 2744 deposuere
1716 2662 2053 2743 querelam,
2086 2662 2280 2743 quod,
2316 2682 2515 2744 quum
2539 2662 2601 2723 in
2621 2663 3062 2746 episcoporum

447 2772 850 2834 electionibus
875 2772 1200 2849 faciendis
1246 2769 1361 2850 ipsi
1396 2789 1464 2830 ac
1498 2770 1998 2850 praedecessores
2031 2788 2248 2829 eorum
2285 2770 2720 2831 consueverint
2751 2770 3063 2850 interesse,

448 2899 557 2940 vos
603 2880 688 2940 eis
734 2881 945 2939 invitis
993 2876 1392 2938 renitentibus
1426 2890 1484 2935 et
1515 2875 1776 2935 exclusis
1809 2876 1886 2935 ad
1913 2877 2280 2954 faciendam
2327 2877 2694 2937 electionem
2730 2879 3063 2958 procedere

448 2985 955 3068 praesumpsistis,
1002 3003 1192 3064 quam
1239 2984 1321 3042 ob
1367 2983 1484 3042 hoc
1520 3000 1649 3042 non
1684 2980 2052 3060 confirmari,
2084 2982 2192 3042 sed
2225 2981 2518 3057 infirmari
2551 2983 2758 3064 potius
2791 2984 3066 3065 postula-

449 3097 612 3156 bant.
675 3094 956 3155 Partibus
1004 3091 1192 3171 igitur
1232 3100 1352 3171 pro
1403 3091 1750 3170 quaestione
1800 3089 2157 3151 huiusmodi
2197 3092 2361 3171 apud
2410 3092 2621 3151 sedem
2656 3092 3057 3172 apostolicam

449 3200 811 3277 constitutiS,
844 3200 1098 3260 dilectos
1124 3198 1301 3273 filios
1332 3203 1574 3257 nostros
1606 3195 1682 3257 B.
1704 3200 1794 3257 tit.
1817 3199 1876 3258 S.
1899 3198 2081 3258 Petri
2108 3199 2194 3258 ad
2220 3198 2491 3272 vincula,
2523 3205 2584 3258 et
2611 3199 2660 3259 I.
2695 3202 2785 3259 tit.
2819 3201 2883 3260 S.
2916 3199 3066 3260 Pri-

447 3329 586 3369 scae
617 3309 1034 3390 presbyterOS,
1080 3311 1139 3366 et
1166 3307 1255 3364 tit.
1298 3304 1356 3363 S.
1390 3303 1637 3363 Mariae
1669 3306 1733 3363 in
1770 3302 2105 3363 Cosmedin
2139 3305 2464 3364 diaconum
2498 3305 2855 3366 cardinales
2887 3307 3066 3365 dedi-

448 3436 582 3477 mus
630 3416 967 3488 auditores,
1019 3413 1084 3473 in
1131 3429 1385 3492 quorum
1432 3409 1790 3468 auditorum
1838 3409 2180 3489 praesentia
2226 3426 2406 3469 testes
2455 3411 2747 3490 utrinque
2781 3411 3067 3491 producti

450 3523 720 3598 fuerunt,
763 3536 821 3581 et
869 3539 1089 3581 eorum
1124 3514 1615 3599 depositionibus
1650 3514 1989 3595 publicatiS,
2025 3533 2164 3595 pars
2197 3515 2644 3576 canonicorum
2680 3536 2786 3596 per
2818 3531 2998 3576 testes
3032 3538 3065 3576 a

452 3650 514 3690 se
549 3630 888 3710 productos
922 3626 1330 3688 intentionem
1365 3639 1564 3699 suam,
1611 3621 1785 3702 quod
1819 3623 1895 3681 ad
1930 3642 2037 3682 eos
2070 3636 2311 3681 tantum
2343 3638 2637 3703 spectaret
2670 3622 2906 3697 electio,
2938 3622 3067 3683 suf-

448 3735 721 3796 ficienter
772 3735 1055 3795 dicebant
1101 3752 1232 3793 esse
1279 3733 1631 3812 probatam;
1682 3745 1851 3810 parte
1897 3728 2263 3790 clericorum
2296 3728 2710 3790 nihilominus
2742 3745 3066 3808 asserente,

448 3845 625 3924 quod
674 3864 783 3925 per
828 3844 985 3904 dicta
1018 3841 1285 3918 testium,
1321 3859 1483 3920 quos
1518 3837 1953 3918 produxerant,
1985 3852 2043 3896 et
2074 3836 2190 3917 ipsi
2223 3836 2624 3897 assertionem
2661 3856 2859 3913 suam,
2892 3836 3068 3915 quod

449 3953 734 4014 electioni
768 3949 1135 4033 pontificum
1168 3949 1460 4009 interesse
1493 3948 1803 4022 deberent,
1841 3944 2083 4025 plenius
2117 3944 2559 4024 probavissent,
2597 3963 2704 4026 per
2723 3963 2883 4023 quae
2918 3963 3069 4005 con-

449 4075 605 4120 stare
653 4059 954 4133 dicebant,
1004 4077 1109 4118 eos
1156 4055 1565 4116 electionibus
1612 4053 1799 4114 trium
1835 4051 2292 4133 episcoporum,
2326 4052 2434 4132 qui
2468 4052 2754 4113 ecclesiae
2786 4050 3067 4110 Sutrinae

451 4166 673 4228 ultimo
719 4184 775 4227 et
825 4165 1183 4226 immediate
1234 4161 1640 4244 praefuerant,
1688 4178 1833 4219 cum
1881 4159 2193 4219 canonicis
2241 4158 2601 4219 cathedralis
2636 4156 2925 4218 ecclesiae
2959 4156 3068 4215 ad-

450 4273 655 4349 fuisse,
690 4292 1035 4352 vocemque
1071 4271 1358 4331 habuisse
1391 4288 1535 4330 cum
1570 4266 1700 4328 aliis
1733 4266 2015 4345 eligendi.
2069 4266 2204 4324 Nos
2235 4265 2442 4345 igitur,
2477 4266 2712 4326 auditis
2745 4264 3070 4344 allegatio-

450 4380 632 4441 nibus
662 4386 721 4440 et
752 4379 1098 4440 rationibus
1117 4379 1399 4460 partium
1435 4382 1494 4435 et
1524 4372 2007 4456 depositionibus
2040 4373 2196 4452 ipsis
2217 4371 2553 4452 diligenter
2573 4374 2889 4454 inspectis,
2910 4390 3072 4451 quo-

453 4488 619 4548 niam
653 4487 888 4569 liquido
922 4483 1467 4567 deprehendimus,
1502 4496 1681 4542 testes
1714 4494 1945 4540 vestros
1980 4477 2043 4538 in
2066 4477 2463 4557 perhibendis
2485 4476 2850 4538 testimoniis
2873 4475 3071 4535 varios

451 4595 765 4672 exstitisse,
812 4610 995 4674 atque
1044 4593 1337 4653 adversus
1384 4590 1572 4650 fidem
1606 4586 2006 4649 attestationis
2039 4605 2189 4645 suae
2223 4604 2434 4645 coram
2467 4585 2654 4645 dictis
2685 4583 3072 4644 auditoribus

450 4701 777 4776 vacillasse,
822 4703 989 4761 sicut
1033 4701 1160 4780 :psi
1201 4696 1379 4758 nobis
1408 4703 1628 4777 postea
1676 4695 2046 4767 retulerunt,
2086 4709 2142 4752 et
2175 4692 2350 4772 quod
2385 4691 2729 4770 negativam
2765 4689 3070 4769 quodam-

451 4810 643 4869 modo
690 4810 1004 4869 adstruere
1051 4807 1423 4884 satagebant,
1473 4805 1729 4884 probare
1779 4800 2072 4878 volentes,
2123 4800 2219 4861 ius
2253 4799 2570 4860 electionis
2603 4798 2682 4858 ita
2715 4798 2960 4878 quidem
2995 4797 3072 4856 ad

453 4935 563 4976 vos
598 4931 888 4996 spectare,
925 4915 1100 4994 quod
1133 4915 1210 4974 ad
1243 4909 1626 4973 adversarios
1659 4908 1917 4970 minime
1952 4907 2297 4989 pertineret,
2332 4926 2439 4988 per
2474 4921 2653 4966 testes
2686 4923 2831 4965 vero
2854 4904 3068 4964 adver-
