3684 5416
550 1578 603 1611 to

554 2113 600 2157 ι5

551 2653 607 2686 20

551 3187 604 3231 ²5

553 3721 611 3767 30

556 4254 608 4299 35

655 427 757 478 ¹40
1280 410 1545 463 Potestas
1584 408 1964 465 ecclesiastica
2007 422 2063 466 et
2096 409 2402 482 Imperium
2443 410 2618 467 civile.

649 592 843 673 aliqui
875 593 985 673 qui
1018 611 1127 674 per
1157 593 1466 655 caritatem
1497 609 1557 654 et
1587 594 1902 655 veritatem
1933 594 2139 656 iurant
2170 611 2228 656 et
2261 611 2475 657 cavent
2507 616 2572 659 se
2605 616 2640 656 a
2672 596 3021 657 iuramento
3054 594 3257 656 nomi-

654 701 751 762 nis
783 700 914 777 Dei,
960 716 1019 761 et
1064 700 1346 762 nesciunt
1389 700 1534 780 quia
1566 700 1733 762 idem
1764 717 1856 762 est
1888 701 2060 763 Deus
2091 704 2266 782 quod
2299 717 2388 765 est
2419 702 2632 764 caritas
2662 717 2724 764 et
2753 702 2989 779 veritas,
3023 701 3256 763 dicente

653 807 928 869 Iohanne
974 807 1274 889 apostolo,
1321 808 1466 889 quia
1505 808 1716 869 ·Deus
1761 808 1975 870 caritas
2019 824 2186 880 est»,·
2243 810 2392 871 item
2435 809 2563 892 ipse
2598 808 2912 871 Dominus
2958 810 3023 869 in
3068 825 3257 870 euan—

651 913 845 993 gelio:
897 933 1055 992 «ego
1086 933 1230 976 sum
1261 915 1355 975 via
1388 929 1447 976 et
1479 915 1766 989 veritas»;
1800 914 1946 977 ideo
1977 916 2086 997 qui
2117 917 2183 977 in
2216 917 2462 978 veritate
2493 932 2552 977 et
2582 916 2823 978 caritate
2842 916 3021 993 iurat,
3043 915 3105 977 in
3126 915 3258 976 Deo

652 1021 825 1083 iurat.
882 1021 1034 1082 Item
1066 1021 1413 1084 cavendum
1444 1038 1553 1101 est,
1588 1041 1668 1084 ne
1700 1022 1971 1084 farisaica
2003 1023 2431 1105 superstitione
2464 1024 2687 1105 aliquis
2718 1023 2857 1105 plus
2888 1040 3112 1083 aurum
3145 1021 3257 1082 ho-

652 1145 834 1190 noret
877 1149 1066 1210 quam
1100 1129 1313 1205 altare3
1369 1149 1446 1191 ne
1478 1130 1636 1192 dicat
1666 1131 1722 1192 ei
1758 1131 2100 1193 Dominus:
2156 1131 2377 1193 <stulte
2408 1147 2466 1193 et
2496 1151 2690 1206 caece,
2720 1131 2875 1212 quid
2906 1146 2997 1192 est
3028 1129 3253 1191 maius:

653 1255 876 1298 aurum
909 1236 1006 1296 vel
1037 1237 1221 1297 altare
1252 1236 1426 1316 quod
1459 1236 1793 1298 sanctificat
1825 1243 2127 1299 aurum?»
2167 1237 2291 1300 Sed
2324 1254 2383 1300 et
2414 1240 2596 1301 nobis
2629 1239 2966 1300 honestum
2996 1237 3256 1314 videtur,

652 1359 741 1421 ut,
788 1343 896 1424 qui
944 1344 1009 1404 in
1052 1342 1275 1405 sanctis
1319 1343 1539 1405 habeat
1570 1343 1789 1420 iurare,
1835 1345 1958 1405 hoc
1988 1344 2235 1406 ieiunus
2268 1344 2443 1407 faciat
2472 1364 2618 1407 cum
2652 1345 2820 1406 omni
2855 1345 3170 1407 honestate
3201 1360 3258 1404 et

643 1451 876 1520 timore
910 1451 1056 1520 Dei:
1092 1466 1150 1511 et
1180 1451 1343 1528 sciat,
1375 1470 1440 1511 se
1472 1451 1772 1512 rationem
1804 1451 2195 1513 redditurum
2228 1452 2366 1514 Deo
2399 1451 2889 1534 uniuscuiusque
2921 1450 3261 1521 iuramenti,

656 1557 1038 1639 ubicumque
1071 1557 1165 1635 sit,
1213 1556 1338 1619 sive
1371 1557 1524 1618 intra
1557 1558 1894 1638 aeclesiam,
1927 1558 2054 1620 sive
2086 1574 2248 1621 extra
2280 1559 2617 1621 aeclesiam.
2679 1558 2756 1619 Et
2787 1573 2853 1619 ut
2885 1558 3122 1639 parvuli
3154 1557 3259 1637 qui

657 1663 789 1725 sine
822 1663 1165 1725 rationabili
1198 1680 1388 1726 aetate
1422 1680 1566 1726 sunt
1600 1684 1730 1727 non
1763 1682 2067 1748 cogantur
2098 1666 2319 1745 iurare,
2363 1665 2519 1727 sicut
2550 1664 2981 1745 Guntbodingi
3013 1664 3258 1726 faciunt.

657 1770 734 1831 Et
779 1771 886 1850 qui
931 1770 1123 1832 semel
1168 1771 1508 1852 periuratus
1555 1772 1753 1849 fuerit,
1788 1792 1902 1833 nec
1934 1773 2099 1833 testis
2130 1773 2206 1833 sit
2235 1772 2529 1854 posthaec
2560 1791 2675 1834 nec
2705 1771 2784 1834 ad
2813 1788 3258 1834 sacramentum

655 1878 899 1940 accedat
931 1897 1046 1939 nec
1078 1877 1141 1938 in
1174 1897 1284 1941 sua
1315 1896 1498 1940 causa
1529 1878 1623 1941 vel
1654 1878 1900 1940 alterius
1932 1880 2163 1941 iurator
2193 1880 2423 1941 existat.

873 1987 978 2065 65.
1029 1984 1434 2049 Omnibus.
1499 1986 1649 2049 Item
1695 1987 1997 2049 habemus
2042 1989 2107 2050 in
2152 1987 2287 2068 lege
2334 1987 2591 2051 Domini
2639 1987 3034 2049 mandatum:
3092 2003 3261 2048 «non

659 2092 1147 2171 auguriamini»;
1202 2110 1261 2155 et
1305 2094 1367 2155 in
1413 2093 1920 2156 deuteronomio:
1978 2114 2203 2157 «nemo
2250 2095 2326 2155 sit
2369 2094 2477 2176 qui
2522 2094 2750 2156 ariolos
2793 2093 3128 2155 sciscitetur
3169 2092 3263 2152 vel
3339 2107 3344 2114 ·

659 2201 901 2263 somnia
947 2203 1228 2264 observet
1265 2201 1361 2262 vel
1392 2201 1471 2262 ad
1503 2201 1759 2283 auguria
1792 2200 2139 2273 intendat»;
2189 2201 2366 2262 item:
2423 2220 2540 2263 «ne
2572 2201 2648 2263 sit
2678 2199 2994 2263 maleficus
3027 2219 3142 2262 nec
3171 2200 3261 2261 in·

658 2324 935 2370 cantator
977 2326 1095 2369 nec
1139 2308 1430 2389 pithones
1477 2307 1890 2369 consolator».
1956 2308 2101 2370 Ideo
2136 2308 2564 2390 praecipimus,
2599 2323 2668 2369 ut
2700 2307 3123 2369 cauculatores
3153 2324 3264 2368 nec

659 2413 1066 2477 incantatores
1112 2433 1226 2475 nec
1271 2414 1643 2496 tempestarii
1676 2415 1771 2475 vel
1803 2414 2176 2494 obligatores
2206 2434 2336 2477 non
2370 2414 2547 2488 fiant;
2600 2431 2659 2477 et
2692 2415 3075 2496 ubicumque
3104 2428 3262 2492 sunt,

659 2521 1069 2583 emendentur
1098 2521 1193 2582 vel
1226 2522 1617 2582 damnentur.

874 2628 1027 2690 Item
1072 2628 1150 2688 de
1195 2629 1518 2689 arboribus
1562 2628 1659 2689 vel
1706 2629 1892 2710 petris
1924 2628 2021 2690 vel
2053 2628 2351 2706 fontibu8‚
2387 2628 2492 2689 ubi
2525 2627 2715 2710 aliqui
2745 2627 2909 2690 stulti
2940 2627 3264 2690 luminaria

658 2736 758 2798 vel
787 2738 934 2797 alias
965 2736 1420 2798 observationes
1451 2735 1699 2813 faciunt,
1733 2737 1996 2799 omnino
2028 2737 2419 2814 mandamus,
2453 2751 2523 2798 ut
2554 2736 2663 2798 iste
2694 2737 2999 2817 pessimus
3029 2756 3179 2798 usus
3209 2751 3267 2797 et

661 2843 797 2905 Deo
828 2843 1194 2923 execrabilis,
1225 2845 1605 2925 ubicumque
1637 2845 2001 2925 inveniatur,
2035 2844 2284 2906 tollatur
2314 2858 2375 2905 et
2404 2843 2754 2906 distruatur.

877 2952 981 3012 66.
1031 2949 1168 3012 Om
1191 2952 1446 3013 nibus.
1513 2952 1662 3012 Item
1713 2951 2046 3032 praedicari
2101 2969 2349 3012 necesse
2399 2967 2504 3028 est,
2554 2967 2863 3031 quantum
2911 2950 3146 3012 malum
3194 2949 3269 3010 sit

661 3058 880 3119 odium
912 3057 1010 3118 vel
1041 3057 1300 3135 invidia}
1320 3059 1465 3140 quia
1499 3059 1564 3119 in
1597 3060 1730 3140 lege
1761 3058 2062 3140 scriptum
2093 3074 2218 3119 est:
2273 3074 2445 3118 <non
2478 3057 2680 3119 oderis
2715 3057 2961 3118 fratrem
2993 3072 3172 3118 tuum
3203 3056 3267 3117 in

661 3165 847 3227 corde
878 3180 1010 3239 tu0,
1044 3165 1152 3227 sed
1185 3165 1427 3247 publice
1458 3185 1677 3245 argues
1707 3184 1928 3234 eumn
1981 3166 2130 3227 item
2162 3164 2468 3227 Iohannes
2499 3163 2904 3243 euangelista:
2965 3163 3109 3244 «qui
3140 3162 3268 3224 odit

663 3270 908 3334 fratrem
940 3290 1147 3350 suum,
1183 3271 1494 3333 homicida
1527 3288 1652 3334 est»
1679 3292 1694 3346 ;
1743 3272 1891 3333 item
1925 3272 1989 3333 in
2022 3272 2380 3351 euangelio:
2422 3271 2510 3332 «si
2542 3270 2878 3352 peccaverit
2908 3270 2972 3331 in
3002 3284 3061 3331 te
3094 3270 3270 3331 frater

662 3394 827 3456 tuus,
875 3380 1028 3440 vade
1074 3395 1132 3439 et
1175 3379 1413 3461 corripe
1459 3399 1604 3441 eum
1653 3379 1811 3441 inter
1839 3393 1899 3440 te
1930 3393 1989 3440 et
2020 3379 2228 3461 ipsum
2257 3378 2526 3455 solum»,
2558 3392 2618 3440 et
2649 3393 2845 3440 cetera
2876 3397 3036 3458 quae
3067 3377 3149 3438 ibi
3182 3377 3267 3438 le-

661 3501 908 3564 guntur.
973 3486 1066 3548 De
1110 3486 1356 3548 avaritia
1388 3502 1594 3548 autem
1626 3487 2057 3568 apostolorum
2088 3486 2354 3566 legimus
2387 3484 2728 3546 dicentem:
2780 3484 3083 3562 «avaritia,
3112 3502 3267 3565 quae

662 3615 753 3658 est
797 3596 1112 3659 idolorum
1160 3597 1437 3674 servitus,
1483 3595 1751 3659 cavenda
1784 3610 1939 3657 est».
2004 3597 2150 3657 Item
2187 3596 2263 3656 de
2295 3593 2791 3676 concupiscentia
2822 3591 3063 3671 legitur,
3097 3590 3269 3672 quod

663 3703 831 3764 radix
863 3703 937 3765 sit
966 3704 1253 3764 omnium
1288 3703 1627 3773 malorum;
1663 3717 1722 3762 et
1754 3700 1819 3762 in
1853 3703 2018 3779 lege:
2060 3718 2226 3761 «non
2258 3699 2655 3782 concupisces
2686 3718 2819 3761 rem
2840 3695 3268 3780 proximitui».
3310 3705 3315 3709 ’

878 3812 981 3878 67.
1027 3809 1487 3892 Episcopis‚
1536 3808 1931 3870 omnibus.
1977 3808 2125 3868 Item
2157 3822 2227 3867 ut
2259 3805 2589 3867 homicidia
2623 3804 2779 3867 infra
2813 3804 3085 3887 patriam,
3116 3803 3271 3867 sicut

663 3919 726 3979 in
772 3918 907 3997 lege
940 3916 1195 3978 Domini
1239 3916 1632 3978 interdictum
1678 3930 1784 3989 est,
1834 3933 1947 3975 nec
1978 3932 2160 3975 causa
2192 3912 2443 3974 ultionis
2476 3931 2590 3974 nec
2621 3912 2902 3974 avaritiae
2936 3932 3052 3974 nec
3081 3911 3263 3973 latro—

665 4024 912 4087 cinandi
944 4043 1072 4085 ηοη
1105 4023 1282 4100 fiant3
1333 4039 1389 4084 et
1422 4024 1805 4103 ubicumque
1837 4022 2082 4084 inventa
2117 4021 2355 4095 fuerint,
2387 4040 2419 4081 a
2454 4019 2761 4081 iudicibus
2793 4022 3018 4080 nostris
3048 4036 3267 4080 secun-

665 4133 818 4194 dum
863 4132 1064 4210 Iegem
1110 4150 1182 4191 ex
1229 4146 1444 4192 nostro
1490 4130 1781 4192 mandato
1827 4128 2250 4203 vindicentur3
2310 4142 2370 4188 et
2399 4146 2529 4188 non
2560 4126 2875 4188 occidatur
2904 4126 3121 4203 homo,
3153 4123 3272 4185 nisi

663 4241 798 4320 lege
830 4240 1098 4301 iubente.

882 4348 985 4408 68.
1036 4344 1174 4407 Om
1198 4344 1456 4405 nibus.
1522 4342 1669 4405 Item
1704 4359 1763 4404 et
1796 4343 1956 4404 furta
1989 4359 2046 4404 et
2078 4342 2302 4403 iniusta
2333 4341 2602 4403 conubia
2635 4358 2884 4402 necnon
2915 4352 2975 4399 et
3007 4338 3151 4400 falsa
3181 4351 3269 4399 te-

665 4453 975 4530 stimonia,
1023 4452 1181 4513 sicut
1224 4468 1406 4530 saepe
1454 4450 1824 4529 rogavimus,
1874 4448 2193 4530 prohibete
2226 4447 2569 4529 diligenter,
2615 4448 2772 4509 sicut
2802 4460 2861 4508 et
2891 4445 2987 4507 lex
3019 4444 3270 4507 Domini

663 4561 968 4645 prohibet.

880 4670 984 4744 69.
1032 4665 1319 4727 Omnib
1338 4684 1446 4727 us.
1491 4665 1566 4725 Et
1597 4665 1720 4726 hoc
1750 4683 1895 4725 cum
1928 4682 2157 4743 magno
2190 4662 2397 4725 studio
2429 4674 2797 4739 ammonete,
2831 4674 2899 4722 ut
2930 4658 3038 4721 filii
3070 4661 3269 4721 hono—

667 4790 801 4838 rent
847 4788 1130 4856 parentes
1175 4790 1354 4845 suos3
1423 4770 1568 4852 quia
1615 4770 1744 4852 ipse
1792 4769 2106 4832 Dominus
2152 4768 2330 4829 dicit:
2400 4769 2679 4828 «honora
2726 4782 2956 4848 patrem
3003 4779 3182 4827 tuum
3212 4779 3272 4823 et

665 4898 923 4945 matrem
973 4897 1164 4960 tuam,
1215 4896 1281 4941 ut
1329 4880 1410 4942 sis
1459 4880 1799 4959 longaevus
1848 4897 2035 4958 super
2078 4892 2301 4937 terram
2349 4893 2541 4957 quarn
2587 4874 2881 4936 dominus
2914 4872 3084 4935 Deus
3128 4887 3271 4934 tuus

663 4989 831 5051 dabit
861 4989 1030 5051 tibi».
