3684 5416
508 1485 555 1517 13

505 2019 552 2063 15

612 334 716 384 402
1174 313 1499 368 Hierarchia
1543 313 1756 368 ordinis
1798 326 1854 368 et
1894 313 2204 369 hierarchia
2244 312 2664 367 turisdtctioniS.

614 498 1036 577 derogatoriiS,
1068 497 1325 577 aliisque
1358 496 1821 572 efficacioribuS,
1856 513 1915 558 et
1946 496 2205 558 insolitis
2228 495 2536 570 clausuliS,
2562 515 2810 557 necnon
2834 495 3230 570 irritantibus,

613 606 791 666 etiam
830 606 1009 666 Motu
1044 605 1319 685 proprie,
1352 620 1410 665 et
1441 624 1513 664 ex
1548 618 1707 663 certa
1740 604 2013 679 scientia,
2046 623 2115 663 ac
2148 604 2223 663 de
2258 603 2654 684 Apostolicae
2689 603 3000 684 potestatis
3031 603 3230 685 pleni-

610 710 845 786 tudine,
890 726 995 772 aut
1039 711 1186 772 alias
1238 710 1729 790 quomodolibet,
1780 709 1962 770 etiam
2011 729 2119 790 per
2151 711 2312 770 viam
2348 709 2953 787 communicationis,
2985 730 3093 771 seu
3126 730 3230 770 ex-

610 818 908 879 tensionis
953 818 1279 894 concessis,
1330 833 1389 878 et
1436 817 1661 878 iteratis
1706 816 1944 878 vicibus
1972 818 2359 899 approbatis,
2394 833 2452 879 et
2484 817 2808 898 innovatis,
2844 817 3081 878 etiamsi
3116 836 3230 899 pro

610 925 860 988 illorum
908 925 1235 986 sufficienti
1282 925 1680 1002 derogatione
1729 925 1805 984 de
1840 923 1972 1000 illis,
2006 943 2354 1003 eorumque
2385 924 2724 1001 tenoribus,
2755 940 2813 985 et
2846 922 3061 984 formis
3091 944 3229 1005 spe-

611 1033 795 1110 cialis,
828 1050 886 1095 et
917 1032 1253 1109 individua,
1287 1050 1358 1091 ac
1390 1032 1466 1091 de
1499 1033 1688 1092 verbo
1721 1030 1795 1091 ad
1831 1033 2107 1107 verbum,
2151 1050 2278 1091 non
2311 1046 2519 1092 autern
2555 1049 2663 1112 per
2696 1030 3004 1092 clausulas
3035 1049 3228 1112 gene-

610 1140 763 1201 rales
813 1139 977 1200 idem
1032 1139 1453 1219 imponantes,
1508 1138 1758 1215 mentiO,
1809 1158 1920 1198 seu
1973 1138 2229 1217 quaevis
2279 1137 2397 1198 alia
2443 1137 2755 1219 expressio
2788 1138 3091 1213 habenda,
3123 1152 3229 1198 aut

610 1246 813 1325 aliqua
846 1245 961 1307 alia
994 1246 1293 1326 exquisita
1330 1244 1527 1305 forma
1561 1245 1856 1305 servanda
1889 1260 2063 1320 esset,
2098 1260 2344 1304 tenores
2365 1243 2750 1321 hujusmodi,
2771 1243 2908 1304 acsi
2942 1244 3019 1304 de
3041 1245 3229 1304 verbo

609 1353 686 1412 ad
732 1355 991 1413 verbum
1038 1352 1191 1413 nihil
1237 1353 1483 1433 penitus
1531 1352 1784 1428 omiss0,
1830 1366 1890 1412 et
1924 1351 2120 1412 forma
2154 1352 2215 1412 in
2248 1350 2367 1412 illis
2399 1350 2615 1412 tradita
2646 1354 2984 1425 observata,
3016 1350 3224 1411 inserti

613 1459 832 1534 forent,
868 1458 1289 1539 praesentibus
1322 1477 1434 1539 pro
1468 1458 1764 1539 expressis
1798 1459 2051 1532 habens,
2101 1457 2330 1538 quibus
2376 1459 2588 1537 quoad
2622 1477 2712 1534 ea,
2745 1477 2906 1538 quae
2940 1476 3228 1539 praesen-

610 1567 773 1627 tibus
818 1565 1235 1642 adversantur,
1283 1565 1399 1626 illis
1446 1564 1589 1625 alias
1620 1564 1684 1625 in
1719 1584 1835 1625 suo
1870 1566 2094 1625 robore
2126 1565 2562 1645 permansuriS,
2595 1565 2711 1625 hac
2743 1565 2872 1625 vice
2904 1564 3218 1625 dumtaxat

607 1672 964 1754 specialiter,
999 1689 1057 1733 et
1088 1691 1368 1753 expresse
1401 1671 1736 1750 derogavit,
1771 1671 2148 1752 caeterisque
2183 1672 2498 1732 contrariis
2530 1671 3049 1751 quibuscumque.

824 1788 852 1848 S
898 1799 990 1858 15·
1041 1779 1393 1855 Caeterum,
1427 1793 1494 1838 ut
1528 1796 1817 1858 praesens
1849 1777 2227 1839 Constitutio
2261 1779 2498 1840 facilius
2531 1779 2828 1840 omnibus
2860 1777 3222 1854 innotescat,

609 1886 907 1947 Sanctitas
940 1885 1065 1946 Sua
1097 1884 1312 1962 voluit,
1347 1900 1406 1945 et
1441 1883 1774 1961 mandavit,
1807 1900 1873 1945 ut
1908 1903 2038 1945 non
2086 1885 2295 1946 solum
2330 1886 2394 1946 in
2427 1885 2809 1946 Cancellaria
2844 1885 3224 1966 Apostolica,

608 1994 715 2054 sed
760 1994 942 2055 etiam
989 1992 1067 2053 ad
1114 1992 1315 2052 valvas
1349 1992 1637 2053 Basilicae
1672 1991 1972 2071 Principis
2006 1992 2455 2073 Apostolorum
2503 1993 2580 2053 de
2630 1993 2815 2068 Urbe,
2862 2007 2921 2052 et
2967 1991 3031 2052 in
3077 1992 3225 2052 Acie

608 2099 827 2182 Campi
864 2099 1077 2160 Florae
1112 2099 1481 2180 publicetur,
1533 2098 1822 2178 illiusque
1858 2100 2134 2179 exempla
2169 2098 2233 2159 in
2268 2100 2487 2160 iisdem
2520 2098 2673 2160 locis
2706 2098 2883 2159 affixa
2915 2098 3225 2158 dimittan-

606 2224 723 2284 tur,
756 2228 824 2268 ac
857 2207 918 2267 in
953 2205 1311 2281 Quinterno
1344 2205 1761 2267 Cancellariae
1794 2205 1950 2266 inter
1970 2206 2464 2268 Constitutiones
2488 2221 2814 2287 perpetuas
2833 2204 3226 2281 describatur,

604 2329 666 2374 et
698 2328 1043 2374 annotetur.
1109 2311 1167 2392 [l.
1200 2332 1251 2374 c.
1287 2333 1425 2394 pag.
1457 2310 1853 2391 440—-441,]
