3684 5416
464 1498 513 1530 10

460 2048 506 2092 ¹5

455 2583 507 2615 20

453 3117 502 3160 ²5

452 3649 505 3694 30

450 4189 498 4233 35

576 325 679 380 288
1206 330 1470 385 Potestas
1510 331 1886 387 ecclesiastica
1928 345 1984 386 et
2023 333 2323 405 imperium
2365 335 2542 390 civile.

576 508 955 570 Hollandicis
1005 526 1290 585 extanteS,
1343 513 1618 593 itemque
1670 514 2014 577 paraeciam
2055 517 2314 592 Damne,
2367 537 2559 598 qnam
2601 523 2677 578 ab
2712 518 3185 597 osnabrugensi

576 614 857 676 Dioecesi
902 637 1275 697 separamus,
1322 634 1379 679 et
1426 620 1801 698 paroeciam,
1850 622 2459 703 Oldenburgensem,
2511 644 2701 705 quam
2735 624 3121 704 sejungimus
3152 647 3185 685 a

575 721 978 785 Missionibus
1009 727 1632 805 septemtrionalibuS,
1666 749 1953 809 quaeque
1989 730 2294 810 pertinent
2314 733 2392 792 ad
2413 732 2710 792 ditionem
2735 732 2925 792 Ducis
2946 732 3186 793 Olden-

571 830 912 909 burgensiS.
977 832 1259 914 Denique
1294 835 1623 911 modern0,
1658 856 1728 896 ac
1761 856 1874 916 pro
1907 853 2186 917 tempore
2221 838 2497 899 existenti
2530 838 2839 919 Episcopo
2875 839 3185 919 Monaste-

570 937 756 998 riensi
804 955 1103 1019 perpetuo
1151 943 1469 1020 regendaS,
1517 958 1575 1002 et
1622 943 2140 1005 administrandas
2173 946 2617 1007 committimus
2657 945 2938 1025 quinque
2974 946 3185 1005 parae-

570 1045 691 1106 cias
723 1065 1122 1129 nuncupatas,
1156 1050 1622 1125 Brochterbeck,
1656 1051 2118 1129 Ibbenbuhren,
2156 1052 2517 1132 Mettingen,
2540 1053 2760 1125 Recke,
2785 1067 2843 1112 et
2863 1052 3185 1121 Halverde,

569 1172 730 1231 quae
761 1152 1132 1232 suffraganei
1164 1156 1664 1237 osnabrugensis
1698 1160 2233 1221 Administrationi
2267 1161 2344 1220 ad
2377 1160 2769 1241 Apostolicae
2802 1159 2964 1220 sedis
2998 1161 3184 1219 bene-

569 1258 862 1339 placitum
893 1277 1060 1322 erant
1093 1264 1477 1325 commissae.

781 1367 1014 1443 (XXX.)
1078 1370 1772 1432 paderbornensis
1824 1373 2197 1455 Episcopalis
2244 1373 2569 1449 Ecclesiae,
2622 1371 3014 1434 Coloniensis
3050 1372 3181 1432 Me-

566 1472 971 1552 tropolitanae
1006 1476 1456 1554 Suffraganeae,
1479 1479 1789 1540 Dioecesis
1821 1479 2059 1555 iisdem,
2091 1481 2318 1560 quibus
2353 1500 2526 1542 nunc
2556 1480 2875 1561 reperitur,
2911 1477 3182 1539 manebit

566 1579 1016 1662 circumscripta
1049 1583 1362 1644 limitibus,
1417 1584 1504 1645 Illi
1540 1600 1847 1665 praeterea
1879 1585 2283 1669 adjungimus
2315 1588 2564 1648 alteram
2600 1604 2766 1646 nunc
2787 1604 3183 1666 suppressam

567 1685 915 1748 Dioecesim
964 1689 1410 1766 Corbejensem
1461 1709 1607 1751 cum
1656 1691 1896 1771 integro
1948 1713 2065 1757 suo
2117 1693 2458 1754 Territorio
2513 1714 2546 1754 a
2597 1691 2925 1753 venerabili
2978 1692 3181 1753 Fratre

567 1795 960 1857 Ferdinando
1010 1798 1315 1879 Episcopo
1363 1800 1827 1861 Monasteriensi
1875 1800 2380 1877 administratam,
2419 1821 2530 1862 nec
2564 1820 2693 1862 non
2728 1821 2801 1860 ex
2836 1800 3180 1861 Transrhe-

565 1922 731 1965 nano
763 1905 1050 1984 antiquae
1082 1906 1483 1968 Coloniensis
1518 1907 1829 1969 Dioecesis
1851 1908 2195 1969 Territorio
2231 1909 2609 1969 Decanatus:
2648 1905 3181 1979 Meschedensem,

565 2010 1150 2088 Altendornensem,
1183 2013 1634 2091 Brilonensem,
1674 2015 2290 2089 Wormbachensem,
2314 2015 2890 2091 Medebachensem,
2924 2026 2982 2072 et
3003 2011 3179 2071 Wet-

562 2118 1115 2196 tenscheidensem,
1169 2137 1564 2203 nuncupatos
1612 2140 1755 2182 cum
1788 2122 1915 2182 suis
1949 2122 2407 2183 parochialibus
2439 2139 2498 2183 et
2531 2123 2578 2183 F
2582 2122 2842 2183 ilialibus
2876 2119 3177 2195 Ecclesiis,

562 2225 909 2306 pariterque
954 2225 1551 2303 Commissariatum,
1598 2229 1997 2307 Haarensem,
2045 2246 2103 2290 et
2152 2230 2529 2307 paraeciam,
2580 2228 3071 2307 Romershagen,
3119 2242 3176 2287 et

561 2332 835 2411 ulterius,
873 2335 1387 2417 Rittbergensem,
1422 2352 1481 2397 et
1505 2337 2206 2416 Wiedenbruckensem,
2243 2339 2771 2409 Decanatus,cum
2794 2334 2920 2397 suis
2938 2353 3177 2416 respec-

561 2441 678 2501 tive
713 2443 1191 2522 parochialibuS,
1244 2459 1302 2504 et
1354 2443 1665 2505 Filialibus
1715 2445 1996 2506 Ecclesiis
2044 2448 2119 2506 ab
2169 2444 2639 2525 osnabrugensi
2690 2441 2971 2504 Dioecesi
3003 2462 3176 2523 sepa-

561 2549 808 2625 randos,
859 2568 974 2609 nec
1019 2569 1152 2611 non
1197 2571 1229 2610 a
1264 2551 1545 2612 Dioecesi
1592 2551 1741 2612 olim
1776 2526 2166 2631 Moguntina,
2201 2570 2409 2633 postea
2448 2550 2906 2613 Ratisbonensis
2938 2547 3174 2625 disjun-

559 2657 792 2734 gendas
828 2657 1132 2718 paraecias
1173 2656 1415 2736 Siegen,
1463 2674 1520 2719 et
1565 2658 2011 2742 Obernetphen
2058 2676 2462 2741 nuncupatas,
2509 2659 2809 2720 civitatem
2859 2656 3175 2737 Heiligen—

560 2764 736 2840 stadt,
801 2783 947 2824 cum
995 2784 1114 2825 suo
1164 2765 1502 2840 Decanatu,
1567 2781 1625 2826 et
1677 2767 2027 2829 Decanatus
2079 2770 2473 2844 Beurensem,
2534 2765 3177 2840 Bischoferodensem,

563 2871 1165 2948 Kirchworbensem,
1184 2872 1751 2951 Kuhlstadtensem,
1763 2874 2334 2955 Lengefeldensem,
2350 2871 2949 2948 Neuendorfensem,
2971 2871 3173 2931 Nord-

561 2979 950 3054 hausensem,
985 2979 1584 3058 Rustenfeldensem,
1621 2980 2240 3059 Wiesenfeldensem,
2288 3000 2435 3042 cum
2466 2981 2593 3041 suis
2629 2976 3086 3040 parochialibus
3118 2994 3177 3036 et

562 3084 873 3146 Filialibus
908 3086 1208 3162 Ecclesiis,
1259 3102 1317 3147 et
1349 3085 1674 3148 Civitatem
1709 3088 1955 3164 Erfurti,
2008 3108 2153 3149 cum
2198 3089 2390 3150 tribus
2441 3087 2731 3148 paraeciis
2781 3085 3173 3158 suburbanis,

559 3207 748 3272 atque
780 3192 1090 3254 paraecias
1121 3193 1186 3252 in
1219 3193 1561 3254 Territorio
1596 3193 1807 3272 Magni
1842 3194 2031 3254 Ducis
2064 3195 2363 3256 Saxoniae
2389 3192 2793 3254 Wimarensis
2825 3192 3167 3261 existentes,

559 3318 674 3360 nec
704 3319 831 3361 non
864 3300 1205 3362 paraeciam
1244 3302 1592 3382 Eppensem
1637 3316 1799 3362 extra
1835 3303 2156 3364 Borussiae
2192 3304 2484 3383 Regnum
2515 3302 2575 3363 in
2609 3301 2957 3382 Principatu
2996 3298 3166 3359 Wal-

567 3409 845 3469 deccensi
875 3412 951 3470 ab
983 3410 1232 3490 antiqua
1267 3409 1628 3471 Coloniensi
1664 3411 1945 3472 Dioecesi
1978 3412 2439 3492 segregandam,
2473 3426 2531 3470 et
2563 3410 2821 3471 demum
2852 3431 2887 3469 a
2921 3408 3166 3469 Missio-

559 3535 709 3576 num
744 3518 1338 3598 septemtrionalium
1377 3518 1680 3579 Vicariatu
1715 3520 2075 3599 Apostolico
2108 3518 2494 3598 separandas,
2528 3533 2586 3576 et
2617 3538 2650 3577 a
2684 3516 2923 3591 futuris,
2958 3536 3027 3577 ac
3061 3535 3172 3596 pro

559 3638 834 3705 tempore
882 3626 1281 3686 existentibus
1316 3626 1925 3687 paderbornensibus
1961 3625 2277 3707 Episcopis
2327 3640 2627 3706 perpetuo
2661 3624 3173 3685 administrandas

559 3733 864 3794 paraecias
887 3734 1300 3810 Mindensem,
1329 3733 1558 3795 scilicet
1579 3734 1641 3793 in
1663 3733 2066 3813 Westphalia,
2101 3748 2158 3793 et
2192 3732 2255 3793 in
2278 3731 2597 3793 Provincia
2618 3733 2920 3794 Saxoniae
2942 3732 3169 3793 Aders-

558 3841 758 3915 leben,
794 3842 1356 3915 Althaldensleben,
1394 3843 1896 3912 Ammensleben,
1920 3841 2385 3917 Aschersleben,
2413 3840 2939 3916 Hadtmersleben,
2961 3839 3171 3900 Eccle-

556 3949 674 4009 sias
706 3950 787 4011 St.
822 3950 1125 4020 Andreae,
1161 3964 1219 4010 et
1252 3949 1508 4010 Sanctae
1543 3949 1913 4010 Catharinae
1949 3947 2378 4021 Halberstadii‚
2413 3946 2860 4007 Hamersleben
2897 3947 3167 4007 Heders-

556 4055 758 4132 leben,
807 4057 1164 4137 Huysburg,
1216 4056 1621 4136 Magdeburg,
1656 4056 2071 4131 Marienbeck,
2105 4053 2527 4130 Matienstuhl,
2565 4053 2953 4133 Mayendorf,
2992 4051 3170 4112 Sten-

556 4163 676 4236 dal,
709 4163 884 4223 Halle
916 4179 973 4223 et
1006 4165 1190 4242 Burg.
1254 4161 1514 4222 Attentis
1547 4178 1753 4222 autem
1786 4162 2133 4240 grandaeva
2166 4175 2376 4235 aetate,
2408 4178 2478 4219 ac
2509 4158 2766 4241 egregiis
2799 4160 2875 4219 de
2896 4157 3167 4219 Ecclesia

556 4285 616 4331 et
666 4271 742 4330 de
775 4270 1090 4332 Catholica
1139 4269 1460 4348 Religione
1517 4269 1762 4340 meritis,
1815 4267 2193 4328 Venerabilis
2246 4266 2468 4327 Fratris
2515 4267 2815 4328 Francisci
2861 4266 3087 4346 Egonis
3133 4288 3166 4328 a

557 4378 605 4438 F
610 4379 1008 4454 urstemberg,
1063 4376 1565 4457 praestantissimi
1600 4377 2017 4452 Hildesiensis,
2066 4396 2134 4436 ac
2172 4374 2694 4435 paderbornensis
2729 4373 3048 4450 Praesulis‚
3099 4395 3171 4435 ac

558 4484 923 4546 Missionum
969 4484 1542 4564 septentrionalium
1581 4483 1800 4544 Vicarii
1841 4482 2194 4564 Apostolici,
2246 4501 2359 4541 nec
2407 4481 2519 4563 ipsi
2553 4500 2748 4542 novae
2780 4480 3166 4541 administra-

552 4592 734 4653 tionis
765 4610 930 4652 onus
961 4589 1330 4670 adjungatur
1354 4590 1759 4665 decernimuS,
1791 4605 1851 4650 et
1874 4590 2243 4650 mandamus
2264 4587 2420 4648 nihil
2435 4588 2589 4648 circa
2609 4587 2793 4648 talem
2814 4585 3163 4647 Antistitem

554 4699 617 4760 in
652 4717 937 4780 praesens
970 4718 1099 4759 esse
1135 4697 1582 4771 innovandum,
1616 4699 1724 4758 sed
1759 4712 1979 4758 cuncta
2013 4696 2077 4756 in
2111 4716 2204 4769 eo,
2237 4716 2365 4776 quo
2399 4714 2565 4756 nunc
2596 4694 2985 4774 reperiuntur
3006 4709 3167 4754 statu

553 4807 782 4869 interea
814 4805 1247 4886 relinquendo,
1283 4805 1648 4867 antedictam
1685 4805 2207 4867 paderbornensis
2244 4804 2557 4865 Dioecesis
2593 4802 3057 4884 ampliationem
3089 4821 3168 4862 eo
