3684 5416
581 1528 633 1562 to

582 2072 630 2116 ¹5

581 2606 634 2639 20

582 3138 633 3183 25

583 3681 636 3727 30

583 4213 635 4258 35

680 379 785 433 594
1369 381 1374 386 ·
1858 357 2120 430 Capituli.

681 566 799 606 non
846 548 1189 624 corrigitur
1196 567 1229 619 ,·
1294 544 1368 604 Et
1413 544 1672 605 iterum:
1722 543 1979 604 Percute
2009 542 2237 605 Filium
2271 551 2436 604 tuum
2488 545 2699 626 Virga,
2733 553 2795 605 et
2821 545 3120 607 liberabis
3152 551 3300 608 ani-

681 674 839 713 mam
873 653 1005 731 ejus
1037 673 1074 712 a
1107 657 1314 712 morte.

892 761 969 821 Et
1013 759 1320 840 quidquid
1369 778 1475 840 per
1504 779 1568 819 se
1601 757 1759 836 juste
1793 776 1850 821 et
1883 758 2321 822 rationabiliter
2351 761 2699 821 secundum
2734 763 3094 823 canonicam
3128 762 3302 823 insti·

679 868 1005 941 tutionem,
1057 866 1151 925 vel
1204 864 1392 943 hujus
1442 885 1663 948 parvae
1714 866 2118 929 institutionis
2166 887 2296 929 non
2345 868 2659 949 potuerint
2706 868 2982 945 definire,
3028 870 3293 933 omnino

682 977 992 1057 Episcopo
1027 973 1420 1054 patefaciant;
1472 990 1530 1035 et
1564 974 1693 1055 ipse
1725 975 2075 1036 secundum
2109 975 2223 1036 Dei
2259 975 2658 1054 voluntatem,
2682 978 2855 1056 quod
2878 977 3297 1056 castigandum

680 1099 789 1159 est,
835 1081 1100 1158 castiget.
1166 1079 1292 1154 Qui
1329 1079 1822 1141 Archidiaconus
1869 1081 1964 1142 vel
1998 1082 2388 1144 Primicerius
2434 1083 2501 1143 in
2534 1083 2831 1144 omnibus
2864 1085 3128 1145 omnino
3162 1085 3305 1145 acti-

681 1193 798 1251 bus
829 1189 924 1249 vel
957 1186 1248 1269 operibus
1280 1187 1406 1248 suis
1437 1186 1557 1247 sint
1592 1187 1727 1249 Deo
1762 1203 1820 1247 et
1855 1188 2165 1269 Episcopo
2199 1188 2411 1250 fideles
2444 1205 2503 1250 et
2535 1189 2892 1251 obedientes
2923 1205 2982 1251 et
3015 1210 3145 1252 non
3180 1191 3304 1252 sint

681 1296 950 1378 superbi,
985 1314 1188 1374 neque
1223 1293 1495 1370 rebelles,
1529 1294 1623 1354 vel
1657 1309 2148 1374 contemptores:
2200 1295 2308 1356 sed
2357 1296 2502 1356 casti
2538 1311 2595 1356 et
2628 1296 2818 1357 sobrii
2853 1297 3164 1377 patientes,
3202 1299 3304 1357 be-

682 1403 876 1481 nigni,
916 1417 1099 1481 atque
1134 1399 1576 1474 misericordes,
1626 1415 1685 1458 et
1717 1420 1962 1481 semper
1988 1402 2397 1482 superexaltet
2430 1402 2848 1463 misericordia
2883 1402 3207 1480 judicium,
3241 1420 3307 1463 ut

684 1510 798 1592 ipsi
831 1509 997 1569 idem
1029 1519 1507 1585 consequantur.
1574 1505 1844 1585 Diligant
1876 1507 2151 1584 Clerum,
2184 1509 2428 1569 oderint
2460 1508 2624 1579 vitia,
2665 1509 2728 1569 in
2761 1509 2893 1589 ipsa
2924 1525 3134 1570 autem
3168 1528 3303 1570 cor-

685 1615 961 1696 reptione
1008 1613 1342 1695 prudenter
1387 1628 1586 1691 agant,
1624 1628 1682 1672 et
1716 1633 1792 1673 ne
1827 1614 1980 1694 quid
2016 1614 2218 1694 nimis,
2254 1635 2332 1676 ne
2365 1616 2517 1676 dum
2553 1615 2816 1696 cupiunt
2848 1616 3098 1676 eradere
3129 1637 3304 1677 aeru-

683 1722 913 1801 ginem,
963 1721 1276 1799 frangatur
1323 1740 1457 1795 vas;
1512 1720 1910 1781 Meminerint
1942 1723 2249 1783 calamum
2284 1738 2642 1803 quassatum
2676 1743 2803 1783 non
2837 1723 3307 1784 conterendum.

686 1830 755 1891 In
802 1828 1032 1909 quibus
1078 1847 1210 1888 non
1257 1827 1536 1904 dicimus,
1588 1841 1655 1887 ut
1703 1828 2052 1907 permittant
2101 1830 2335 1890 nutrire
2368 1829 2528 1908 vitia,
2564 1829 2671 1890 sed
2706 1829 3042 1910 prudenter
3074 1845 3132 1890 et
3163 1849 3306 1890 cum

686 1936 974 1998 charitate
1007 1955 1075 1994 ea
1109 1949 1426 2014 amputare
1461 1932 1763 1994 festinent.

899 2040 1191 2118 Caveant,
1241 2059 1337 2115 ne,
1376 2041 1530 2100 dum
1564 2039 1694 2100 aliis
1728 2040 2224 2121 praedicaverint,
2259 2043 2368 2123 ipsi
2404 2042 2646 2124 reprobi
2681 2041 3058 2116 efficiantur;
3107 2043 3306 2103 inten-

686 2150 900 2209 dentes
947 2148 1096 2209 illud
1134 2146 1531 2208 Dominicum
1584 2162 2017 2227 praeceptum;
2068 2164 2126 2208 et
2160 2149 2268 2228 qui
2315 2150 2379 2211 in
2414 2149 2601 2210 oculo
2633 2149 2854 2210 Fratris
2887 2149 2976 2211 tui
3012 2149 3309 2211 festucam

686 2257 952 2332 videbas,
1002 2255 1063 2316 in
1108 2271 1219 2315 tuo
1264 2254 1497 2314 trabem
1533 2272 1661 2314 non
1694 2253 1925 2314 vidisti:
1978 2253 2143 2332 Ejice
2176 2256 2447 2336 primum
2482 2259 2717 2317 trabem
2754 2257 2830 2317 de
2862 2257 3047 2318 oculo
3078 2272 3208 2334 tuo,
3241 2273 3302 2318 et

686 2379 833 2424 tunc
866 2362 1212 2444 perspicieS‚
1249 2376 1313 2420 ut
1346 2360 1572 2420 educas
1606 2359 1901 2419 festucam
1937 2360 2012 2420 de
2045 2362 2234 2422 oculo
2272 2361 2493 2422 Fratris
2529 2362 2637 2422 tui.

901 2468 1031 2543 Qui
1065 2467 1575 2542 ArchidiaconuS,
1610 2465 1709 2526 vel
1740 2466 2133 2527 Primicerius
2166 2468 2213 2528 si
2248 2468 2471 2549 reperti
2505 2468 2752 2544 fuerint,
2784 2470 2957 2548 quod
2992 2469 3164 2546 absit,
3197 2489 3304 2529 su-

688 2577 858 2658 perbi
910 2591 1013 2636 aut
1064 2575 1222 2653 elati,
1275 2589 1379 2634 aut
1429 2573 1927 2650 contradictores,
1978 2573 2073 2633 vel
2124 2590 2583 2655 contemptores
2635 2576 2968 2637 canonicae
3014 2592 3072 2636 et
3120 2573 3308 2650 hujus

687 2702 904 2766 parvae
956 2681 1371 2757 institutioniS,
1434 2680 1473 2742 ii
1526 2680 1876 2742 secundum
1929 2680 2328 2741 Dominicum
2394 2697 2788 2762 praeceptum
2853 2682 3309 2743 admoneantur

686 2791 877 2851 semel
929 2807 987 2850 et
1036 2791 1291 2863 iterum3
1360 2788 1408 2849 si
1462 2807 1589 2848 non
1619 2782 2116 2869 [emendaverinn
2171 2789 2244 2847 ab
2297 2787 2602 2868 Episcopo
2650 2789 2998 2849 secundum
3046 2788 3307 2849 modurn

689 2899 904 2978 culpae
940 2894 1308 2972 judicentur.
1345 2893 1538 2968 Quod
1571 2893 1621 2953 si
1654 2912 1860 2972 neque
1893 2893 1978 2953 sic
2010 2893 2399 2970 correxerint,
2436 2895 2511 2954 de
2544 2894 2871 2956 ordinibus
2903 2895 3029 2955 suis
3062 2893 3305 2973 ejician-

689 3019 810 3079 tur,
860 3018 918 3063 et
967 3002 1085 3077 alii,
1131 3002 1238 3081 qui
1286 3001 1456 3081 digni
1504 3016 1670 3075 sunt,
1718 3016 1777 3060 et
1822 3000 2198 3060 voluntatem
2234 3001 2346 3061 Dei
2381 3001 2474 3061 vel
2507 3002 2796 3082 Episcopi
2829 3002 2925 3062 sui
2957 3002 3306 3062 secundum

692 3110 971 3172 divinum
1005 3124 1401 3190 praeceptum
1436 3108 1845 3188 impleverint,
1882 3108 1943 3167 iu
1977 3108 2128 3168 locis
2162 3108 2411 3169 illorum
2444 3110 2881 3190 subrogentur.

906 3217 1056 3297 Cap.
1090 3215 1308 3276 XXXI.
1360 3214 1461 3274 De
1494 3235 1584 3287 σο,
1617 3215 1801 3294 quod,
1849 3218 1959 3293 qui
1987 3216 2072 3274 ad
2099 3215 2217 3276 lucc
2252 3214 2638 3275 Canonicum
2671 3217 2996 3297 specialem
3033 3216 3308 3276 ordinem

689 3325 873 3386 huius
895 3323 1414 3403 Congregationis
1447 3342 1511 3382 se
1541 3324 1779 3382 sociare
1810 3323 1960 3396 vult,
1994 3324 2066 3382 de
2099 3323 2303 3395 rebus,
2337 3342 2490 3403 quas
2506 3322 2815 3403 possidet,
2849 3324 2933 3382 ad
2962 3321 3306 3382 Ecclesiam

690 3433 765 3493 B.
800 3432 995 3493 Pauli
1021 3430 1309 3512 Apostoli
1350 3430 1672 3489 solemnem
1734 3429 2118 3489 donationem
2151 3440 2276 3510 per
2309 3434 2694 3510 praesentem
2722 3431 2955 3506 saciat,
3004 3434 3306 3489 reservato

692 3551 889 3602 tamen
944 3548 1209 3622 tempore
1257 3542 1416 3598 vitae
1465 3558 1611 3598 suae
1655 3540 2116 3615 usnsructuario
2162 3539 2393 3598 ordine.
2466 3537 2635 3597 Licet
2682 3538 2958 3614 legamus
2991 3537 3310 3617 antiquam

692 3649 1025 3710 Ecclesiam
1056 3649 1172 3707 sub
1194 3661 1474 3725 tempore
1496 3644 1941 3725 Apostolorum
1979 3644 2058 3705 ita
2089 3645 2450 3706 unanimem
2486 3646 2987 3725 concordemque
3022 3646 3305 3720 extitisse,

693 3773 750 3818 et
796 3758 874 3817 ita
922 3754 1133 3815 omnia
1179 3752 1516 3832 reliquisse,
1562 3765 1628 3810 ut
1661 3750 1888 3828 singuli
1924 3753 2165 3832 praedia
2199 3773 2306 3812 sua
2342 3753 2676 3814 vendentes
2708 3754 2785 3813 ad
2821 3753 3006 3833 pedes
3041 3759 3309 3833 Aposto-

691 3865 898 3924 lorum
948 3860 1133 3941 pretia
1182 3872 1511 3939 ponerent;
1567 3872 1631 3917 ut
1679 3856 1890 3916 nullus
1936 3877 2157 3917 eorum
2189 3858 2302 3918 sibi
2339 3858 2572 3938 aliquid
2607 3858 2930 3938 proprium
2965 3858 3307 3939 dicere-au-

693 3971 881 4047 deret,
916 3969 1022 4028 sed
1057 3980 1229 4026 erant
1264 3965 1378 4025 illis
1411 3963 1620 4023 omnia
1656 3964 2034 4038 communia,
2068 3963 2236 4023 unde
2269 3979 2326 4023 et
2359 3964 2581 4024 habere
2603 3964 2961 4025 dicebantur
2981 3984 3087 4024 cor
3110 3983 3308 4026 unum

693 4091 750 4136 et
798 4074 1066 4135 animam
1113 4090 1339 4131 unam:
1391 4068 1669 4149 quotidie
1718 4069 1886 4128 enim
1923 4069 2078 4129 circa
2112 4071 2340 4129 domus
2376 4088 2598 4149 panem
2637 4069 3002 4148 frangentes,
3037 4072 3209 4150 quod
3246 4070 3308 4130 in

695 4202 1031 4244 commune
1065 4180 1457 4259 accipiebant,
1490 4191 1615 4237 tam
1648 4177 1759 4238 viri
1792 4196 1981 4257 quam
2019 4178 2346 4254 foeminae,
2382 4196 2492 4237 seu
2528 4178 2782 4257 parvuli,
2817 4178 3154 4257 omnisque
3175 4180 3307 4238 vul-

694 4313 810 4371 gus
858 4291 1074 4351 ardore
1121 4288 1262 4348 fidei
1311 4286 1566 4363 accensi,
1616 4302 1798 4365 atque
1846 4286 1908 4345 in
1959 4305 2169 4346 amore
2204 4285 2519 4363 religionis
2552 4286 2865 4365 provocati
2900 4285 3136 4346 cunctis
3168 4305 3306 4345 cum

693 4397 1025 4478 gratiarum
1073 4396 1312 4456 actione
1360 4393 1791 4454 sufficientiam
1841 4395 2246 4474 praebebant:
2311 4393 2419 4453 sed
2467 4392 2611 4472 quia
2660 4392 2883 4452 nostris
2929 4392 3310 4473 temporibus

696 4504 1046 4588 persuaderi
1095 4521 1223 4563 non
1272 4518 1488 4582 potest,
1543 4502 1754 4562 saltem
1800 4502 1897 4561 vel
1946 4503 2065 4562 hoc
2111 4501 2588 4575 consentiamus,
2621 4516 2689 4560 ut
2722 4501 2798 4560 ad
2832 4500 3309 4579 aliquantulam-

695 4632 968 4692 cumque
1014 4610 1477 4671 similitudinem
1519 4608 2005 4670 conversationis
2038 4627 2258 4668 eorum
2291 4623 2538 4668 nostros
2571 4607 2815 4668 animos
2850 4610 3308 4684 contrahamus,

695 4723 839 4802 quia
887 4719 1070 4780 nimis
1118 4718 1345 4793 inertiS,
1398 4716 1784 4797 tepidaeque,
1833 4736 1902 4775 ac
1948 4715 2236 4775 remissae
2285 4715 2635 4776 devotionis
2675 4731 2778 4789 est,
2812 4730 2898 4791 ut,
2933 4716 3128 4794 quod,
3161 4715 3311 4776 sicut

695 4830 975 4903 diximuS,
1008 4846 1195 4887 omne
1230 4824 1454 4904 vulgus
1486 4844 1598 4905 pro
1635 4824 1747 4884 Dei
1781 4824 2038 4884 nomine
2071 4823 2403 4897 consensit,
2437 4843 2550 4883 nos
2584 4822 2689 4902 qui
2725 4823 3094 4903 peculiarius
3128 4842 3310 4884 cano·

697 4935 847 4994 nicis
894 4933 1218 4993 ordinibus
1252 4930 1541 4992 inservire
1575 4931 1892 5007 debemuS,
1941 4928 2577 5009 quantulamcumque
2611 4929 2672 4989 in
2712 4945 2945 5009 partem
2981 4930 3140 4991 hanc
3177 4949 3312 5011 per-
