3684 5416
573 1503 621 1536 12

573 2036 621 2081 ι5

569 2685 624 2719 20

572 3184 622 3228 25

571 3586 625 3631 30

571 4064 622 4110 35

572 4602 627 4644 4ο

684 334 712 388 5
731 335 789 383 ¹4
1617 308 1621 311 ’
1755 316 1925 371 Curia
1966 334 2227 372 romana.

672 519 783 579 ter,
828 501 1077 582 integre,
1132 517 1496 582 matureque
1542 501 1835 581 exigatur,
1885 517 2166 562 exactum
2199 520 2344 562 vero
2376 521 2447 563 ac
2480 518 2797 582 receptum
2829 502 2907 562 ad
2941 503 3279 583 supradicta

674 610 1109 672 tantummodo
1155 629 1339 690 opera
1387 609 1755 691 perficienda
1806 630 1879 669 ex
1929 609 2261 669 voluntatis
2293 625 2535 670 nostrae
2572 608 2942 690 praescripto
2977 608 3284 669 fructuose

674 714 1080 797 impendatur.
1142 717 1299 778 lllud
1349 733 1556 778 autem
1591 716 1950 778 Cardinales
1997 715 2161 796 ipsos
2192 733 2571 797 magnopere
2602 714 3036 792 admonemus,
3068 729 3283 776 curent

674 826 1010 904 diligenter,
1060 842 1129 887 ut
1178 825 1241 885 in
1291 824 1384 885 his
1428 823 1777 884 triremibus
1812 822 2202 903 ApostoliciS,
2251 838 2470 883 nautae
2518 841 2741 884 omnes
2792 837 2851 882 et
2883 822 3122 899 milites,
3159 842 3288 883 non

674 934 880 995 solum
915 953 985 993 ex
1021 933 1263 994 nautica
1298 930 1685 1011 militarique,
1728 930 1834 991 sed
1875 930 2075 991 multo
2106 930 2301 1010 magis
2333 949 2406 990 ex
2438 929 2780 990 Christiana
2814 928 3161 1009 disciplina,
3196 928 3290 1010 pie

674 1056 731 1101 et
778 1041 1055 1100 modeste
1101 1040 1322 1100 vivant.
1387 1038 1599 1115 Quare
1643 1039 1809 1100 viros
1858 1038 2196 1118 religiosos,
2232 1036 2583 1098 animarum
2616 1055 3087 1119 corporumque
3120 1057 3297 1098 cura·

674 1163 836 1208 tores
870 1147 1156 1229 deligant,
1208 1147 1314 1227 qui
1350 1146 1616 1207 valentes
1648 1146 1724 1207 ad
1758 1145 2049 1227 pietatem
2082 1143 2406 1222 instruant,
2438 1159 2725 1223 aegrotos
2758 1145 2960 1205 multo
2992 1143 3299 1205 charitatis

676 1269 944 1336 aspectu,
977 1253 1198 1334 quovis
1228 1253 1572 1315 necessario
1604 1252 1946 1331 adjumenti
1980 1273 2223 1334 genere,
2257 1252 2552 1335 spirituali
2584 1252 2864 1334 inprimis
2897 1269 3169 1314 recreent
3203 1268 3294 1313 at-

677 1380 799 1441 que
847 1360 1139 1421 reficiant.
1208 1360 1492 1440 Denique
1543 1361 1718 1422 omni
1766 1360 1907 1422 loco
1939 1381 1972 1421 a
2008 1359 2347 1437 PraefectiS,
2383 1358 2698 1438 militibus,
2733 1360 2938 1421 nautis
2971 1380 3040 1420 ea
3074 1359 3173 1441 pie
3208 1359 3297 1419 vi·

676 1467 858 1527 vendi
893 1466 1067 1543 ratio,
1116 1483 1175 1528 et
1209 1467 1508 1529 institutio
1540 1470 1921 1544 observetur,
1974 1484 2037 1528 ut
2070 1487 2210 1528 vere
2244 1468 2381 1528 illos
2413 1466 2799 1529 Christianos
2830 1487 2899 1528 ac
2937 1465 3296 1528 pontificios

677 1593 806 1634 esse
841 1593 1062 1634 omnes
1094 1590 1446 1655 agnoscant.

1066 1806 1487 1889 congregatio
1533 1807 1685 1881 VII„
1704 1817 1830 1888 pro
1864 1808 2077 1867 Indice
2108 1806 2407 1867 librorum
2428 1807 2907 1889 prohibitorum.

890 2002 1053 2078 Quia
1100 2009 1246 2063 vero
1281 2003 1545 2064 haeresis
1578 2005 1835 2064 morbus
1869 2003 2105 2064 animae
2141 2002 2696 2084 perniciosissimus
2730 2018 2798 2063 ut
2831 2022 3053 2064 cancer
3083 2003 3290 2085 serpit,

676 2125 734 2170 et
779 2109 884 2170 filii
929 2113 1324 2171 tenebrarum
1370 2129 1572 2171 arcem
1619 2109 1973 2172 Catholicae
2020 2110 2285 2172 veritatis
2330 2111 2503 2171 omni
2549 2110 3024 2172 machinationis
3072 2130 3298 2190 genere

676 2233 1060 2300 oppugnant,
1093 2217 1259 2278 libris
1292 2217 1645 2298 praesertim
1681 2217 1946 2277 haeresis
1979 2237 2218 2278 veneno
2253 2217 2488 2278 infectis
2521 2217 3014 2298 promulgandis,
3036 2217 3298 2297 aliisque

678 2303 883 2387 noxia
910 2325 1187 2387 doctrina
1236 2325 1652 2405 aspergendis,
1715 2325 2310 2405 corrumpendisque
2357 2324 2624 2406 postulat
2669 2345 2702 2384 a
2751 2324 2932 2386 nobis
2979 2326 3299 2406 pastoralis

677 2432 864 2493 officii
909 2432 1256 2508 solicitud0,
1303 2448 1369 2492 ut
1414 2433 1628 2513 vulpes
1678 2431 1928 2493 dolosas
1974 2448 2032 2493 et
2077 2433 2257 2513 lupos
2287 2452 2533 2513 rapaces
2564 2434 2640 2492 ab
2673 2431 2818 2492 ovili
2851 2431 3082 2492 Christi
3117 2433 3295 2492 omni

678 2539 989 2618 vigilantia
1020 2559 1355 2603 arceamus⁸

892 2657 921 2718 s
966 2668 1012 2708 1.
1061 2647 1272 2724 Quare
1306 2663 1374 2710 ut
1405 2647 1782 2724 Cardinales,
1828 2645 1937 2729 qui
1969 2647 2045 2707 ad
2077 2646 2267 2708 libros
2300 2646 2739 2728 prohibendos,
2772 2648 3291 2728 expurgandosve

677 2756 893 2817 delecti
925 2773 1083 2832 sunt,
1132 2755 1195 2815 in
1229 2775 1297 2815 ea
1330 2774 1475 2816 cura
1509 2755 1852 2834 diligenter,
1900 2774 1968 2815 ac
2000 2753 2215 2827 majori
2250 2774 2392 2815 cum
2430 2754 2630 2814 fructu
2663 2770 3001 2829 versentur,
3037 2756 3145 2815 has
3175 2754 3297 2815 illis

679 2860 992 2922 facultates
1024 2862 1371 2938 tribuimuS,
1410 2877 1477 2923 ut
1508 2862 1809 2923 librorum
1844 2860 2150 2937 ejusmodi
2183 2862 2513 2941 catalogos,
2538 2878 2594 2922 et
2618 2860 2866 2933 indiceS,
2887 2877 2995 2922 aut
3016 2862 3296 2942 proxime

677 2968 1012 3047 confectos,
1059 2987 1404 3048 eorumque
1452 2970 1691 3045 regulas
1737 2968 1927 3029 editas
1973 2984 2436 3046 recognoscant,
2469 2984 2651 3048 atque
2685 2967 3061 3045 examinent,
3093 2984 3296 3028 certo·

677 3086 818 3136 rum
865 3091 1190 3136 auctorum
1238 3075 1425 3136 libros
1472 3075 1827 3157 prohibitos,
1875 3092 1980 3136 aut
2026 3076 2246 3156 quovis
2295 3078 2486 3137 modo
2532 3076 2597 3136 in
2645 3075 2953 3156 prioribus
2988 3074 3300 3136 indicibus

677 3201 1009 3262 suspensos
1060 3181 1383 3259 diligenter
1431 3182 1756 3259 excutiant,
1808 3200 1867 3243 et
1919 3200 2100 3264 prout
2149 3182 2433 3263 expedire
2485 3182 2905 3259 judicaverint,
2942 3181 3300 3262 permittant

678 3290 887 3368 libros,
919 3290 1028 3372 qui
1062 3307 1202 3372 post
1234 3290 1508 3351 Iudicem
1543 3290 1896 3351 Tridentini
1929 3291 2126 3351 Cone.
2160 3287 2329 3365 jussu
2370 3289 2605 3349 editum
2643 3289 3027 3369 prodierunt,
3064 3289 3303 3350 Catho-

677 3397 828 3458 licae
877 3397 1211 3473 doctrinae,
1256 3397 1883 3478 Christianorumque
1931 3416 2182 3459 morum
2217 3396 2568 3478 disciplinae
2602 3413 3033 3475 repugnanteS,
3069 3416 3300 3476 expen-

679 3504 827 3565 dant
873 3520 931 3565 et
976 3520 1440 3583 recognoscant,
1487 3525 1554 3565 ac
1604 3505 1709 3565 ubi
1760 3505 1940 3566 nobis
1986 3503 2320 3579 retulerint,
2368 3518 2575 3564 nostra
2608 3503 2966 3564 auctoritate
3000 3502 3294 3581 rejiciant,

678 3612 1013 3672 hominurn
1062 3630 1208 3672 vero
1258 3611 1474 3688 injuria
1509 3627 1568 3672 et
1601 3612 1748 3673 dolo
1783 3613 2142 3693 depravatos
2174 3611 2522 3685 emendent,
2556 3629 2663 3670 eos
2696 3608 2907 3685 libros,
2941 3611 3051 3690 qui
3084 3611 3298 3691 paucis

679 3718 988 3780 erroribus
1033 3719 1290 3798 rejectis,
1337 3719 1615 3798 alioquin
1663 3719 1839 3780 utiles
1887 3718 2174 3779 studiosis
2208 3738 2337 3780 esse
2371 3734 2644 3799 possent,
2677 3717 3077 3799 expurgandi,
3111 3732 3295 3797 atque

679 3825 1022 3904 corrigendi
1058 3828 1321 3887 modum
1354 3827 1581 3904 ineant,
1616 3825 1974 3907 iudicesque
2008 3825 2468 3907 expurgatorios
2503 3823 2851 3903 conficiant,
2889 3844 3085 3885 novos
3117 3844 3296 3905 prae-

678 3948 838 3992 terea
884 3932 1072 3993 libros
1118 3932 1521 4012 approbandi,
1564 3950 1621 3993 et
1653 3933 2052 4014 imprimendi
2088 3934 2387 3993 rationem
2422 3932 2848 4013 praescribant.
2915 3930 3294 3994 Universita-

679 4054 813 4099 tum
859 4039 1315 4117 parisiensium,
1366 4040 1882 4114 Bononiensium,
1925 4040 2572 4117 Salamantinensium,
2608 4039 3113 4112 Lovaniensium,
3147 4039 3294 4099 alia-

682 4164 949 4226 rumque
1000 4149 1396 4226 probatarum
1448 4146 1666 4220 studia,
1718 4146 1793 4207 ad
1844 4146 2142 4207 librorum
2192 4146 2700 4227 expurgationem
2751 4161 2808 4206 et
2841 4146 3295 4206 correctionem

681 4251 959 4329 excitent,
1009 4272 1350 4333 earumque
1399 4253 1757 4332 diligentem
1806 4273 2062 4334 operam
2107 4269 2165 4313 et
2198 4253 2559 4314 industriam
2593 4252 2924 4333 requirant.
2989 4252 3292 4313 Permitti-

681 4381 821 4421 mus
854 4380 1107 4441 quoque
1142 4362 1345 4421 eidem
1379 4361 1886 4440 Congregationi‚
1923 4378 1986 4422 ut
2017 4361 2375 4441 TheologiS,
2396 4362 2766 4440 Canonistis,
2800 4362 3058 4442 aliisque
3092 4361 3296 4443 peritis

681 4468 844 4546 viris,
893 4467 1005 4549 piis
1052 4484 1236 4548 atque
1284 4468 1543 4546 idoneis,
1594 4467 1775 4529 etiam
1821 4468 2071 4529 aliunde
2118 4469 2437 4545 accersitis,
2486 4470 2562 4529 ad
2595 4470 2717 4530 hoc
2748 4489 2938 4531 omne
2975 4469 3294 4550 negotium

682 4575 1081 4658 Reipublicae
1115 4575 1515 4652 Christianae,
1562 4591 1688 4635 tam
1727 4576 1787 4637 in
1823 4577 1919 4636 his
1951 4577 2335 4656 temporibus
2369 4577 2784 4638 necessarium
2819 4577 3122 4638 adhibitis.
3156 4594 3293 4636 eam

680 4686 764 4746 ob
814 4702 945 4744 rem
993 4697 1257 4759 tantum,
1313 4701 1424 4742 nec
1476 4702 1623 4744 vero
1675 4683 1823 4758 aliis,
1879 4683 2068 4744 libros
2118 4682 2332 4744 vetitos
2382 4685 2630 4745 tenendi
2683 4684 3050 4765 legendique
3114 4683 3296 4744 etiam

681 4794 915 4872 absque
948 4807 1157 4852 nostra
1190 4789 1431 4851 licentia
1464 4790 1845 4870 impertiatur
1879 4790 2246 4852 facultatem.
