3684 5416
538 1108 558 1149 5

514 1643 561 1673 10

515 2183 556 2224 ¹5

507 2719 556 2749 20

620 370 726 425 254

1769 354 2090 410 Ordinatio.

1042 610 1212 691 (Cap.
1257 610 1372 685 16.)
1434 611 1496 671 ll.
1555 609 1659 671 De
1711 610 2283 672 Ordinatione
2331 612 2810 694 Presbyteri.

620 793 756 863 Περὶ
806 795 866 844 δὲ
918 794 1255 861 χειροτονίας
1292 792 1675 861 πρεσβυτέρων
1716 794 1824 858 ἐγὼ
1866 793 1925 842 ὁ’

2039 793 2125 846 De
2155 792 2522 848 ordinatione
2552 796 3021 866 presbyterorum
3050 815 3160 866 ego

618 874 961 941 Φιλούμενος
1005 875 1106 924 ὑπὸ
1145 874 1240 924 τοῦ
1281 874 1497 941 Κυρίου
1538 873 1895 940 διατάσσομαι
1953 871 2194 927 dilectus
2222 890 2252 925 a
2278 872 2553 935 Domino,
2581 874 2723 929 haec
2750 876 2914 930 vobis
2942 878 3232 932 constituo

936 956 1059 1021 ὑμῖν
1098 956 1212 1014 τοῖς
1250 955 1571 1013 ἐπισκόποις.

706 1074 902 1151 Πρεσ
911 1071 1200 1157 βύτερον
1215 1071 1638 1150 χειροτονῶν,
1653 1069 1707 1131 ὠ
1725 1070 1897 1132 ἐπίσ-

615 1200 805 1254 κοπε,
863 1181 982 1256 τὴν
1031 1184 1226 1257 χεῖρα
1274 1178 1374 1240 ἐπὶ
1421 1180 1543 1256 τῆς
1587 1178 1897 1258 κεφαλῆς

619 1287 887 1351 ἐπιτίθει
940 1285 1173 1363 αὐτός,
1226 1287 1347 1348 τοῦ
1397 1284 1897 1369 πρεσβυτερίου

614 1393 1054 1472 παρεστῶτος
1085 1407 1195 1455 σοι
1230 1392 1340 1454 καὶ
1375 1392 1505 1453 τῶν
1538 1390 1896 1465 διακόνων,

614 1502 726 1564 καὶ
762 1501 1129 1582 εὐχόμενος
1160 1500 1338 1576 λέγε.

704 1608 907 1688 Εὐχή.
1005 1607 1221 1685 Κύριε
1281 1608 1788 1684 παντοκράτορ,
1857 1607 1896 1666 ὸ

617 1715 804 1793 Θεὸς
826 1716 1028 1797 ἡμῶν,
1052 1715 1092 1776 ὸ
1115 1713 1230 1776 διὰ
1252 1714 1554 1791 Χριστοῦ
1576 1713 1660 1774 τὰ
1680 1714 1899 1775 πάντα

617 1821 1152 1905 δημιουργήσας,
1188 1819 1321 1898 πρὸ
1355 1817 1436 1882 δὲ
1456 1822 1722 1883 πάντων
1742 1820 1896 1880 ὑπο-

616 1931 1066 2011 στησάμενος,
1089 1928 1199 1990 καὶ
1222 1927 1304 1989 δι’
1332 1927 1546 1990 αὑτοῦ
1567 1927 1697 1987 τῶν
1718 1926 1898 1987 ὅλων

615 2038 930 2116 προνοῶν
962 2035 1423 2113 καταλλήλως.
1462 2032 1514 2116 ᾠ
1536 2035 1676 2114 γὰρ
1698 2033 1897 2096 δύνα-

615 2167 719 2228 μις
765 2144 1073 2226 διάφορα
1119 2146 1415 2221 ποιήσαι,
1450 2141 1664 2223 τούτῳ
1698 2139 1896 2204 δύνα-

615 2275 720 2337 μις
765 2253 876 2316 καὶ
929 2250 1283 2332 διαφόρως
1329 2251 1731 2327 προνοῆσαι·
1782 2247 1898 2310 διὰ

613 2362 753 2443 γὰρ
798 2362 1021 2431 τοῦτο,
1070 2359 1110 2418 ὸ
1159 2356 1365 2434 Θεὸς,
1414 2359 1734 2433 προνοεῖς
1763 2356 1898 2418 τῶν

617 2469 734 2550 μὲν
767 2468 1131 2531 ἀθανάτων
1161 2465 1428 2546 φυλακῇ
1452 2462 1641 2544 μόνῃ,
1663 2464 1794 2525 τῶν
1815 2460 1896 2524 δὲ

613 2577 875 2653 θνητῶν
906 2572 1212 2651 διαδοχή,
1239 2574 1357 2649 τῆς
1381 2573 1604 2654 ψυχῆς
1633 2568 1893 2650 φροντί-

614 2683 676 2747 δι
699 2683 945 2766 νόμων,
966 2683 1092 2745 τοῦ
1125 2677 1442 2761 σώματος
1463 2674 1895 2758 ἀνπληρώσει

614 2795 732 2869 τῆς
765 2788 1053 2866 ἐνδείας·
1091 2788 1302 2864 αὐτὸς
1335 2786 1451 2848 οὖν
1491 2786 1603 2847 καὶ
1623 2787 1746 2846 νῦν
1767 2786 1892 2846 ἐπι-

619 2898 883 2982 βλεψον
934 2895 1036 2956 ἐπὶ
1081 2893 1202 2971 τὴν
1248 2893 1449 2970 ἁγίαν
1492 2909 1622 2953 σου
1658 2893 1889 2969 ἐκκλη-

613 3003 768 3065 σίαν
791 3002 900 3064 καὶ
937 3000 1241 3078 αὔξησον
1260 2999 1491 3076 αὑτήν,
1516 2997 1626 3060 καὶ
1651 2996 1889 3074 πλήθυ-

610 3132 733 3172 νον
764 3108 928 3186 τοὺς
974 3109 1048 3169 ἐν
1094 3108 1263 3185 αὐτῇ
1303 3107 1740 3183 προεστῶτας
1779 3105 1891 3166 καὶ

533 3251 548 3293 :
612 3217 740 3294 δὸς
776 3215 1057 3297 δύναμιν
1120 3213 1295 3290 πρὸς
1356 3212 1434 3275 τὸ
1485 3214 1731 3290 κοπιᾷν
1780 3213 1892 3274 αι’)-

612 3323 774 3401 τοὺς
806 3320 1008 3406 λόγῳζ
1024 3320 1136 3383 καὶ
1174 3319 1353 3402 ἔργῳ
1389 3321 1485 3396 εἰς
1518 3318 1893 3400 οἰκοδομὴν

611 3435 730 3493 τοῦ
763 3432 937 3493 λαοῦ
971 3445 1121 3491 σου.

699 3536 930 3614 Αὐτὸς
961 3535 1072 3598 καὶ
1106 3537 1228 3598 νῦν
1262 3533 1449 3597 ἔπιδε
1474 3534 1576 3596 ἐπὶ
1596 3533 1716 3596 τὸν
1737 3532 1889 3596 δοῦ-

607 3645 731 3707 λόν
762 3660 894 3706 σου
926 3646 1188 3712 τοῦτον,
1224 3641 1343 3705 τὸν
1372 3641 1579 3723 ψήφῳ
1612 3640 1723 3702 καὶ
1756 3639 1890 3717 κρί-

609 3766 713 3812 σει
747 3752 867 3812 τοῦ
901 3751 1160 3828 κλήρου
1196 3748 1449 3825 παντὸς
1483 3750 1580 3824 εἰς
1599 3749 1889 3831 πρεσβυ-

609 3859 833 3935 τεριον
895 3856 1318 3928 ἐπιδοθέντα,
1381 3853 1492 3917 καὶ
1546 3853 1890 3935 ἔμπλησον

610 3964 821 4026 αὑτὸν
843 3965 1124 4045 Πνεῦμα
1158 3965 1433 4042 χάριτος
1463 3961 1574 4023 καὶ
1598 3964 1887 4045 συμβου-

607 4071 756 4149 λίας
804 4075 924 4134 τοῦ
974 4069 1589 4154 ἀντιλαμβάνεσθαι
1637 4069 1747 4130 καὶ
1781 4089 1889 4130 κυ-

614 4181 865 4262 βερνᾷν
913 4177 1031 4240 τὸν
1082 4177 1255 4238 λαόν
1304 4189 1436 4238 σου
1488 4178 1562 4237 ἐν
1605 4178 1889 4256 καθαρᾷ

502 4318 547 4348 -ς
609 4284 882 4362 καρδίᾳ,
918 4283 998 4344 ὃν
1030 4287 1285 4360 τρόπον
1307 4281 1574 4359 επείδες
1594 4281 1695 4344 ἐπὶ
1715 4283 1890 4344 λαὸν

610 4393 900 4468 ἐκλογῆς
934 4406 1062 4452 σου
1097 4389 1206 4450 καὶ
1238 4389 1673 4467 προσέταξας
1695 4391 1887 4451 Μωυ·

609 4502 712 4560 σεῐ
767 4496 1108 4574 αἱρεῖσθαι
1162 4497 1699 4577 πρεσβυτέρους,
1763 4496 1888 4573 οὓς

608 4606 910 4682 ἕπλησας
931 4602 1329 4685 πνεύματος·
1354 4604 1465 4665 καὶ
1487 4606 1627 4676 νῦν,
1651 4603 1886 4681 Κύριε,

606 4715 986 4790 παράσχου,
1023 4710 1374 4787 ἀνελλιπὲς
1406 4712 1625 4788 τηρῶν
1645 4712 1720 4772 ἐν
1739 4711 1890 4791 ἡμῖν

605 4819 682 4882 τὸ
727 4821 989 4901 πνεῦμα
1035 4821 1150 4896 τῆς
1198 4818 1474 4897 χάριτός
1507 4834 1660 4893 σου,
1695 4817 1887 4894 ὅπος,

607 4927 932 5004 πλησθεὶς
997 4927 1474 5006 ἐνεργημάτων
1524 4923 1889 5006 ἱαματικῶν

2441 954 2745 1025 episcopis,

2043 1073 2212 1135 Cum
2248 1077 2672 1157 presbyterum
2693 1079 2959 1149 ordinaS‚
2995 1100 3035 1140 o
3058 1081 3233 1160 Epis-

1953 1201 2126 1262 cope,
2174 1200 2433 1243 manum
2480 1203 2666 1264 super
2710 1202 2893 1266 caput
2938 1186 3071 1247 eius
3116 1188 3232 1246 im-

1957 1308 2118 1370 pone
2151 1304 2216 1349 tu
2266 1288 2395 1369 ipse
2445 1306 2673 1352 astante
2705 1292 2811 1352 tibi
2846 1296 3230 1375 presbytero·

1958 1416 2095 1457 rum
2145 1415 2375 1458 corona
2424 1413 2481 1458 et
2527 1399 2956 1476 diaconorum,
3006 1417 3065 1462 et
3096 1421 3230 1482 pre-

1953 1519 2123 1565 catus
2156 1503 2376 1565 dicito:

2075 1611 2322 1672 Oratio,
2411 1612 2717 1689 Domine,
2777 1614 3232 1695 omnipotentes

1958 1718 2126 1779 Deus
2172 1733 2396 1793 noster,
2444 1720 2551 1799 qui
2602 1739 2708 1800 per
2739 1720 3057 1782 Christum
3097 1723 3230 1783 uni·

1954 1844 2126 1885 versa
2177 1826 2521 1900 condidisti,
2567 1845 2839 1907 eumque
2889 1830 3071 1888 rebus
3102 1828 3230 1889 suf-

1949 1922 2144 1993 'fecisti
2195 1934 2486 1994 omnibus
2534 1949 2592 1994 et
2638 1948 2854 1994 cuncta
2891 1954 2995 2014 per
3028 1936 3229 2016 ipsum

1954 2038 2264 2120 sigillatim
2313 2059 2488 2100 curas
2535 2040 2746 2120 (penes
2780 2060 2921 2101 eum
2961 2061 3229 2122 namque

1954 2161 2045 2207 est
2095 2145 2290 2207 facere
2339 2146 2521 2223 varia,
2571 2147 2875 2228 variisque
2909 2150 3230 2228 providere

1953 2254 2210 2329 modis),
2276 2257 2704 2332 quamobrem,
2761 2254 2928 2315 Deus
2975 2256 3053 2316 ita
3088 2275 3229 2337 pro·

1953 2361 2141 2437 vides,
2191 2376 2257 2421 ut
2305 2361 2754 2422 immortalibus
2800 2362 3055 2441 quidem
3101 2363 3227 2423 sola

1949 2467 2413 2529 conservatione
2460 2468 2812 2549 prospicias,
2861 2469 3225 2530 mortalibus

1950 2594 2115 2651 vero,
2148 2574 2565 2647 successione;
2602 2576 2861 2651 animae,
2894 2576 3043 2636 dum
3065 2577 3229 2656 leges

1950 2701 2274 2764 procuras;
2341 2682 2604 2764 corpori,
2658 2682 2809 2744 dum
2864 2685 3115 2764 praebes
3162 2703 3229 2744 ea

1950 2789 2177 2869 quibus
2230 2789 2481 2868 indiget.
2547 2790 2678 2871 lpse
2729 2790 2911 2869 igitur
2957 2807 3014 2850 et
3061 2811 3228 2852 nunc

1948 2897 2178 2978 respice
2213 2897 2277 2956 in
2309 2912 2583 2957 sanctam
2613 2912 2784 2957 tuam
2810 2897 3139 2958 Ecclesiam
3172 2913 3230 2957 et

1948 3023 2105 3083 auge
2139 3003 2303 3063 illam
2336 3019 2391 3063 et
2426 3002 2757 3084 multiplica
2791 3023 2899 3063 eos
2932 3005 3036 3084 qui
3073 3006 3135 3065 in
3158 3024 3226 3065 ea

1948 3126 2253 3190 praesunt,
2307 3126 2365 3169 et
2411 3111 2484 3169 da
2532 3111 2815 3171 virtutem
2868 3126 2935 3172 ut
2966 3110 3005 3172 ii
3043 3114 3227 3172 verbo

1948 3234 2004 3278 et
2052 3236 2236 3297 opere
2269 3216 2672 3278 aedificationi
2705 3218 2922 3298 populi
2958 3219 3044 3279 tui
3081 3219 3228 3279 alla*

1947 3326 2185 3385 borent.

2035 3539 2166 3618 Ipse
2219 3556 2386 3598 nunc
2448 3556 2704 3617 quoque
2767 3540 2996 3620 respice
3062 3540 3228 3600 bunc

1947 3645 2250 3706 famulum
2283 3660 2483 3718 tuum,
2520 3643 2815 3725 suffragio
2848 3661 3030 3725 atque
3066 3645 3227 3706 iudi-

1946 3753 2042 3813 cio
2088 3753 2274 3812 totius
2314 3750 2453 3811 cleri
2490 3752 2551 3811 in
2586 3755 3086 3833 presbyterorum
3122 3773 3223 3813 or-

1947 3859 2157 3920 dinem
2221 3874 2612 3938 cooptatum,
2678 3873 2735 3919 et
2799 3860 2985 3939 imple
3048 3860 3222 3920 illurn

1946 3967 2159 4049 spiritu
2211 3966 2436 4047 gratiae
2488 3981 2548 4027 et
2599 3966 2857 4027 consilii.
2910 3968 2984 4026 ad
3032 3967 3225 4027 susci-

1947 4075 2241 4156 piendum
2278 4089 2334 4133 et
2355 4074 2699 4153 regendum
2723 4073 3026 4154 populum
3047 4088 3222 4133 tuum

1944 4181 2008 4241 in
2072 4181 2255 4240 corde
2317 4181 2586 4256 mundo,
2652 4180 3226 4260 quaemadmodum

1946 4287 2257 4369 respexisti
2309 4305 2494 4367 super
2543 4287 2847 4368 populum
2896 4305 3071 4346 tuum
3106 4286 3224 4346 ele·

1946 4411 2132 4472 ctum,
2188 4410 2249 4455 et
2311 4394 2665 4475 praecepisti
2736 4394 2936 4473 Moysi
3002 4392 3224 4474 eligere

1943 4502 2219 4562 seniores
2268 4522 2429 4583 quos
2477 4500 2691 4581 spiritu
2743 4501 3085 4581 implevisti.
3151 4501 3226 4560 Et

1945 4629 2129 4686 nune,
2176 4609 2466 4683 Domine,
2515 4606 2736 4688 perfice
2771 4623 2829 4668 et
2861 4607 3225 4668 iudeficien-

1944 4733 2064 4775 tem
2115 4716 2178 4775 in
2226 4714 2406 4776 nobis
2452 4733 2621 4774 serva
2668 4729 2806 4774 tuae
2839 4713 3066 4793 gratiae
3100 4713 3225 4793 spi-

1943 4822 2151 4898 ritum,
2214 4839 2279 4883 ut
2343 4821 2561 4901 plenus
2624 4819 3087 4899 operationibus
3148 4820 3225 4879 ad

1944 4929 2312 5003 sanandum,
2375 4943 2433 4987 et
2489 4926 2686 4987 verbis
2739 4927 2813 4986 ad
2865 4926 3223 4987 docendum
