3684 5416
1658 311 1946 385 Episcopi.
3012 337 3117 391 577

494 385 588 395 .-

497 496 677 557 clesia
724 510 1110 559 removetur:
1160 512 1218 556 et
1266 495 1407 557 ideo
1455 497 1565 557 tria
1599 497 1769 568 haec,
1819 517 1980 578 quae
2014 499 2460 580 praemisimus,
2499 503 2629 561 non
2659 516 2783 563 tam
2818 503 3117 564 constitu-

495 602 663 664 tione
711 603 1027 678 canonica,
1078 622 1270 683 quam
1304 603 1685 664 institutione
1719 604 1927 665 divina
1961 605 2073 666 soli
2106 623 2252 666 sunt
2287 607 2578 669 Romano
2611 608 2889 671 Pontifici
2924 629 3115 671 reser-

497 726 649 771 vata.
683 710 852 772 Sicut
886 711 1053 773 enim
1086 712 1415 793 episcopus
1448 727 1846 773 consecratus
1879 712 2010 773 sine
2044 713 2285 774 licentia
2307 714 2577 776 Romani
2598 715 2907 777 pontificis
2939 735 3117 777 suam

497 837 628 879 non
680 819 862 879 debet
909 819 1229 880 ecclesiam
1275 819 1721 899 derelinquere,
1770 819 1858 880 sic
1904 835 1960 880 et
2006 819 2235 881 electus
2265 818 2400 900 [et]
2431 821 2826 883 confirmatus
2861 830 3118 904 praeter

417 958 438 1002 5
496 929 629 986 eius
659 945 975 986 assensum
1009 948 1180 987 suam
1216 927 1493 987 deserere
1524 930 1737 1008 nequit
1766 927 2113 1002 ecclesiam,
2146 930 2253 988 cui
2279 935 2373 989 est
2400 932 2945 992 matrimonialiter
2961 932 3115 993 alli-

489 1040 705 1113 gatus,
739 1052 936 1113 quum
970 1054 1100 1095 non
1135 1034 1352 1095 debeat
1384 1034 1448 1094 in
1481 1034 1747 1095 dubium
1780 1035 2069 1111 revocari,
2118 1035 2272 1116 quin
2307 1053 2444 1117 post
2477 1037 2839 1098 electionem
2875 1054 2933 1099 et
2966 1059 3114 1101 con·

500 1138 916 1201 firmationem
964 1140 1325 1201 canonicam
1374 1140 1530 1201 inter
1578 1159 1871 1221 personas
1917 1140 2276 1220 eligentium
2323 1158 2382 1203 et
2426 1142 2599 1204 electi
2647 1145 3009 1225 coniugium
3041 1147 3118 1209 sit

500 1246 808 1326 spirituale
856 1262 1261 1325 contractum,
1307 1249 1407 1309 cui
1452 1229 1732 1329 profecto
1780 1248 2143 1330 episcopalis
2190 1248 2450 1330 dignitas
2498 1250 2651 1312 nihil
2698 1253 2883 1330 addit,
2916 1274 3114 1334 quum

498 1355 635 1435 quis
682 1356 1016 1438 episcopali
1064 1358 1376 1439 praeditus
1425 1357 1717 1436 dignitate
1767 1356 2000 1417 nullius
2033 1373 2242 1418 tamen
2275 1357 2561 1419 ecclesiae
2596 1359 2789 1439 possit
2822 1380 2952 1422 esse
2987 1362 3115 1442 epi-

391 1492 441 1523 ιο
495 1480 740 1541 scopuS,
774 1465 1307 1543 quemadmodum
1342 1465 1418 1525 de
1450 1464 1556 1525 illo
1590 1463 1909 1543 contingit,
1945 1463 2052 1544 qui
2076 1464 2252 1525 oneri
2276 1464 2604 1544 pontificali
2627 1467 2959 1546 renunciat,
2983 1487 3113 1531 non

496 1569 740 1631 honori.
806 1571 1006 1648 Unde,
1040 1591 1239 1652 quum
1275 1591 1406 1632 non
1440 1571 1515 1631 sit
1549 1571 1752 1635 maius
1783 1571 2107 1631 vinculum
2142 1571 2415 1651 episcopi
2447 1571 2523 1631 ad
2557 1572 2897 1651 ecclesiam,
2921 1593 3115 1654 quarn

498 1676 691 1752 electi,
728 1678 992 1739 maxime
1025 1698 1227 1758 quum
1262 1678 1444 1739 fuerit
1476 1677 1896 1754 confirmatuS,
1944 1677 2138 1738 immo
2172 1678 2339 1738 idem
2373 1678 2637 1758 penitus,
2674 1696 2732 1741 et
2765 1699 2895 1740 non
2929 1681 3117 1758 aliud,

499 1784 663 1846 idem
697 1785 847 1845 iuris
879 1786 1120 1847 obtinet
1154 1787 1215 1846 in
1249 1801 1534 1866 utroque.
1583 1785 1755 1846 Sicut
1786 1804 1934 1864 ergo
1968 1784 2405 1863 episcoporum
2441 1786 2774 1862 translatio,
2807 1787 2905 1847 vel
2931 1791 3114 1848 etiam

498 1893 805 1974 depositio
841 1907 900 1953 et
932 1894 1147 1970 cessi0‚
1196 1893 1283 1953 sic
1316 1907 1374 1953 et
1406 1892 1747 1953 electorum
1780 1907 1918 1972 post
1951 1890 2486 1953 confirmationem
2520 1892 2852 1974 spiritualis
2885 1894 3115 1955 ratione

391 2025 436 2068 15
497 2000 771 2078 coniugii
820 1999 935 2060 soli
983 2016 1072 2060 est
1105 2000 1394 2061 Romano
1432 1998 1709 2060 Pontifici
1757 2014 2073 2059 reservata.
2140 1998 2305 2059 Licet
2351 2017 2549 2078 usque
2582 2001 2656 2060 ad
2690 2015 2972 2080 tempora
3005 2002 3115 2062 ista

497 2109 666 2188 quod
721 2123 966 2168 cautum
1017 2107 1210 2168 fuerat
1259 2108 1335 2167 de
1367 2107 1675 2188 episcopis
1708 2126 2063 2188 expressum
2099 2125 2230 2167 non
2263 2105 2456 2167 fuerat
2489 2106 2565 2167 de
2599 2107 2819 2185 electis,
2854 2123 3107 2190 propter

498 2233 848 2296 expressam
898 2230 1106 2274 tamen
1152 2214 1641 2291 similitudinem,
1691 2213 1788 2274 vel
1819 2213 2198 2274 identitatem
2234 2213 2457 2294 potiuS,
2493 2213 2725 2274 nemini
2760 2230 2995 2296 poterat
3025 2215 3115 2274 vi-

499 2321 627 2381 deri
676 2322 942 2382 dubium
989 2321 1289 2382 subtiliter
1334 2321 1618 2398 intuenti,
1669 2339 1871 2401 quum
1917 2321 1992 2382 de
2032 2320 2333 2381 similibus
2367 2320 2533 2381 idem
2566 2321 2865 2382 iudicium
2896 2322 2974 2382 sit
3006 2322 3115 2381 ba-

500 2431 795 2491 bendum.
830 2439 858 2500 s
893 2451 939 2491 1.
973 2430 1094 2491 Sed
1127 2450 1331 2511 neque
1364 2429 1538 2506 illud,
1575 2431 1745 2510 quod
1781 2429 1847 2490 in
1881 2415 2113 2491 canone
2147 2428 2369 2509 legitur
2400 2429 2477 2488 de
2511 2427 2725 2504 electe,
2762 2443 2843 2506 ut,
2875 2429 2924 2489 si
2958 2429 3115 2489 ultra

391 2568 445 2600 ²0
496 2557 601 2597 sex
633 2557 876 2599 menses
923 2557 1031 2618 per
1076 2557 1250 2599 suam
1303 2536 1739 2618 negligentiam
1790 2535 2104 2597 retinuerit
2149 2535 2470 2596 ecclesiam
2502 2535 2835 2613 viduatam,
2870 2555 2982 2597 nec
3015 2535 3115 2612 ibi,

488 2666 611 2716 ‚nec
660 2646 802 2708 alibi
850 2647 1092 2706 donum
1138 2645 1619 2705 consecrationis
1651 2644 1920 2725 accipiat,
1957 2644 2151 2703 immo
2187 2642 2643 2725 metropolitani
2677 2642 2774 2703 sui
2808 2643 2981 2703 cedat
3014 2643 3110 2703 iu-

497 2756 682 2833 dicio,
716 2754 888 2815 aliter
921 2752 1402 2833 intelligentibus
1437 2768 1671 2833 poterat
1701 2750 2040 2831 suffragari,
2061 2769 2259 2830 quum
2293 2769 2422 2811 non
2458 2750 2826 2829 intelligatur
2861 2750 3114 2811 ecclesia

496 2861 761 2935 viduata,
809 2859 984 2940 quasi
1028 2878 1333 2941 sponsum
1370 2878 1503 2919 non
1538 2858 1774 2936 babeat,
1810 2857 1918 2917 sed
1953 2856 2121 2937 quia,
2151 2878 2330 2937 quam
2363 2877 2628 2938 sponsus
2661 2858 2792 2917 eius
2827 2857 3113 2918 nondum

494 2969 570 3029 sit
617 2983 1029 3044 consecratuS,
1078 2967 1284 3027 adhuc
1333 2964 1543 3045 quoad
1588 2964 1898 3044 quaedam
1930 2963 2103 3044 quasi
2139 2964 2247 3024 viri
2281 2980 2523 3024 maneat
2554 2963 2776 3025 solatio
2812 2963 3114 3042 destituta,

383 3101 435 3144 25
492 3077 650 3136 sicut
694 3075 858 3134 iuxta
892 3092 1295 3135 communem
1331 3073 1591 3132 modum
1628 3071 1929 3151 loquendi
1963 3071 2062 3132 illa
2097 3070 2316 3132 dicitur
2347 3071 2600 3132 ecclesia
2633 3072 2901 3149 viduata,
2936 3090 3115 3152 quae,

492 3182 627 3243 licet
674 3182 1037 3262 episcopum
1083 3181 1321 3257 habeat,
1371 3180 1653 3240 inutilem
1699 3194 1909 3238 tamen
1958 3179 2311 3260 perhibetur
2358 3179 2600 3239 habere.
2668 3180 2797 3239 Nec
2830 3178 3003 3259 quod
3035 3178 3111 3238 de

490 3290 763 3375 cessione
809 3290 1228 3368 subsequitur,
1278 3302 1335 3347 et
1381 3302 1678 3347 statutum
1726 3285 1838 3346 fuit
1885 3286 1963 3346 ad
1998 3305 2287 3366 poenam,
2323 3286 2480 3346 trahi
2515 3287 2693 3348 debet
2725 3288 2799 3348 ad
2834 3287 3109 3366 gratiam,

492 3413 578 3472 ut,
612 3397 768 3458 sicut
800 3395 1258 3478 metropolitani
1293 3393 1519 3454 iudicio
1553 3393 1781 3452 electus
1814 3392 2112 3461 deiicitur,
2147 3393 2226 3452 ita
2259 3393 2441 3452 etiarn
2474 3393 2551 3452 ad
2583 3392 2765 3452 aliam
2788 3394 3109 3452 ecclesiam

490 3505 682 3586 possit
728 3503 1054 3578 transferri,
1101 3500 1454 3583 praesertim
1501 3517 1702 3580 quum
1750 3517 1866 3558 nec
1907 3499 2041 3558 sine
2088 3497 2443 3559 auctoritate
2479 3498 2749 3558 Romani
2785 3497 3096 3558 Pontifieis

380 3644 435 3689 30
490 3612 589 3673 fiat
641 3613 834 3672 cessio
886 3611 981 3671 vel
1035 3609 1296 3671 deiectio
1348 3621 1703 3678 memorata,
1754 3605 1884 3685 qui,
1935 3620 2002 3665 ut
2053 3605 2202 3664 haec
2248 3620 2519 3684 possent,
2586 3623 2658 3663 ex
2712 3603 2818 3664 illo
2871 3622 3107 3675 canone

488 3718 978 3800 metropolitanis
1028 3716 1301 3778 indulsit.
1372 3714 1574 3785 Unde,
1624 3713 1672 3772 si
1721 3713 1878 3773 circa
1927 3710 2387 3772 translationem
2435 3710 2599 3771 idem
2636 3710 2762 3771 fieri
2797 3710 3109 3788 voluisset,

487 3828 660 3907 quod
694 3828 770 3887 de
805 3826 1079 3886 cessione
1117 3824 1366 3895 dixerat,
1403 3837 1460 3882 et
1492 3821 1568 3880 de
1601 3818 1997 3880 translatione
2031 3834 2265 3899 poterat
2298 3817 2684 3898 expressisse,
2708 3833 2765 3876 et
2786 3818 2959 3897 quod
2984 3836 3110 3878 non

486 3949 577 3993 est
621 3949 980 3994 sanctorum
1016 3932 1265 3992 Patrum
1317 3931 1562 3990 decreto
1609 3926 1917 3988 sancitum
1962 3924 2401 4005 superstitiosis
2435 3943 2565 3985 non
2598 3938 2688 3984 est
2720 3923 3108 3984 adinventio-

484 4041 666 4102 nibus
719 4038 1257 4122 praesumendum,
1308 4035 1663 4117 praesertim
1694 4052 1894 4114 quum
1931 4050 2389 4112 nonnunquam
2425 4030 2800 4109 intelligatur
2831 4030 3108 4112 prohibi-

371 4178 423 4223 35
483 4163 617 4208 tum
664 4147 837 4228 quod
883 4166 1011 4207 non
1060 4143 1376 4206 invenitur
1424 4161 1812 4203 concessum.
1892 4150 1921 4209 S
1958 4160 2015 4201 2.
2067 4139 2226 4200 Sane
2261 4139 2558 4218 quoniam
2592 4139 2980 4200 Turonensis
3012 4157 3107 4198 ar-

483 4256 919 4337 chiepiscopus
953 4254 1216 4315 electum
1238 4251 1662 4327 Abricensem,
1698 4269 1804 4330 per
1836 4246 2387 4327 metropolitanum
2419 4264 2606 4306 suum
2623 4251 2845 4327 postea
2877 4243 3105 4306 confir-

482 4378 741 4440 matum,
778 4364 841 4424 in
874 4360 1192 4423 ecclesiam
1217 4374 1479 4419 vestram
1505 4371 1739 4437 praeter
1760 4355 2183 4416 auctoritatem
2204 4353 2365 4413 sedis
2386 4351 2760 4434 apostolicae
2781 4352 3105 4413 transferre

482 4470 890 4550 praesumpsit
910 4483 968 4528 et
990 4469 1053 4529 in
1072 4467 1436 4548 episcopum
1457 4482 1836 4537 consecrare,
1862 4480 2052 4541 quem
2073 4464 2254 4521 etiam
2277 4460 2648 4521 venerabilis
2660 4463 2879 4539 frater
2899 4467 3106 4521 noster

481 4556 1003 4656 Rothomagensis
1037 4572 1532 4653 archiepiscopus
1556 4570 1699 4631 citra
1724 4568 2085 4629 mandatum
2108 4581 2391 4628 nostrum
2424 4566 2700 4643 absolvit,
2735 4581 2793 4626 et
2824 4566 2877 4626 ei
2911 4566 3101 4627 licen-

363 4714 422 4756 40
478 4685 622 4746 tiam
669 4684 881 4746 tribuit
929 4681 1321 4744 transeundi:
1374 4678 1712 4759 praedictos
1759 4674 2277 4756 archiepiscopos,
2309 4677 2420 4753 qui
2446 4674 2664 4735 saltem
2699 4673 3098 4755 apostolicam

478 4795 678 4855 sedem
712 4802 897 4874 super
928 4792 1063 4866 hoc,
1096 4790 1261 4872 quod
1288 4807 1506 4848 novum
1539 4789 1892 4857 emerserat,
1924 4784 2299 4864 praesertim
2347 4802 2529 4862 quum
2565 4783 2735 4841 iuxta
2767 4782 3101 4841 canonicas

477 4906 827 4965 sanctiones
859 4902 1121 4959 maiores
1154 4895 1607 4957 ecclesiasticae
1638 4912 1861 4952 causae
1893 4891 1978 4950 ad
2004 4890 2206 4950 sedem
2241 4889 2638 4970 apostolicam
2672 4888 2804 4947 sint
2821 4889 3108 4965 reseren-

687 5020 982 5064 Galante:
1025 5017 1193 5061 Fontes
1222 5016 1304 5067 iur.
1333 5028 1430 5057 can.
2767 5004 2832 5060 37
