3684 5416
372 1607 474 1646 to'

370 2238 415 2281 ¹5

359 2813 413 2846 20

357 3348 407 3392 25

355 3881 409 3928 30

355 4416 405 4461 35

1611 449 1958 504 CardinaleS.
2982 472 3052 526 47
3057 471 3088 524 5

474 519 525 529 1..—

474 627 772 704 facultate‚
804 646 865 692 et
896 632 1269 710 auctoritate,
1302 629 1580 712 judicari,
1615 649 1674 695 et
1706 633 1950 694 definiri
1985 631 2229 714 debere,
2267 655 2514 697 necnon
2546 635 2807 716 irritum,
2831 653 2888 698 et
2908 638 3091 698 inane

472 738 772 819 quicquid
815 757 991 799 secus
1038 757 1225 820 super
1271 740 1367 800 his
1399 761 1432 800 a
1466 758 1788 820 quoquam
1825 739 2043 821 quavis
2077 742 2457 818 auctoritate,
2492 743 2751 805 scienter
2782 745 2879 806 vel
2912 745 3090 824 igno-

469 860 687 923 ranter,
718 846 1044 926 contigerit
1075 843 1379 908 attentari.
2197 847 2200 850 ’

682 961 711 1022 s
748 973 850 1015 21.
902 953 1047 1014 Non
1092 953 1475 1014 obstantibus
1510 953 1907 1034 Apostolicis,
1955 974 2024 1015 ac
2058 954 2121 1015 in
2154 956 2547 1036 generalibus
2578 957 2879 1019 Conciliis
2912 959 3092 1019 editis

471 1059 1031 1138 constitutionibuS,
1066 1076 1126 1120 et
1157 1060 1662 1121 ordinationibus
1697 1078 1807 1122 ete.

682 1175 712 1235 s
750 1184 850 1227 22.
900 1161 1249 1244 Caeterum,
1297 1182 1365 1227 ut
1411 1182 1761 1247 praesentes
1805 1167 2011 1228 literae
2059 1168 2357 1230 omnibus
2396 1169 2799 1250 innotescant,
2833 1172 3090 1233 manda-

472 1290 611 1333 mus
636 1267 774 1332 mas
806 1272 885 1332 ad
917 1272 1119 1332 valvas
1151 1271 1606 1350 Lateranensis,
1648 1288 1706 1332 et
1739 1270 2037 1355 Principis
2071 1274 2630 1355 Apostolorumssde
2669 1277 2834 1339 Urbe
2869 1279 3086 1339 Basili-

468 1397 697 1456 carum,
742 1393 925 1460 atque
958 1375 1369 1442 Cancellariae
1403 1380 1810 1462 Apostolicae,
1860 1395 1920 1442 et
1949 1381 2014 1442 in
2047 1381 2171 1442 acie
2211 1382 2414 1463 campi
2447 1382 2661 1444 Florae
2698 1404 2875 1446 more
2908 1387 3091 1447 solito

468 1486 765 1568 publicari
798 1503 909 1548 ete.
1160 1481 1165 1486 ’

683 1602 712 1663 s
750 1612 851 1674 23.
902 1593 1072 1654 Nulli
1104 1590 1252 1674 ergo
1284 1591 1548 1657 omnino
1584 1593 1919 1655 hominum
1951 1593 2126 1654 liceat
2158 1594 2320 1655 hanc
2353 1594 2643 1676 paginam
2676 1613 2785 1659 etc.

684 1702 912 1762 Datum
948 1702 1187 1764 Romae
1232 1703 1397 1783 apud
1444 1701 1745 1763 Sanctum
1778 1702 2049 1776 Petrum,
2099 1706 2287 1762 Anno
2321 1702 2763 1766 Incarnationis
2798 1706 3087 1767 Domini·

468 1827 571 1869 cae
617 1803 946 1870 millesimo
991 1809 1490 1890 quingentesimo
1538 1808 1963 1888 octuagesimo
2011 1824 2201 1889 sexto,
2249 1810 2428 1870 tertio
2480 1829 2678 1871 nonas
2713 1812 3089 1891 Decembris,

470 1915 867 1978 Pontificatus
900 1917 1091 1978 nostri
1123 1922 1314 1977 Anno
1346 1919 1644 1980 secundo.
1694 1916 1750 1996 [1.
1784 1935 1833 1978 c.
1867 1935 2003 1997 pag.
2039 1914 2435 1993 608—612].

470 2123 1048 2206 b)'P1-aefiniti0
1090 2140 1526 2196 Titulorum
1587 2155 1657 2197 et
1698 2141 2219 2198 Diaconorum
2275 2160 2409 2214 pro
2463 2143 2522 2199 S.
2561 2144 2621 2198 R.
2663 2146 2728 2199 E.
2767 2146 3085 2218 Presby-

1125 2220 1307 2276 teris
1348 2234 1417 2276 et
1458 2221 1826 2277 Diaconis
1869 2221 2428 2278 Cardinalibus.

682 2363 711 2392 ³
758 2335 1034 2434 Magnum
1088 2365 1402 2419 Bullarium
1453 2367 1787 2420 Romanum.
1840 2367 2019 2446 Tom.
2057 2366 2120 2420 11.
2175 2383 2227 2437 p.
2283 2368 2377 2422 621
2440 2385 2559 2439 seq.
2637 2367 3088 2438 HinschiuS‚

464 2444 874 2500 Kmrlzenreclet.
913 2446 1085 2501 Tom.
1126 2447 1164 2500 1.
1218 2463 1271 2525 P:
1321 2446 1439 2519 338.
1528 2447 1584 2501 M
1604 2446 1938 2515 arucchi,
1975 2449 2244 2501 Hic-'ments
2281 2450 2338 2502 d'
2358 2449 2703 2520 archeologie
2741 2450 3085 2505 clm‘tienne.

467 2525 639 2578 Tom.
664 2525 752 2578 111.
789 2527 1093 2595 Base'lt'ques
1128 2531 1186 2580 et
1217 2529 1429 2597 Eglises
1466 2529 1532 2580 de
1568 2528 1760 2581 Rome.
1814 2527 1999 2582 Rome
2037 2526 2184 2599 1893.

682 2674 989 2754 Religiosa
1039 2690 1395 2736 sanctorum
1447 2675 1820 2738 Pontificum
1871 2676 2424 2738 Praedecessorum
2470 2691 2826 2738 nostrorum
2878 2678 3081 2759 provi·
3169 2693 3174 2694 ⁷

464 2781 666 2842 dentia
698 2781 1049 2843 institutum
1081 2782 1232 2843 olim
1266 2782 1396 2859 fuit,
1419 2781 1542 2859 jam
1573 2784 1719 2843 inde
1751 2803 1785 2843 a
1817 2782 2248 2845 vetustissimis
2281 2782 2685 2863 temporibus,
2721 2799 2778 2844 et
2813 2786 3071 2865 posteris

463 2888 774 2966 traditum,
826 2905 893 2950 ut
924 2888 1181 2950 Sanctae
1215 2890 1533 2952 Romanae
1566 2890 1874 2951 Ecclesiae
1910 2890 2303 2972 Presbyteris,
2351 2904 2548 2952 certae
2582 2890 2647 2951 in
2681 2892 2848 2954 Urbe
2879 2894 3085 2955 Roma

462 2995 784 3075 Ecclesiae,
816 2995 1012 3059 Tituli
1063 2998 1421 3079 appellatae,
1476 2999 1655 3079 quasi
1704 2999 2012 3079 quaedam
2060 2998 2365 3078 cujusque
2413 2998 2695 3080 propriae
2730 2999 3078 3075 Dioeceses,

466 3082 754 3165 Diaconis
800 3122 967 3181 vero,
1003 3102 1186 3165 Urbis
1232 3104 1514 3186 regiones
1564 3105 1639 3165 ad
1673 3104 2057 3167 Christianae
2092 3105 2435 3184 Religionis
2481 3107 2992 3187 propagationem
3026 3123 3084 3167 et

463 3209 995 3271 conservationem
1027 3211 1499 3293 assignarentur.
1564 3212 1743 3287 Quae
1777 3212 2037 3292 quidem
2070 3227 2273 3273 sancta
2308 3212 2608 3273 institutio
2640 3212 2915 3295 plurium
2948 3233 3080 3274 sae-

460 3314 748 3376 culorum
786 3317 1143 3378 continuata
1175 3318 1347 3395 serie,
1383 3338 1453 3379 ac
1485 3337 1597 3399 pro
1628 3334 1986 3399 temporum
2018 3318 2303 3378 varietate
2337 3318 2634 3399 susceptis
2666 3320 3076 3398 incrementis,

462 3421 538 3481 ad
574 3438 849 3484 nostram
884 3444 1083 3504 usque
1115 3440 1372 3485 aetatem
1404 3440 1655 3501 servata,
1693 3425 1771 3484 ita
1803 3424 1983 3501 viget,
2020 3440 2087 3484 ut
2120 3438 2358 3504 praeter
2378 3444 2480 3484 sex
2503 3425 2845 3506 Episcopos
2869 3425 3084 3487 Cardi-

464 3507 647 3606 nales,
684 3529 790 3611 qui
823 3531 1000 3592 certis
1021 3533 1490 3594 Cathedralibus
1522 3531 1807 3593 Ecclesiis
1828 3531 1982 3593 Urbi
2005 3529 2276 3591 finitimis
2308 3547 2608 3611 praesunt,
2628 3531 2886 3609 singulis
2909 3534 3083 3592 Pres-

460 3635 664 3697 biteris
696 3653 756 3699 et
789 3638 1076 3700 Diaconis
1108 3640 1534 3702 Cardinalibus
1568 3639 1848 3721 propriae
1881 3639 1941 3699 in
1964 3638 2132 3701 Urbe
2157 3636 2462 3698 Ecclesiae
2487 3636 2681 3698 Tituli
2716 3637 2993 3699 videlicet
3027 3655 3084 3699 et

462 3742 791 3806 Diaconiae
837 3764 982 3807 cum
1027 3746 1154 3807 suis
1186 3747 1373 3809 Clero
1421 3762 1478 3808 et
1523 3746 1789 3827 Populo,
1840 3765 1910 3806 ac
1956 3744 2131 3825 quasi
2165 3744 2517 3824 Episcopali
2565 3743 2985 3821 jurisdictione
3018 3745 3082 3806 in

461 3850 878 3930 spiritualibus
911 3868 968 3914 et
999 3853 1436 3934 temporalibus
1469 3854 1771 3933 regendae
1805 3868 1863 3912 et
1897 3850 2413 3912 administrandae
2447 3851 2926 3912 committantur.

676 3966 705 4028 S
752 3980 799 4019 1.
850 3960 1118 4020 Proinde
1154 3942 1296 4037 nos,
1344 3975 1677 4041 postquam
1712 3979 1823 4041 per
1858 3973 2134 4019 nostram
2169 3976 2370 4038 nuper
2402 3956 2628 4017 editam
2661 3959 3042 4019 Constitutio

463 4083 626 4139 nem,
672 4066 1083 4127 creandorum
1116 4067 1538 4130 Cardinalium
1586 4086 1946 4144 numerum,
1995 4065 2366 4146 computatis
2411 4085 2517 4126 sex
2548 4065 2868 4146 Episcopis
2902 4085 3075 4146 prae-

462 4172 654 4250 dictis,
707 4174 1174 4254 quatuordecim
1226 4175 1533 4249 DiaconiS‚
1588 4174 1841 4254 reliquis
1894 4193 2040 4234 vero
2092 4172 2465 4254 Presbyteris
2509 4172 2959 4249 Cardinalibus,
3006 4174 3081 4232 ad

460 4279 844 4360 septuaginta
877 4282 1397 4363 praescripsimus,
1430 4302 1601 4343 nunc
1635 4299 1894 4362 quoque
1927 4282 2001 4341 ad
2039 4280 2152 4341 Dei
2189 4280 2518 4358 honorem,
2567 4295 2750 4360 atque
2782 4280 2857 4340 ad
2893 4279 3084 4360 ipsius

462 4385 715 4450 Sanctae
753 4388 1073 4450 Romanae
1107 4388 1410 4451 Ecclesiae
1445 4390 1632 4450 decus
1666 4404 1727 4449 et
1761 4403 2220 4465 ornamentum,
2263 4408 2332 4448 ac
2368 4387 2632 4447 Romani
2669 4386 2834 4449 Cleri
2869 4402 2928 4448 et
2962 4388 3080 4447 Po-

461 4495 590 4576 puli
641 4498 883 4556 bonum
933 4495 1227 4574 regimen,
1278 4496 1718 4576 salubremque
1781 4495 2203 4569 directionem,
2270 4494 2500 4554 eisdem
2566 4494 2961 4575 PresbyteriS,
3025 4510 3083 4554 et

460 4601 753 4663 Diaconis
786 4602 1220 4663 Cardinalibus
1268 4603 1526 4663 totidem
1557 4603 1807 4664 Titulos
1860 4619 1916 4663 et
1964 4601 2310 4679 Diaconias,
2360 4602 2640 4682 ipsorum
2685 4601 3076 4682 amplitudini

462 4725 518 4770 et
551 4708 827 4787 dignitati
859 4710 1124 4770 maxime
1158 4726 1593 4788 congruentes,
1643 4710 1937 4770 duximus
1977 4708 2398 4787 assignandos.
2463 4713 2555 4769 Ac
2585 4708 2724 4768 licet
2755 4707 3084 4789 pleraeque

460 4836 531 4877 ex
564 4817 833 4896 antiquis
866 4818 1147 4878 Ecclesiis
1180 4817 1244 4878 in
1264 4817 1510 4878 Titulos
1544 4833 1599 4877 et
1623 4816 1954 4880 Diaconias
1987 4815 2248 4877 concedi
2284 4815 2495 4893 solitis,
2531 4829 2634 4874 aut
2666 4836 2696 4874 a
2723 4815 3082 4875 Praedeces-

460 4923 705 4985 soribus
753 4923 979 4985 nostris
1026 4944 1313 4985 successu
1346 4940 1703 5006 temporum
1738 4924 1976 5001 additis,
2011 4923 2215 4983 adhuc
2251 4922 2539 4999 integrae,
2574 4937 2632 4981 et
2668 4921 2908 4982 illaesae
2944 4940 3083 5001 per-

462 5047 771 5110 maneant,
802 5048 1007 5093 tamen
1041 5033 1184 5113 quia
1218 5034 1578 5112 nonnullae,
1612 5050 1746 5094 tum
1780 5032 2179 5093 diuturnitate
2213 5046 2268 5091 et
2297 5028 2521 5108 injuria
2541 5044 2915 5109 temporum,
2948 5043 3082 5088 tum
