3684 5416
679 312 787 379 028
1550 314 1795 369 Ordines
1835 329 1894 369 et
1931 316 2429 382 congregationes,

675 498 1032 559 secundum
1066 497 1347 560 mandata
1382 500 1515 576 Dei,
1552 514 1611 560 et
1645 498 2246 582 praecepta‘Abbatis
2280 502 2392 563 sui.
2449 501 2578 577 Qui
2617 503 2843 564 Decani
2878 504 3025 564 tales
3059 503 3300 578 eligan-

681 619 800 683 tur,
838 606 909 667 ¹in
946 605 1182 686 quibus
1228 625 1482 667 securus
1515 609 1723 667 Abbas
1752 605 2045 688 partiatur
2076 608 2266 669 onera
2299 628 2427 683 sua,
2459 626 2518 670 et
2549 628 2681 670 non
2713 609 3015 691 eligantur
3048 630 3155 691 per
3188 630 3295 670 or-

681 710 912 787 dinem,
965 712 1072 773 sed
1108 713 1470 775 ‘secundum
1524 713 1676 774 vitae
1728 714 2035 789 meritum,
2087 729 2160 775 et·
2192 715 2528 796 sapientiae
2578 716 2941 779 doctrinam.
3031 717 3300 797 Quique

670 820 932 894 roccam,
964 820 1013 879 si
1044 839 1119 881 ex
1166 819 1251 880 eis
1282 818 1486 900 aliqua
1521 820 1673 881 forte
1707 821 1849 901 quis
1883 821 2129 882 inflatus
2148 823 2436 903 superbia
2458 839 2732 903 repertus
2754 824 2933 885 fucrit
2955 826 3295 905 reprehen-

603 949 625 992 5
673 928 890 1005 sibilis,
938 942 1254 1009 correptus
1299 928 1493 988 semel
1539 943 1599 987 et
1645 927 1888 1003 iterum,
1922 942 2107 1008 atque
2140 929 2336 1005 tertio,
2372 930 2421 990 si
2455 932 2785 991 emendare
2819 931 3104 1005 noluerit,
3137 930 3296 1005 deij—

668 1035 900 1106 ciatur3
951 1052 1007 1096 et
1052 1034 1201 1095 alter
1245 1035 1309 1095 in
1356 1035 1495 1095 loco
1541 1032 1692 1111 ejus,
1739 1034 1847 1114 qui
1880 1034 2239 1113 dignussit,
2270 1038 2659 1116 subrogetur.
2723 1039 2796 1099 Et
2830 1039 2905 1099 de
2941 1037 3299 1118 praeposito

673 1142 897 1203 'eadem
931 1143 1388 1204 constituimus.

894 1250 1045 1330 Cap.
1076 1248 1268 1311 XXII.
1334 1249 1654 1327 Quomodo
1706 1249 2026 1308 dormiant
2068 1249 2383 1310 Monachi.
2449 1249 2688 1329 Singuli
2725 1271 2834 1332 per
2865 1250 3103 1329 singula
3136 1250 3298 1311 lecta

680 1355 1008 1418 dormiant.
1062 1355 1457 1416 Lectistern'ia
1492 1374 1604 1435 pro
1638 1353 1830 1414 modo
1864 1354 2346 1417 conversationis
2376 1357 2728 1417 secundum
2761 1357 3296 1438 dispensationem

579 1486 624 1517 to
665 1462 935 1521 :A‘bbatis
981 1461 1076 1521 sui
1128 1460 1443 1542 accipiant.
1527 1460 1589 1521 Si
1637 1475 1835 1541 potest
1882 1460 2031 1537 fieri,
2077 1481 2294 1523 omnes
2340 1462 2403 1523 in
2450 1483 2580 1524 uno
2613 1464 2753 1525 loco
2786 1465 3126 1537 dormiant;
3195 1466 3299 1525 sin

680 1585 886 1631 autem
935 1568 1271 1630 multitudo
1321 1587 1448 1629 non
1494 1568 1654 1646 sinit,
1702 1569 1845 1629 deni
1878 1584 1983 1630 aut
2016 1569 2213 1630 viceni
2248 1589 2390 1631 cum
2425 1571 2787 1645 senioribus,
2822 1572 2930 1652 qui
2962 1591 3148 1652 super
3180 1589 3299 1631 eos

674 1676 1085 1755 soliciti-sint,
1141 1678 1415 1759 pausent.
1479 1677 1751 1739 Candela
1797 1676 2018 1757 jugiter
2063 1678 2128 1738 in
2174 1680 2388 1739 eadem
2437 1679 2585 1740 cella
2616 1680 2824 1741 ardeat
2858 1699 3055 1760 usque
3087 1698 3297 1740 mane.

662 1785 891 1847 ›Vestiti
939 1786 1268 1862 dormiant,
1318 1801 1383 1846 et
1420 1785 1598 1846 cincti
1647 1783 1910 1861 cingulis
1942 1798 2048 1845 aut
2083 1783 2352 1861 funibus,
2394 1801 2451 1846 et
2482 1786 2764 1847 cultellos
2796 1788 2874 1847 ad
2908 1788 3063 1847 latus
3094 1805 3293 1847 suurn

682 1913 812 1955 non
846 1895 1135 1968 habeant,
1182 1894 1334 1954 dum
1369 1892 1709 1967 dormiunt,
1745 1911 1823 1952 ne
1860 1891 2012 1953 forte
2044 1912 2153 1974 per
2198 1911 2495 1954 somnum
2540 1895 2943 1955 vulnerentur
2974 1893 3296 1954 dormien-

575 2019 620 2063 15
663 2018 799 2063 vtest
835 1996 994 2062 'et‘ut
1028 2001 1212 2082 parati
1248 2000 1368 2061 sint
1402 1998 1694 2060 Monachi
1730 2018 1994 2080 semper,
2030 2016 2087 2060 et
2121 1999 2279 2060 facto
2311 2000 2488 2079 signo
2521 2002 2754 2081 absque
2777 2021 2948 2062 mora
2969 2017 3303 2081 surgentes

676 2106 960 2170 festinent
990 2108 1267 2168 ‘invicem
1313 2125 1377 2167 se
1429 2107 1785 2187 praevenire
1820 2106 1895 2169 ad
1931 2125 2092 2187 opus
2126 2106 2262 2182 Dei,
2290 2126 2432 2167 cum
2467 2107 2642 2167 omni
2673 2123 2883 2169 tamen
2914 2107 3200 2190 gravitate
3231 2123 3302 2167 et

661 2209 994 2277 modestia.
1026 2264 1029 2269 .
1061 2214 1595 2276 Adolescentiores
1643 2212 1855 2274 fratres
1890 2212 2054 2287 iuxta
2086 2233 2149 2274 se
2184 2233 2314 2273 non
2350 2215 2612 2275 habeant
2645 2216 2814 2287 lecta,
2860 2216 2964 2275 sed
3001 2213 3293 2295 permixti

648 2318 821 2382 *cum
867 2320 1247 2383 senioribus:
1297 2338 1614 2401 surgentes
1662 2341 1808 2382 vero
1856 2322 1932 2382 ad
1980 2340 2140 2403 opus
2174 2322 2287 2382 Dei
2321 2322 2582 2382 invicem
2618 2342 2684 2383 se
2717 2323 3028 2384 moderate
3061 2322 3300 2382 cohor—

659 2444 900 2506 ·tentur,
934 2446 1182 2510 propter
1212 2429 1760 2490 somnolentorum
1793 2430 2235 2490 excusationes.

570 2559 624 2591 ιο
772 2553 778 2559 ·
890 2538 1043 2619 Cap.
1080 2538 1287 2599 XXlll.
1322 2537 1425 2598 De
1454 2541 2072 2598 excommunicatione
2103 2539 2439 2619 culparum.
2472 2537 2535 2598 Si
2556 2538 2697 2618 quis
2730 2538 2910 2599 frater
2939 2555 3304 2611 contumax,

661 2656 781 2707 'aut
812 2646 1194 2719 inobedien5‚
1226 2660 1330 2706 aut
1361 2647 1683 2726 superbus,
1715 2658 1820 2705 aut
1854 2663 2271 2723 murmurans,
2306 2646 2399 2705 vel
2435 2645 2496 2705 in
2516 2644 2634 2705 alio
2654 2646 2998 2707 contrarius
3018 2645 3295 2705 existens

666 2770 918 2815 sanctae
955 2754 1247 2833 Regulae,
1282 2768 1340 2814 et
1373 2754 1708 2834 praeceptis
1739 2752 2061 2814 seniorum
2096 2773 2353 2813 suorum
2380 2768 2769 2833 contemptor
2789 2770 3063 2833 repertus
3084 2736 3292 2831 fuerit,

678 2863 776 2923 hic
827 2862 1177 2923 secundum
1211 2861 1463 2922 Domini
1516 2861 1706 2921 nostri
1759 2879 2155 2943 praeceptum
2201 2861 2609 2922 admoneatur
2657 2861 2846 2921 semel
2899 2875 2958 2920 et
3003 2862 3296 2921 secundo
3365 2867 3370 2868 ⁷

655 2986 901 3031 secrete
952 2991 984 3030 a
1036 2958 1383 3030 senioribus
1428 2970 1570 3031 suis.
1636 2969 1701 3030 Si
1750 2985 1882 3030 non
1928 2968 2358 3042 emendaverit,
2405 2967 2766 3046 objurgetur
2801 2968 3041 3049 publice
3075 2987 3289 3029 coram

569 3096 619 3141 ²5
674 3078 989 3138 omnibus.
1042 3075 1105 3136 Si
1138 3094 1285 3136 vero
1320 3094 1525 3154 neque
1559 3075 1644 3135 sic
1677 3075 2022 3148 correxerit,
2054 3076 2103 3135 si
2137 3075 2415 3152 intelligit
2447 3073 2645 3154 qualis
2679 3093 2878 3155 poena
2910 3075 3003 3151 sit,
3035 3094 3294 3135 excom-

673 3182 1080 3245 municationi
1113 3180 1435 3258 subjaceat.
1471 3182 1579 3242 Sin
1614 3197 1821 3243 autem
1844 3182 2167 3264 improbus
2189 3199 2292 3252 est,
2323 3182 2622 3242 vindictae
2644 3181 2947 3262 corporali
2968 3183 3294 3244 subdatur-

889 3290 1039 3372 Cap.
1071 3289 1288 3351 XXIV.
1324 3290 1557 3368 Qualis
1590 3288 1805 3349 debeat
1830 3309 1961 3349 esse
1990 3290 2205 3349 modus
2235 3285 2891 3350 excommunicationis,
2926 3287 3288 3349 Secundum

674 3400 936 3461 modum
970 3398 1202 3478 culpae,
1249 3396 1912 3457 excommunicationis
1950 3397 2043 3456 vel
2077 3395 2431 3476 disciplinae
2465 3413 2754 3455 mensura
2788 3395 2968 3455 debet
2999 3396 3285 3468 extendi:

672 3506 780 3587 qui
830 3507 1154 3586 culparum
1205 3504 1431 3564 modus
1480 3503 1544 3563 in
1580 3503 1829 3563 Abbatis
1879 3504 2138 3583 pendeat
2183 3501 2430 3579 judicie.
2494 3501 2733 3581 Siquis
2765 3515 2970 3562 tamen
3003 3502 3181 3563 frater
3216 3504 3286 3565 in

567 3641 619 3681 ‘30
670 3612 1003 3673 levioribus
1036 3610 1230 3691 culpis
1263 3610 1593 3684 invenitur,
1629 3631 1661 3670 a
1697 3629 1946 3670 mensae
1981 3609 2438 3690 participatione
2473 3608 2757 3690 privetur.
2820 3608 3040 3669 Privati
3072 3626 3286 3671 autem

670 3741 703 3779 a
736 3737 982 3779 mensae
1015 3719 1329 3779 consortio
1362 3718 1471 3778 ista
1505 3719 1617 3778 erit
1650 3717 1822 3793 rati0,
1859 3732 1924 3776 ut
1956 3717 2020 3777 in
2054 3715 2342 3778 Oratorio
2380 3716 2692 3777 psalmum
2725 3731 2827 3776 aut
2849 3717 3286 3797 Antiphonam

669 3843 802 3886 non
837 3825 1136 3905 imponat,
1170 3844 1373 3905 neque
1408 3824 1738 3885 lectionem
1775 3824 1980 3885 recitet
2013 3843 2209 3904 usque
2230 3824 2307 3883 ad
2327 3823 2819 3884 satisfactionem.
2855 3821 3284 3885 Refectionem

666 3947 873 3993 >autem
923 3931 1040 3992 cibi
1089 3948 1227 4013 post
1265 3932 1523 3993 fratrum
1555 3930 1954 3991 refectionem
1987 3931 2156 3991 solus
2188 3931 2461 4011 accipiat,
2497 3949 2805 4004 mensura,
2842 3930 2938 3990 vel
2971 3931 3120 3990 hora
3154 3950 3283 4011 qua

666 4039 1028 4120 praeviderit
1076 4042 1281 4101 Abbas
1328 4039 1382 4100 ei
1420 4055 1815 4120 ‹competere3
1873 4054 1939 4098 ut
1988 4038 2036 4098 si
2086 4038 2250 4098 verbi
2296 4037 2484 4116 gratia
2533 4037 2742 4097 fratres
2787 4035 3069 4097 reficiunt
3112 4053 3280 4098 sexta

560 4175 609 4218 35
668 4146 838 4223 hora,
874 4146 971 4207 ille
1009 4147 1187 4207 frater
1219 4164 1416 4206 nona:
1452 4146 1500 4206 si
1536 4146 1715 4206 frater
1747 4164 1936 4222 nona,
1971 4145 2068 4205 ille
2092 4143 2449 4225 vespertina,
2474 4164 2670 4225 usque
2693 4144 2846 4205 dum
2868 4143 3279 4206 satisfactione

667 4271 941 4332 congrua
973 4254 1216 4313 veniam
1249 4267 1681 4332 consequatur.

881 4360 1031 4440 Cap.
1065 4360 1255 4420 XXV.
1319 4359 1421 4420 De
1459 4358 1860 4440 gravioribus
1910 4358 2126 4439 culpis.
2207 4357 2258 4417 ls
2308 4373 2516 4419 autem
2567 4357 2763 4433 frater,
2812 4357 2920 4437 qui
2969 4357 3264 4436 gravioris

644 4457 881 4546 culpae
928 4483 1085 4526 noxa
1132 4481 1391 4543 tenetur,
1427 4466 1838 4547 suspendatur
1869 4487 1901 4526 a
1937 4485 2151 4526 mensa
2182 4465 2367 4526 simul
2401 4481 2458 4526 et
2489 4468 2566 4526 ab
2597 4465 2884 4526 oratorio.
2952 4465 3178 4525 Nullus
3211 4465 3265 4525 ei

664 4573 917 4635 fratrum
963 4572 1027 4632 in
1075 4573 1205 4633 ullo
1238 4572 1525 4650 jungatur
1556 4574 1892 4651 consorti0,
1929 4592 2134 4653 neque
2168 4574 2231 4632 in
2263 4572 2598 4654 colloquio.
2664 4573 2848 4634 Solus
2888 4572 2962 4634 sit
2994 4573 3071 4632 ad
3105 4591 3265 4652 opus

553 4709 610 4750 ..ο
661 4681 775 4741 sibi
821 4677 1190 4761 injunctum,
1244 4681 1573 4763 persistens
1626 4680 1686 4741 in
1739 4681 2156 4762 poenitentiae
2206 4680 2409 4754 luctu;
2475 4682 2670 4742 sciens
2721 4681 2887 4740 illam
2937 4679 3269 4739 terribilem

634 4790 946 4872 Apostoli
978 4790 1339 4851 sententiam
1376 4788 1662 4849 dicentis:
1724 4786 2035 4849 Traditum
2069 4787 2748 4866 hujusmodi'hominem
2780 4792 3032 4847 satanae
3065 4790 3129 4846 in
3164 4789 3271 4846 in-

630 4911 633 4914 “
659 4899 904 4959 teritum
936 4899 1171 4970 carniS,
1204 4901 1271 4955 ut
1297 4897 1557 4976 spirims
1588 4896 1794 4956 salvus
1826 4898 1913 4955 sit
1941 4898 2004 4955 in
2040 4896 2138 4954 die
2170 4894 2447 4957 Domini.
2482 4894 2618 4956 Cibi
2641 4909 2849 4955 autem
2870 4893 3270 4954 refectionem
