3684 5416
357 1498 405 1528 to

356 2034 403 2079 ι5

351 2571 406 2602 20

353 3230 402 3273 25

353 3781 408 3824 '32

353 4187 405 4230 35

1640 345 1901 401 parochi.
2977 353 3011 406 6
3025 370 3035 404 ι
3049 367 3082 421 7

459 523 838 593 ἀεροιῑεῃάυς
881 535 983 591 est,
1026 536 1081 577 et
1123 522 1178 577 in
1221 524 1576 578 monasterio
1618 524 1690 577 ad
1733 524 2026 594 agendum
2070 536 2410 595 perpetuam
2438 525 2856 596 poenitentiam
2884 528 3080 583 detru-

1652 604 1892 659 dendus.

674 717 899 777 Omnis
946 714 1268 796 utriusque
1320 737 1500 778 sexus
1548 716 1764 793 fidelis,
1811 733 2145 798 postquam
2178 717 2253 777 ad
2287 737 2488 778 annos
2523 719 2907 781 discretionis
2942 740 3080 802 per-

460 824 708 891 venerit,
758 823 967 884 omnia
1015 844 1125 884 sua
1173 823 1343 883 solus
1377 840 1620 905 peccata
1653 824 1872 884 saltem
1907 822 2097 883 semel
2130 823 2190 884 in
2225 843 2390 884 anno
2425 824 2683 885 fideliter
2716 827 3083 889 confiteatur

458 930 707 1011 proprio
757 929 1078 1007 sacerdoti,
1124 946 1181 989 et
1227 929 1561 991 iniunctam
1608 930 1721 991 sibi
1771 930 2214 1011 poenitentiam
2268 930 2529 1011 propriis
2562 933 2792 994 viribus
2839 936 3080 997 studeat

459 1037 812 1117 adimplere,
847 1036 1186 1118 suscipiens
1220 1051 1566 1098 reverenter
1601 1039 1674 1098 ad
1712 1038 1923 1099 minus
1960 1037 2022 1097 in
2048 1039 2278 1099 Pascha
2304 1039 2702 1101 eucharistiae
2725 1061 3076 1104 sacramen-

460 1158 611 1217 tum,
663 1143 775 1203 nisi
828 1141 980 1204 forte
1015 1144 1089 1204 de
1123 1142 1351 1224 proprii
1385 1143 1716 1204 sacerdotis
1750 1143 2014 1204 consilio
2049 1145 2130 1204 ob
2165 1143 2438 1224 aliquam
2474 1146 2902 1209 rationabilem
2935 1168 3078 1210 cau—

458 1271 586 1310 sam
634 1252 707 1312 ad
762 1267 1009 1331 tempus
1054 1254 1129 1311 ab
1165 1251 1526 1312 huiusmodi
1563 1251 1957 1333 perceptione
1993 1252 2236 1311 duxerit
2269 1252 2741 1329 abstinendum;
2794 1255 3076 1336 alioquin

459 1374 517 1418 et
551 1359 761 1418 vivens
796 1360 869 1417 ab
906 1359 1181 1435 ingressu
1218 1359 1505 1420 ecclesiae
1540 1374 1834 1435 arceatur,
1872 1373 1929 1418 et
1961 1358 2236 1419 moriens
2259 1358 2605 1420 Christiana
2638 1379 2835 1423 careat
2867 1365 3080 1444 sepul·

459 1481 609 1525 tura.
675 1465 858 1526 Unde
910 1467 1030 1525 hoc
1077 1467 1336 1526 salutare
1388 1480 1684 1527 statutum
1739 1466 2097 1546 frequenter
2149 1466 2212 1526 in
2268 1465 2534 1528 ecclesiis
2586 1467 2949 1548 publicetur,
3003 1486 3081 1531 ne

459 1572 789 1653 quisquam
856 1572 1235 1650 ignorantiae
1300 1572 1584 1633 caecitate
1651 1572 1932 1633 velamen
1984 1572 2396 1633 excusationis
2447 1591 2734 1634 assumat.
2828 1575 2890 1637 Si
2945 1576 3083 1657 quis

460 1695 663 1740 autem
713 1679 912 1739 alieno
958 1679 1259 1741 sacerdoti
1308 1679 1570 1740 voluerit
1620 1680 1774 1739 iusta
1809 1680 1883 1739 de
1920 1699 2100 1739 causa
2134 1700 2244 1740 sua
2279 1678 2556 1741 confiteri
2594 1698 2855 1761 peccata,
2888 1682 3078 1743 licen-

461 1785 607 1845 tiam
657 1785 822 1865 prius
873 1785 1139 1865 postulet
1185 1801 1239 1845 et
1275 1786 1545 1846 obtineat
1579 1806 1611 1844 a
1645 1785 1898 1866 proprio
1932 1786 2267 1862 sacerdote,
2304 1805 2504 1865 quum
2538 1787 2708 1847 aliter
2742 1787 2870 1867 ipse
2905 1788 3080 1850 illum

460 1912 588 1953 non
635 1892 825 1973 possit
871 1893 1187 1952 absolvere
1235 1893 1329 1952 vel
1379 1892 1583 1973 ligare.
1648 1893 1947 1953 Sacerdos
1982 1907 2189 1953 autem
2224 1892 2298 1953 sit
2332 1892 2625 1955 discretus
2659 1912 2716 1954 et
2749 1912 2981 1969 cautuS,
3014 1913 3082 1958 ut

462 2021 634 2062 more
683 2000 856 2080 periti
890 1998 1110 2060 medici
1144 1998 1623 2080 superinfundat
1656 2000 1872 2059 vinum
1910 2016 1968 2059 et
1999 1999 2208 2060 oleum
2249 1999 2609 2061 vulneribus
2643 2001 2910 2077 sauciati,
2944 2002 3078 2062 dili-

460 2125 674 2188 genter
725 2109 1045 2187 inquirens
1096 2122 1154 2167 et
1207 2108 1541 2188 peccatoris
1589 2107 2070 2168 circumstantias
2119 2122 2175 2167 et
2208 2109 2454 2188 peccati,
2488 2107 2714 2189 quib'us
2747 2110 3084 2189 prudenter

460 2215 772 2295 intelligat,
820 2216 1002 2296 quale
1051 2216 1265 2274 debeat
1298 2215 1351 2275 ei
1388 2216 1675 2295 praebere
1710 2214 2062 2292 consilium,
2114 2230 2171 2274 et
2207 2214 2558 2275 cuiusmodi
2594 2216 2938 2276 remedium
2972 2217 3080 2276 ad-

461 2324 690 2397 hibere,
726 2323 977 2383 diversis
1013 2320 1448 2402 experimentis
1481 2322 1718 2381 utendo
1752 2321 1828 2381 ad
1862 2321 2226 2381 salvandum
2251 2337 2592 2398 aegrotum.
2628 2321 2856 2383 Caveat
2876 2338 3079 2383 autem

461 2429 739 2505 omnino,
788 2451 863 2490 ne
909 2432 1098 2489 verbo
1134 2446 1237 2489 aut
1270 2429 1451 2507 signo
1485 2444 1589 2489 aut
1623 2429 1745 2488 alio
1779 2428 2005 2508 quovis
2037 2430 2230 2490 modo
2263 2429 2652 2508 aliquatenus
2687 2431 2906 2510 prodat
2939 2451 3078 2511 pec-

462 2550 747 2597 catorem.
812 2536 950 2613 Sed,
1000 2537 1049 2596 si
1097 2536 1485 2615 prudentiori
1533 2535 1793 2596 consilio
1828 2535 2179 2612 indiguerit,
2228 2534 2377 2595 illud
2411 2538 2645 2616 absque
2682 2537 2801 2597 ulla
2837 2557 3079 2618 expres-

462 2643 631 2702 sione
668 2663 964 2724 personae
998 2658 1173 2704 caute
1208 2642 1493 2723 requirat,
1527 2642 1844 2723 quoniam,
1879 2640 1986 2722 qui
2013 2656 2330 2722 peccatum
2367 2642 2428 2702 in
2463 2642 2884 2723 poenitentiali
2918 2644 3078 2704 iudi·

462 2749 556 2810 cio
603 2750 713 2810 sibi
763 2752 1075 2811 detectum
1126 2749 1598 2830 praesumpserit
1646 2749 1934 2824 revelare,
1994 2767 2124 2808 non
2170 2749 2377 2809 solum
2410 2770 2441 2808 a
2476 2751 2831 2810 sacerdotali
2869 2751 3074 2812 officio

462 2857 905 2938 deponendum
958 2857 1367 2934 decernimus,
1414 2874 1631 2916 verum
1679 2855 1861 2914 etiam
1911 2855 1987 2915 ad
2022 2856 2329 2934 agendam
2363 2870 2719 2936 perpetuam
2757 2857 3079 2938 poeniten-

459 2964 605 3024 tiam
639 2964 700 3024 in
735 2981 970 3025 arctum
1006 2965 1456 3025 monasterium
1490 2963 1971 3024 detrudendum.

545 3207 598 3262 b)
659 3199 1159 3254 Innocentius
1214 3199 1326 3253 111.
1367 3198 1435 3253 in
1477 3200 1699 3254 Cone.
1741 3201 1980 3256 Later.
2021 3201 2112 3254 lx'.
2153 3202 2348 3271 (1215)
2389 3219 2433 3255 c.
2477 3220 2559 3274 32·
2599 3225 2667 3247 ==
2709 3219 2756 3255 c.
2801 3220 2882 3274 30.
2926 3203 2992 3257 X.

1190 3282 1256 3331 de·
1284 3282 1609 3350 praebendis
1648 3286 1701 3332 et
1734 3282 2107 3348 di'ugrm‘ttrtibus.
2151 3280 2236 3334 III.
2279 3299 2326 3350 5.

673 3441 700 3467 “
743 3440 898 3509 Cm‘p.
929 3442 1033 3493 iur.
1061 3457 1182 3491 can.
1212 3440 1301 3492 ed.
1342 3438 1505 3492 Frie
1525 3440 1559 3491 d
1580 3441 1613 3491 b
1633 3457 1663 3493 e
1682 3456 1776 3509 rg.
1818 3441 1991 3495 Tom.
2021 3441 2080 3493 11.
2123 3440 2230 3494 col.
2258 3440 2561 3512 478—479.
2602 3442 2651 3494 H
2672 3458 2700 3494 e
2722 3441 2898 3502 fele,
2941 3443 3080 3493 Con-

459 3521 951 3590 ct'liengesclet’clzte.
991 3521 1167 3575 Tom.
1204 3521 1274 3572 V.
1315 3537 1442 3590 pag.
1482 3519 1610 3588 892.

460 3673 671 3727 Rector
699 3672 990 3743 ecclesiae,
1030 3690 1142 3726 non
1171 3673 1439 3726 obstante
1468 3670 1889 3726 consuetudine
1917 3671 2189 3744 episcopi,
2217 3671 2304 3725 vel
2332 3671 2579 3741 patroni,
2622 3673 2793 3726 debet
2821 3674 2893 3726 de
2920 3672 3069 3726 redi-

462 3753 611 3808 tibus
654 3753 927 3807 ecclesiae
956 3753 1338 3808 sufficientem
1367 3752 1579 3805 habere
1608 3751 1951 3823 portionem.
2002 3754 2070 3806 H.
2102 3753 2154 3806 d.
2184 3769 2368 3822 usque
2396 3753 2468 3806 ad
2495 3755 2548 3820 ξ.
2602 3752 2715 3821 Qui
2742 3769 2898 3808 vero,
2945 3752 3081 3821 (Qui

462 3852 597 3887 vero
628 3847 732 3888 etc.
753 3839 795 3898 z)
822 3833 1081 3888 Privatus
1111 3847 1196 3888 est
1224 3832 1532 3905 parochiali
1560 3834 1797 3888 ecclesia
1828 3846 2015 3887 rector
2042 3832 2100 3887 in
2122 3850 2186 3886 ea
2209 3850 2328 3887 non
2351 3832 2624 3899 residens,
2647 3832 2749 3886 nisi
2772 3833 2841 3886 sit
2863 3851 3081 3887 annexa

462 3913 723 3985 dignitati
764 3914 851 3967 vel
894 3915 1277 3983 praebendae,
1320 3931 1437 3984 quo
1482 3931 1616 3968 casu
1661 3915 1833 3967 debet
1864 3912 1936 3968 ibi
1964 3913 2177 3967 habere
2207 3925 2551 3983 perpetuum
2580 3912 2870 3966 vicarium.
2925 3914 2995 3966 Et
3022 3912 3078 3965 in

464 3994 577 4049 fine
620 3994 907 4065 prohibet,
947 3995 1003 4048 in
1046 3995 1310 4049 fraudem
1352 3995 1672 4049 rectoribus
1701 3995 1771 4048 de
1800 3993 1974 4064 ipsius
2003 3992 2380 4065 proventibus
2409 3993 2749 4063 pensionem
2777 3993 2833 4047 in
2863 3992 3079 4047 benefi—

463 4077 614 4130 cium
644 4074 777 4128 dari.
832 4076 901 4129 Η.
930 4076 981 4131 d.
1010 4075 1116 4129 Vel
1157 4074 1266 4129 sic:
1307 4093 1428 4130 non
1471 4075 1724 4130 residens
1765 4074 1821 4128 in
1870 4073 2109 4129 ecclesia
2136 4073 2465 4145 parochiali,
2493 4073 2581 4127 vel
2608 4091 2721 4129 non
2750 4090 2973 4144 ponens
3000 4073 3082 4126 vi-

704 4156 935 4225 carium,
964 4157 1199 4228 quando
1230 4169 1315 4210 est
1344 4175 1561 4211 annexa
1594 4155 1879 4211 beneficio
1909 4155 2131 4225 maiori,
2160 4154 2412 4225 privatus
2441 4167 2525 4208 est
2553 4171 2635 4208 ea.
2687 4154 2757 4206 H.
2789 4155 2841 4207 d.

682 4295 1116 4375 Exstirpandae
1163 4295 1632 4357 consuetudinis
1682 4294 1902 4354 vitium
1951 4295 2013 4355 in
2064 4294 2440 4373 quibusdam
2488 4291 2761 4373 partibus
2806 4291 3080 4370 inolevit,

464 4403 635 4482 quod
684 4402 909 4462 scilicet
957 4402 1404 4482 parochialium
1453 4401 1847 4461 ecclesiarum
1897 4400 2137 4480 patroni
2170 4416 2227 4460 et
2260 4400 2409 4459 aliae
2445 4400 2751 4479 quaedam
2786 4418 3087 4479 personae

466 4526 804 4590 proventus
852 4509 1121 4589 ipsarum
1170 4507 1282 4568 sibi
1314 4506 1579 4589 [paene]
1613 4507 1856 4589 penitus
1888 4506 2287 4578 vindicantes,
2337 4506 2704 4586 presbyteris
2739 4506 3079 4566 earundem

465 4616 723 4678 servitiis
773 4617 1075 4696 deputatis
1126 4616 1483 4695 relinquunt
1516 4616 1670 4676 adeo
1704 4614 1991 4694 exiguam
2028 4613 2399 4693 portionem,
2434 4614 2605 4692 quod
2641 4632 2711 4672 ex
2747 4631 2813 4671 ea
2848 4631 3085 4691 neque-

465 4740 563 4784 ant
609 4743 884 4803 congrue
936 4723 1279 4784 sustentari.
1343 4724 1522 4797 Nam,
1573 4737 1645 4781 ut
1672 4741 1785 4802 pro
1819 4737 1986 4781 certo
2021 4720 2348 4779 didicimus
2381 4720 2444 4780 in
2478 4719 2851 4799 quibusdam
2885 4718 3086 4799 regio-

465 4831 647 4891 nibus
695 4831 1076 4911 parochiales
1123 4828 1456 4911 presbyteri
1498 4848 1610 4909 pro
1644 4849 1754 4889 sua
1788 4827 2232 4889 sustentatione
2269 4845 2398 4886 non
2432 4827 2715 4886 obtinent
2749 4825 2859 4886 nisi
2896 4845 3080 4905 quar-

466 4954 590 4997 tam
624 4955 893 5017 quartae,
940 4938 1000 4998 id
1034 4953 1123 4996 est
1155 4950 1386 4996 sextam
1422 4935 1724 4995 decimam
1760 4934 2160 4994 decimarum.
2226 4933 2408 4994 Unde
2442 4931 2523 5007 fit,
2558 4947 2624 4991 ut
2655 4931 2716 4992 in
2750 4932 2844 4993 his
2882 4931 3084 5011 regio-
