3684 5416
378 1502 434 1535 (0

380 2037 431 2082 ι5

379 3109 439 3154 ²5

1620 333 1970 394 Cardinales.
2989 335 3099 408 467

1265 567 1396 621 201.
1451 564 1727 654 snmus
1758 563 1839 622 V.
1864 566 2338 636 (msa—1590).-

481 692 547 756 a)
613 688 714 742 De
768 686 826 743 S.
866 687 927 742 R.
969 688 1034 742 E.
1075 686 1576 743 cardinalium
1628 688 2140 744 creandorum
2192 689 2718 766 praestantia,
2755 707 3099 758 numer0,

474 767 783 837 ordine,
852 779 1103 823 aetate
1155 779 1228 822 et
1279 766 1791 839 qualitatibus
1846 779 1916 823 et
1967 768 2052 822 de
2110 769 2432 839 optione
2491 786 2619 824 sex
2676 770 3094 826 Cathedra-

710 846 893 903 lium
931 847 1485 912 Ecclesiarum,
1524 864 1719 919 quae
1759 846 2306 903 Cardinalibus
2347 849 2872 905 conferuntur.

698 973 727 1002 ⁶
767 974 1043 1042 Magnum
1079 974 1395 1027 Bullarium
1432 973 1760 1026 Romanum.
1802 973 1977 1028 Tom.
2006 972 2070 1027 11.
2108 989 2164 1044 p.
2191 973 2295 1029 608
2333 990 2454 1045 seq.
2529 974 2815 1047 Ranke,
2866 977 2976 1030 Die
3012 978 3098 1029 νδ-

485 1051 722 1104 nn‘schen
761 1052 971 1121 Pi'ipste.
1010 1052 1050 1106 1.
1088 1069 1142 1123 p.
1171 1053 1270 1123 265
1311 1069 1433 1123 seq.
1480 1052 1821 1123 Hubner,
1858 1054 2046 1107 Sixtus
2081 1054 2181 1107 der
2199 1055 2426 1124 fargfte.
2465 1053 2701 1127 Leipzig
2734 1054 2885 1129 1871.
2927 1054 3098 1110 Hin-

485 1130 776 1196 schiuS‚
816 1132 1223 1187 Kircleenrecht.
1262 1132 1436 1187 Tom.
1461 1131 1500 1186 1.
1540 1149 1596 1203 p.
1625 1131 1743 1205 338.

604 1287 609 1292 ·
703 1256 1060 1335 Postquam
1107 1272 1288 1313 verus
1332 1252 1432 1314 ille
1477 1268 1663 1334 atque
1713 1268 1999 1315 aeternus
2031 1255 2243 1317 Pastor
2288 1271 2347 1317 et
2377 1255 2722 1337 Episcopus
2751 1257 3102 1318 animarum

488 1361 773 1432 Christus
813 1361 1122 1423 Dominus
1153 1360 1230 1420 ad
1262 1361 1733 1439 gubernandam
1767 1360 2180 1424 universalem
2213 1361 2570 1441 Ecclesiam,
2593 1381 2781 1442 quam
2814 1380 2931 1423 suo
2965 1381 3101 1444 pre-

481 1470 645 1552 tioso
692 1469 999 1549 sanguine
1045 1466 1383 1548 acquisivit,
1427 1467 1881 1548 Apostolorum
1914 1467 2179 1550 Principi
2210 1470 2401 1531 Beato
2441 1470 2643 1550 Petr0,
2690 1469 2989 1532 Coelestis
3021 1469 3102 1533 si-

487 1575 619 1635 mul
652 1595 721 1636 ac
752 1591 1028 1635 terrenae
1059 1572 1304 1635 tradidit
1336 1572 1792 1654 plenitudinem
1824 1574 2156 1655 potestatis,
2202 1574 2385 1656 eique
2431 1596 2574 1637 suas
2605 1576 2670 1637 in
2702 1575 2912 1638 Terris
2942 1576 3104 1638 vices
3149 1573 3185 1580 ”

476 1680 818 1756 commisit,
851 1681 1008 1742 sicut
1039 1680 1104 1741 in
1136 1681 1444 1743 Cathedra
1476 1680 1672 1762 ipsius
1704 1681 1863 1741 Petri
1896 1700 2236 1762 successor,
2272 1698 2329 1746 et
2363 1703 2544 1746 verus
2576 1683 2804 1746 Christi
2826 1673 3103 1746 Vicarius

491 1789 818 1849 Romanus
866 1787 1149 1849 Pontifex
1181 1786 1403 1848 Divina
1436 1785 1991 1863 Praeordinatione,
2039 1788 2317 1850 eiusdem
2351 1810 2679 1872 supremae
2711 1791 3103 1872 Apostolicae

486 1895 821 1975 Dignitatis
868 1894 1198 1975 fastigium,
1246 1908 1305 1954 et
1348 1894 1558 1954 locum
1606 1893 1670 1954 in
1700 1892 1909 1955 Terris
1942 1908 2123 1972 tenet,
2170 1894 2248 1956 ita
2283 1896 2465 1957 etiam
2501 1896 2935 1962 Sacrosanctae
2969 1898 3101 1959 Ro—

491 2022 707 2076 manae
744 2001 1048 2064 Ecclesiae
1080 2000 1440 2063 Cardinales
1479 2016 1997 2082 repraesentantes
2031 2001 2331 2064 Personas
2364 2001 2734 2072 Sanctorum
2767 2005 3103 2086 Apostolo-

490 2129 648 2187 rum,
701 2110 854 2170 dum
904 2107 1151 2171 Christo
1198 2107 1513 2187 Salvatori,
1568 2108 1864 2189 Regnum
1913 2108 2029 2169 Dei
2073 2108 2469 2190 praedicanti,
2522 2124 2708 2192 atque
2773 2111 3104 2172 Humanae

491 2217 686 2308 Saluti,
732 2216 1096 2299 mysterium
1140 2215 1418 2296 operanti
1465 2215 1898 2306 ministrarent,
1932 2214 2132 2276 eidem
2168 2216 2472 2294 Pontifici,
2502 2217 2567 2278 in
2600 2218 2961 2279 executione
2993 2218 3104 2279 Sa-

492 2325 811 2387 cerdotalis
843 2323 1068 2401 Officii,
1115 2338 1176 2385 et
1220 2324 1284 2386 in
1315 2323 1632 2403 dirigenda
1663 2322 1793 2404 ipsa
1826 2324 2094 2385 Ecclesia
2128 2308 2470 2404 Catholica,
2501 2326 2603 2387 cui
2638 2342 2894 2408 praeest,
2927 2328 3101 2389 Con-

490 2431 696 2491 siliarii
741 2445 799 2490 et
830 2430 1242 2492 Coadiutores
1286 2429 1596 2506 assistunt,
1636 2430 1817 2509 quasi
1849 2430 2014 2491 oculi
2046 2446 2105 2493 et
2135 2450 2335 2510 aures,
2367 2451 2437 2493 ac
2467 2432 2902 2496 Nobilissimae
2935 2431 3105 2498 Sacri

492 2536 727 2619 Capitis
775 2551 991 2617 partes,
1021 2530 1096 2619 :et
1140 2535 1467 2618 praecipua
1512 2535 1674 2596 illius
1706 2538 1986 2597 membra
2018 2558 2051 2597 a
2085 2538 2319 2618 Spiritu
2352 2538 2581 2600 Sancto
2611 2540 2960 2622 constituta,
2994 2539 3104 2622 qui

492 2644 557 2707 in
591 2646 705 2705 hac
738 2643 867 2725 ipsa
898 2641 1314 2705 Ecclesiastica
1347 2642 1701 2703 Hierarchia
1736 2642 1957 2703 Divina
1997 2643 2435 2727 Dispositione‚
2465 2645 2651 2706 instar
2682 2646 2847 2708 illius
2878 2626 3103 2711 Coele-

493 2753 617 2829 stis,
667 2752 767 2814 cui
816 2772 890 2813 ex
933 2752 1116 2812 altera
1163 2766 1329 2832 parte
1375 2750 1724 2831 respondet,
1771 2750 2071 2831 ordinata,
2120 2753 2197 2813 ad
2231 2751 2596 2814 altissimum
2628 2753 2929 2834 Gradum,
2960 2775 3102 2817 cum

493 2859 628 2940 ipso
662 2860 957 2920 Romano
992 2855 1311 2936 Pontifice,
1362 2856 1689 2921 communi
1721 2857 1898 2918 Patre
1945 2876 2013 2917 ac
2045 2857 2312 2937 Pastore,
2357 2859 2436 2920 ad
2482 2879 2673 2941 quem
2705 2880 2778 2922 ex
2810 2861 3106 2924 omnibus

497 2966 777 3047 undique
811 2964 1115 3028 Gentibus
1146 2983 1215 3024 ac
1246 2962 1634 3043 Nationibus,
1682 2963 1745 3024 in
1787 2962 2182 3045 gravissimis,
2231 2966 2623 3047 maximeque
2667 2967 2876 3030 arduis
2921 2970 3106 3030 rebus

498 3073 708 3135 fideles
755 3072 1042 3135 omnium
1076 3072 1419 3149 Generum,
1460 3070 1747 3133 omnium
1778 3071 2093 3151 ordinum,
2128 3073 2380 3152 summi,
2414 3072 2615 3135 infimi
2647 3074 2924 3156 quotidie
2955 3094 3107 3137 con-

497 3181 721 3260 fluunt,
770 3179 922 3240 tanti
974 3178 1267 3261 ponderis
1318 3177 1569 3256 molem,
1622 3192 1807 3258 atque
1860 3196 2020 3239 onus
2071 3178 2454 3259 populorum
2510 3180 2870 3260 sustineant,
2906 3197 2963 3243 et
2994 3201 3108 3264 pro

495 3287 845 3349 animarum
879 3287 1109 3365 Salute,
1153 3304 1267 3367 pro
1300 3285 1470 3364 Fide,
1517 3304 1631 3366 pro
1663 3284 1912 3363 Iustitia,
1959 3304 2075 3366 pro
2109 3285 2360 3347 Unitate
2395 3286 2639 3348 assidue
2672 3288 3010 3369 invigilent,
3041 3310 3111 3351 ac

493 3397 792 3472 laborent,
826 3394 937 3475 qui
968 3394 1124 3455 circa
1155 3392 1363 3475 ipsum
1395 3392 1720 3455 universali
1751 3391 2058 3454 Ecclesiae
2091 3393 2436 3472 serviend0,
2482 3394 2866 3472 singularum
2898 3398 3110 3457 Eccle÷

497 3503 729 3565 siarum
793 3501 1340 3564 commoditatibus
1400 3520 1465 3560 se
1525 3500 1906 3580 impendant,
1969 3518 2245 3581 quorum
2299 3500 2561 3562 consilio
2614 3501 2779 3562 idem
2830 3503 3113 3565 Pontifex

385 3643 445 3689 30
501 3608 738 3688 agenda
783 3608 1090 3689 disponat,
1138 3625 1411 3688 quorum
1458 3624 1645 3687 opera
1678 3620 1736 3666 et
1768 3605 2123 3683 necessaria,
2155 3619 2216 3666 et
2248 3604 2588 3686 plurimum
2623 3607 2937 3668 fructuosa
2969 3608 3111 3668 uni-

500 3735 707 3775 versae
740 3713 1139 3795 Reipublicae
1171 3712 1558 3774 Christianae
1606 3712 1671 3773 in
1717 3711 2003 3773 secundis
2049 3714 2232 3773 rebus
2266 3728 2636 3773 ornamento
2668 3727 2727 3774 et
2758 3714 3115 3794 commodO,

499 3822 564 3883 in
614 3822 819 3884 dubiis
866 3820 1170 3903 praesidio
1217 3834 1276 3881 et
1306 3819 1669 3886 adiumento
1702 3839 1833 3881 esse
1867 3820 2073 3901 possit.
2137 3819 2265 3895 Qui
2299 3819 2572 3900 denique
2605 3840 2722 3902 pro
2756 3820 3115 3883 exaltatione

503 3930 861 3993 Catholicae
893 3928 1258 4008 ReligioniS,
1291 3948 1402 4009 pro
1435 3948 1583 4011 pace
1618 3944 1675 3988 et
1706 3927 1912 4009 quiete
1944 3926 2279 3988 Christiani
2319 3927 2555 4009 populi,
2591 3947 2704 4009 pro
2724 3942 3117 4006 augumento

503 4054 560 4099 et
592 4039 835 4099 honore
868 4035 1124 4098 Sanctae
1157 4035 1333 4097 Sedis
1365 4036 1758 4118 Apostolicae
1791 4034 2181 4113 sanguinem,
2210 4035 2260 4096 si
2295 4035 2377 4096 ita
2408 4053 2504 4095 res
2539 4034 2708 4112 ferat,
2739 4048 2798 4094 et
2819 4032 3113 4115 Spiritum

388 4177 446 4224 ⁴35
502 4160 854 4208 constanter
885 4144 1233 4205 effundant.

717 4263 747 4324 s
797 4276 845 4315 1.
892 4254 1063 4315 Cum
1095 4252 1303 4333 itaque
1335 4252 1448 4333 ipsi
1480 4252 1605 4314 veri
1637 4250 1914 4312 cardines
1947 4250 2087 4329 sint,
2112 4265 2171 4311 et
2192 4248 2520 4311 clarissima
2542 4249 2844 4313 Ecclesiae
2862 4249 3120 4329 lumina,

500 4361 758 4444 Templi
793 4361 915 4422 Dei
960 4363 1153 4437 bases,
1202 4358 1587 4421 firmamenta
1632 4373 1690 4419 et
1723 4356 2036 4418 columina
2069 4356 2449 4419 Christianae
2483 4356 2882 4437 Reipublicae
2915 4357 3125 4437 singu-

504 4470 613 4531 lari
664 4469 937 4549 quadam
983 4467 1204 4550 pietate
1249 4486 1319 4527 ac
1363 4466 1662 4545 doctrina,
1698 4484 1813 4525 nec
1844 4464 2101 4544 vulgari,
2135 4479 2241 4526 aut
2275 4464 2593 4542 mediocri,
2629 4465 2736 4526 sed
2769 4463 2998 4546 insigni
3030 4479 3117 4525 at-

505 4597 627 4658 que
677 4576 900 4637 eximia
945 4575 1160 4636 virtute
1207 4574 1522 4635 abundare
1568 4574 1812 4650 debent,
1861 4585 1929 4633 ut
1961 4591 2149 4652 quam
2181 4587 2407 4650 gerunt
2439 4590 2789 4652 personam,
2823 4571 3029 4652 digne,
3065 4587 3123 4631 et

396 4712 453 4752 40
504 4682 854 4763 ,honorifice
905 4682 1146 4743 valeant
1193 4680 1511 4741 sustinere.
1586 4684 1679 4740 Ac
1728 4679 2264 4760 quemadmodum
2317 4678 2680 4759 praecipuae
2730 4692 2876 4737 sunt
2925 4691 3123 4757 partes

508 4791 743 4867 summi
777 4789 1048 4850 Romani
1067 4788 1370 4851 Praesulis
1402 4786 1467 4847 in
1500 4786 1571 4847 iis
1604 4786 1968 4847 asciscendis
2000 4785 2367 4867 exquisitam
2400 4784 2695 4846 adhibere
2726 4782 3124 4863 diligentiam,

514 4916 572 4961 et
623 4912 903 4960 accurata
954 4895 1504 4979 circumspectione
1556 4892 1895 4977 providere,
1947 4907 2015 4954 ut
2047 4892 2176 4954 Viri
2225 4892 2444 4974 optimi
2493 4912 2562 4953 ac
2611 4889 2919 4952 lectissimi
2953 4911 3125 4953 assu-

2707 4991 2807 5063 30⁸
