3684 5416
567 1512 615 1544 10

567 2043 611 2086 ¹5

560 2584 612 2615 20

561 3116 609 3160 ²5

555 3660 605 3702 30

554 4191 603 4233 35

550 4726 603 4763 4ο

665 336 770 405 482
1800 337 2149 393 Cardinales.

669 521 956 583 Sanctam
993 522 1344 584 Romanam
1377 522 1712 583 Ecclesiam
1748 522 2077 598 devolutiS,
2113 538 2170 583 et
2203 524 2591 604 recuperatis.
2659 524 2808 585 Item
2859 526 3190 601 decretum,
3222 542 3277 587 et

668 630 1233 710 incorporationem
1282 649 1390 710 per
1437 629 1629 690 felicis
1662 629 2107 690 recordationis
2141 629 2563 691 Alexandrum
2598 631 2949 712 Septimum
2983 633 3080 692 die
3115 633 3274 711 vige-

664 735 817 797 sima
851 735 1193 799 decembris
1224 736 1534 797 millesimi
1566 736 1989 797 sexcentesimi
2022 736 2403 814 sexagesimi,
2435 738 2500 798 in
2533 739 2904 799 consistorio
2939 739 3186 813 factum,
3219 757 3276 800 et

667 842 881 903 factam
917 844 994 903 de
1031 843 1256 904 ducatu
1290 842 1507 920 Castri,
1538 857 1825 923 statuque
1861 842 2269 919 RoncilioniS,
2304 859 2488 925 atque
2520 845 2787 905 aliorum
2819 844 3123 923 locorum,
3159 863 3274 906 ter-

666 969 891 1027 rarum,
938 970 1047 1011 seu
1094 953 1425 1029 bonorum,
1471 950 1615 1011 alias
1662 971 1770 1032 per
1815 951 2203 1032 Raynutium
2242 952 2669 1012 Parmensium
2704 952 2940 1012 Ducem
2978 954 3276 1014 Camerae

666 1059 1058 1139 Apostolicae
1108 1059 1525 1136 venditorum,
1590 1075 1647 1119 et
1710 1058 2216 1120 constitutionem
2267 1057 2545 1137 ejusdem
2599 1059 2787 1120 felicis
2838 1059 3278 1120 recordationis

664 1164 995 1225 Alexandri
1042 1165 1299 1247 Septimi
1344 1167 1597 1241 ratione,
1643 1182 1700 1226 et
1747 1167 2073 1227 occasione
2111 1166 2370 1244 Decreti,
2419 1182 2477 1226 et
2510 1167 3030 1246 incorporationis
3062 1165 3274 1243 hujus-

665 1272 855 1350 modi,
888 1272 985 1332 die
1020 1271 1310 1352 vigesima
1345 1290 1556 1353 quarta
1591 1271 1849 1349 januarii
1885 1272 2192 1334 millesimi
2227 1273 2649 1334 sexcentesimi
2682 1274 3042 1352 sexagesimi
3081 1272 3276 1354 primi,

666 1377 1060 1457 publicatam,
1110 1399 1256 1440 cum
1308 1379 1799 1458 confirmatione,
1848 1380 2271 1456 innovatione,
2326 1381 2702 1458 extensione,
2755 1395 2815 1440 et
2866 1380 3276 1442 declaratione

666 1487 933 1547 aliorum
983 1489 1389 1563 decretorum,
1440 1504 1498 1548 et
1550 1488 2065 1549 constitutionum
2116 1507 2224 1568 per
2271 1489 2594 1549 Romanos
2644 1487 2972 1550 Pontifices
3024 1487 3099 1547 de
3149 1505 3276 1547 non

665 1593 1049 1654 infeudando
1081 1595 1403 1669 editarum,
1451 1611 1509 1655 et
1542 1611 1752 1656 contra
1786 1595 1936 1676 ipsa,
1985 1612 2041 1656 et
2074 1595 2234 1676 ipsas
2268 1615 2673 1675 quocumque
2707 1611 3002 1676 tempore,
3035 1610 3091 1654 et
3123 1614 3277 1673 qua-

667 1719 939 1779 cumque
986 1721 1185 1778 causa,
1231 1702 1457 1780 colore,
1504 1701 1701 1780 titulo,
1746 1703 1842 1763 vel
1890 1701 2214 1763 occasione
2247 1702 2429 1764 etiam
2462 1703 2761 1763 evidentis
2794 1701 3185 1776 necessitatis,
3220 1716 3277 1760 et

666 1809 937 1870 utilitatis
986 1810 1160 1871 nullo
1208 1812 1403 1873 modo
1450 1810 1673 1871 directe
1726 1810 1820 1871 vel
1867 1810 2162 1871 indirecte
2198 1810 2424 1880 venire,
2458 1826 2728 1885 tractare,
2761 1809 2983 1885 moliri,
3013 1823 3120 1869 aut
3150 1826 3275 1867 ma-

666 1918 933 1992 chinare,
965 1934 1067 1979 aut
1098 1917 1415 1994 auxilium,
1447 1939 1558 1979 seu
1590 1918 1921 1979 consilium
1954 1917 2119 1992 dare,
2145 1934 2202 1977 et
2223 1936 2599 1980 consensum
2623 1932 2958 1997 praestare:
2992 1914 3276 1995 quinimo

666 2026 1042 2104 cuicumque
1075 2025 1369 2102 tractatui,
1404 2041 1462 2086 et
1495 2024 1940 2086 machinationi
1973 2044 2235 2106 semper,
2283 2043 2341 2085 et
2374 2039 2674 2107 perpetuo
2709 2023 3046 2100 dissentire,
3078 2041 3276 2102 oppo-

669 2151 831 2208 nere,
882 2133 1178 2210 resistere,
1227 2152 1296 2192 ac
1346 2151 1779 2213 quascumque
1825 2130 2313 2192 machinationes
2359 2147 2418 2193 et
2463 2147 2768 2208 tractatuS,
2821 2130 2927 2211 qui
2963 2131 3039 2190 ad
3078 2146 3274 2188 meam

666 2238 941 2299 notitiam
994 2239 1396 2319 pervenerint,
1444 2258 1551 2318 per
1599 2259 1696 2299 me
1741 2238 1969 2321 ipsum,
2015 2259 2123 2299 seu
2168 2258 2379 2300 meum
2413 2239 2718 2299 nuncium
2751 2237 3062 2298 Sanctitati
3095 2235 3273 2308 Suae,

664 2361 722 2406 et
768 2345 899 2422 ejus
935 2346 1407 2406 Successoribus
1452 2344 1718 2424 legitime
1764 2344 2152 2424 intrantibus,
2198 2345 2398 2406 statim
2438 2346 2720 2421 revelare,
2756 2360 2877 2404 tam
2912 2346 3028 2403 sub
3062 2341 3275 2423 poenis

665 2452 730 2512 in
776 2451 948 2512 dictis
982 2452 1553 2514 Constitutionibus
1600 2453 1925 2526 contentiS,
1971 2471 2160 2531 quam
2195 2453 2328 2513 aliis
2359 2454 2863 2533 quibuscumque
2893 2451 3274 2529 gravioribus

670 2557 978 2619 Sanctitati
1013 2558 1192 2636 Suae,
1239 2574 1297 2618 et
1344 2557 1475 2636 ejus
1509 2559 1981 2621 Successoribus
2029 2558 2351 2639 praedictis
2384 2561 2539 2620 bene
2572 2558 2733 2619 visis.
2797 2558 2945 2618 Item
2980 2556 3273 2617 constitu-

663 2665 899 2728 tionem
934 2665 1120 2728 felicis
1153 2666 1593 2729 recordationis
1626 2667 1960 2729 Innocentii
1996 2668 2190 2749 Papae
2227 2665 2602 2730 Duodecimi
2636 2664 3113 2727 moderatoriam
3148 2664 3272 2724 Do·

666 2773 1011 2851 nationum,
1058 2790 1115 2834 et
1149 2774 1599 2835 distributionis
1633 2775 1948 2836 redituum
1983 2775 2378 2837 ecclesiarum
2411 2775 2475 2834 in
2509 2773 3030 2851 consanguineos,
3061 2772 3157 2832 vel
3187 2771 3276 2832 af·

664 2881 818 2940 fines
853 2880 1121 2941 Romani
1156 2880 1488 2956 PontificiS,
1523 2883 1641 2943 sub
1676 2883 1894 2942 datum
1920 2882 2155 2942 Romae
2178 2882 2344 2962 apud
2366 2881 2654 2942 Sanctam
2678 2881 2935 2941 Mariam
2961 2878 3274 2958 Maiorem,

664 3007 830 3048 anno
864 2987 1306 3047 lncarnationis
1328 2987 1691 3048 Dominicae
1726 2987 2056 3048 millesimo
2077 2988 2524 3048 sexcentesimo
2547 2986 2957 3067 nonagesimo
2976 2984 3270 3059 secund0,

664 3096 909 3155 decimo
958 3093 1241 3153 kalendas
1288 3092 1417 3171 julii
1453 3093 1857 3156 Pontificatus
1905 3093 2002 3154 sui
2033 3113 2199 3156 anno
2235 3095 2455 3175 prim0.
2520 3094 2591 3154 Et
2623 3095 2878 3154 demum
2910 3092 3113 3153 literas
3145 3110 3271 3151 me-

664 3201 881 3261 morati
916 3201 1148 3262 Urbani
1184 3201 1383 3281 Papae
1416 3201 1629 3262 Octavi
1661 3203 1776 3262 sub
1811 3201 2023 3262 datum
2061 3202 2299 3264 Rornae
2332 3202 2497 3283 apud
2528 3217 2808 3262 sanctum
2830 3200 3080 3261 Petrum
3111 3217 3271 3259 anno

663 3307 1105 3368 Incarnationis
1141 3307 1501 3368 Dominicae
1550 3307 1879 3368 millesimo
1924 3308 2368 3369 sexcentesimo
2401 3307 2698 3388 vigesimo
2731 3307 2955 3388 quinto
2989 3305 3271 3367 kalendas

662 3414 947 3476 februarii
984 3413 1377 3476 pontificatus
1410 3414 1504 3475 sui
1540 3434 1709 3475 anno
1742 3415 1940 3493 tertio,
1983 3415 2473 3477 confirmationis
2507 3415 2718 3476 Bullae
2751 3415 3111 3475 recolendae
3144 3432 3270 3474 me-

663 3523 894 3584 moriae
930 3520 1213 3602 Gregorii
1248 3522 1446 3602 Papae
1481 3522 1716 3583 Decimi
1753 3522 1972 3597 Quinti
2019 3522 2094 3582 de
2128 3523 2427 3584 electione
2462 3523 2733 3583 Romani
2767 3521 3080 3584 Pontificis
3114 3519 3270 3597 juxta

663 3630 906 3690 illarum
952 3645 1197 3690 tenores
1244 3651 1274 3688 a
1324 3648 1424 3689 me
1459 3630 1776 3709 perlectos,
1809 3645 1867 3690 et
1901 3629 2082 3709 plene
2115 3630 2416 3712 cognitos.
2480 3628 2629 3690 Item
2663 3629 2889 3704 omnia,
2923 3644 2980 3690 et
3011 3627 3267 3707 singula,

664 3758 822 3818 quae
869 3756 975 3818 per
1021 3737 1312 3798 eumdem
1349 3736 1697 3816 Urbanum,
1747 3756 1857 3798 seu
1893 3736 2146 3798 Sanctae
2183 3737 2502 3798 Romanae
2548 3737 2853 3798 Ecclesiae
2899 3734 3271 3809 Cardinales,

662 3845 756 3905 vel
804 3844 956 3905 alios
1003 3846 1077 3903 ab
1125 3863 1200 3904 eo
1235 3844 1579 3924 deputatos,
1611 3843 1707 3904 vel
1739 3864 1772 3904 a
1806 3844 2208 3905 Sanctissimo
2242 3844 2519 3906 Domino
2553 3845 2802 3922 Nostro,
2837 3861 2939 3904 aut
2973 3862 3086 3924 pro
3118 3857 3271 3902 tem-

661 3970 811 4031 pore
857 3949 1148 4010 existente
1185 3936 1476 4011 Romano
1512 3950 1804 4011 pontifice
1850 3951 1923 4009 ad
1973 3951 2094 4012 hoc
2138 3950 2478 4031 specialiter
2509 3952 2922 4032 deputandos,
2954 3966 3013 4011 et
3043 3948 3270 4031 praeci-

662 4075 783 4135 pue
817 4053 1043 4127 omnia,
1076 4070 1132 4114 et
1163 4053 1406 4131 singula
1440 4055 1677 4115 decreta
1699 4076 1732 4115 a
1753 4053 1936 4115 Sacra
1957 4054 2409 4116 Caeremoniali
2428 4055 2942 4138 ⁸Congregatione
2977 4056 3273 4116 hactenus

661 4176 961 4237 emanata,
1011 4175 1067 4220 et
1116 4161 1178 4221 in
1228 4176 1548 4242 posterum
1593 4178 1948 4223 emanatura
1982 4182 2095 4243 pro
2127 4162 2379 4223 sublimi
2413 4161 2544 4238 ejus
2577 4163 2982 4224 cardinalatus
3015 4163 3269 4239 honore,

661 4284 719 4327 et
752 4266 1046 4344 dignitate
1080 4268 1520 4339 conservanda,
1557 4269 1820 4346 decerni,
1853 4269 2057 4345 statui,
2091 4285 2148 4329 et
2181 4268 2453 4330 ordinari
2486 4269 2828 4347 contigerit,
2874 4284 2932 4330 et
2962 4269 3273 4349 signanter

662 4373 910 4434 Motum
945 4372 1261 4453 proprium
1298 4374 1575 4451 ejusdem
1609 4374 1949 4437 Innocentii
1983 4376 2182 4456 Papae
2220 4375 2477 4453 Decimi,
2509 4375 3000 4437 confirmationis
3035 4376 3269 4436 Decreti

659 4482 733 4541 ab
782 4480 996 4540 eadem
1046 4478 1228 4539 Sacra
1275 4481 1725 4542 Caeremoniali
1772 4483 2275 4563 Congregatione
2324 4482 2460 4543 facti
2507 4502 2696 4563 super
2727 4484 3087 4564 aequalitate
3119 4483 3272 4543 inter

659 4590 915 4651 Sanctae
942 4589 1255 4648 Romanae
1275 4588 1576 4650 Ecclesiae
1597 4590 1935 4651 cardinales
1954 4591 2248 4652 servanda
2271 4591 2330 4650 in
2353 4589 2712 4652 honorificis
2733 4590 3265 4672 appellationibus,

658 4717 767 4758 seu
816 4694 1006 4756 titulis
1052 4714 1271 4755 eorum
1321 4695 1567 4757 cuilibet
1610 4697 2032 4775 attribuendiS,
2082 4715 2138 4757 et
2185 4717 2372 4778 super
2418 4698 2830 4779 expunctione
2862 4699 3273 4773 Coronarum,

657 4804 1048 4883 aliarumque
1084 4817 1369 4863 notarum
1404 4804 1813 4865 saecularium
1846 4826 1879 4865 a
1911 4804 2222 4883 gentilitiis
2269 4805 2632 4866 eorumdem
2665 4804 3089 4866 Cardinalium
3122 4802 3271 4865 insi-

657 4910 834 4988 gniis,
887 4909 1118 4988 sigillis,
1174 4930 1282 4970 seu
1337 4910 1539 4985 armis,
1584 4913 1699 4971 sub
1747 4912 1957 4971 datum
1996 4912 2233 4972 Romae
2280 4911 2446 4991 apud
2492 4912 2787 4973 Sanctum
2824 4912 3070 4972 Petrum
3105 4931 3270 4972 anno
