3684 5416
506 1565 555 1596 to

505 2097 551 2142 ι5

501 2633 554 2665 20

494 3170 544 3214 25

494 3828 547 3872 30

490 4361 542 4406 35

489 4896 546 4936 40

623 347 714 383 112
1240 332 1503 387 Potestas
1543 330 1921 388 ecclesiastica
1962 346 2019 388 et
2056 332 2360 405 imperium
2399 333 2573 389 civile.

1002 551 1062 606 a)
1121 543 1347 615 Epist.
1387 543 1659 599 CXLVII.
1698 542 2360 614 [Jaffe'·1Vattenbach
2399 563 2449 598 n.
2484 562 2590 617 523
2635 549 2829 618 (300)].

976 673 1128 734 Leo
1176 674 1494 735 Iuliano
1542 675 1931 757 episcopo
1980 690 2050 736 et
2097 675 2334 736 Aetio
2381 678 2867 758 presbyter0.

824 799 975 880 Cap.
1009 797 1048 859 1.
1127 796 1428 874 Quamvis
1479 798 1721 860 dudum
1767 799 1992 861 litteras
2039 815 2178 861 tuae
2230 799 2567 862 dilectionis
2617 802 2970 883 acceperim,
3026 804 3218 866 miror

609 922 813 966 tamen
843 924 981 967 eam
1012 906 1380 967 rescribendi
1412 907 1954 989 opportunitatem,
1987 927 2110 988 qua
2143 906 2323 969 frater
2341 907 2666 970 Anatolius
2698 909 3035 970 necessarie
3068 930 3223 972 usus

609 1027 716 1089 est,
751 1012 993 1073 silentio
1027 1012 1417 1095 praeteriisse,
1451 1032 1596 1074 cum
1627 1032 1741 1095 pro
1775 1014 2009 1076 ratione
2041 1015 2334 1096 temporis
2365 1031 2548 1095 atque
2571 1034 2894 1077 causarum
2914 1016 3215 1078 crebriora

610 1135 884 1200 oporteat
932 1139 1064 1181 esse
1109 1119 1438 1199 colloquia.
1503 1120 1638 1200 Ego
1684 1140 1828 1181 sane
1876 1120 2165 1202 praedicti
2211 1121 2406 1183 fratris
2453 1122 2661 1184 litteris
2706 1122 2783 1183 de
2830 1122 2925 1183 his
2958 1123 3221 1205 plenius,

609 1246 768 1307 quae
814 1226 979 1308 apud
1012 1226 1442 1288 Alexandriam
1489 1226 1788 1287 haeretica
1835 1227 2141 1289 temeritas
2171 1229 2371 1309 gessit,
2404 1229 2678 1308 edoctus,
2712 1229 2789 1292 ad
2822 1229 3215 1293 clementissi·

609 1353 784 1394 mum
832 1332 1167 1416 principem
1215 1333 1440 1415 scripsi,
1487 1350 1543 1394 et
1577 1353 1688 1415 pro
1722 1350 1878 1395 statu
1915 1335 2231 1412 Ecclesiae,
2262 1334 2419 1396 sicut
2450 1351 2576 1396 erat
2609 1337 3037 1412 necessarium,
3068 1358 3215 1420 sup-

609 1439 843 1522 plicavi,
879 1455 946 1501 ut
979 1443 1159 1501 rebus
1191 1439 1455 1500 nimium
1489 1442 1855 1521 perturbatis
1888 1442 2162 1502 studium
2194 1462 2340 1503 suae
2375 1443 2611 1522 pietatis
2645 1443 2979 1525 impendat.
3029 1444 3215 1507 Unde

608 1547 761 1608 sicut
795 1546 1039 1607 fratrem
1070 1562 1129 1607 et
1161 1546 1597 1627 coepiscopum
1631 1562 1917 1608 nostrum
1950 1547 2307 1609 Anatolium
2340 1549 2692 1611 cohortatus
2722 1570 2884 1630 sum,
2919 1552 3000 1613 ita
3031 1551 3213 1613 etiam

608 1653 1001 1715 dilectionem
1046 1669 1216 1714 tuam
1261 1653 1593 1715 admonere
1640 1673 1768 1714 non
1815 1654 2055 1730 desino,
2106 1670 2172 1717 ut
2212 1655 2671 1717 clementissimi
2708 1656 2995 1740 principis
3027 1658 3216 1720 fidem

608 1761 855 1842 quantis
888 1775 1314 1843 opportunum
1346 1759 1523 1821 fuerit
1557 1761 1839 1842 precibus
1872 1760 2170 1836 ambiatis,
2202 1780 2392 1842 quem
2417 1782 2529 1843 pro
2553 1761 2860 1843 religionis
2880 1764 3217 1826 catholicae

610 1869 1007 1930 munimento
1052 1883 1269 1950 sponte
1302 1867 1422 1945 jam
1456 1867 1757 1948 quaedam
1795 1867 2159 1949 praestitisse
2193 1869 2633 1949 cognovimus;
2687 1886 2756 1931 ut
2789 1889 2917 1930 non
2952 1870 3217 1932 difficilis

608 1976 771 2057 apud
806 1995 951 2037 eum
982 1975 1056 2037 sit
1086 1975 1262 2051 actio,
1295 1973 1470 2052 cujus
1502 1974 1837 2035 voluntaria
1874 1975 2285 2036 sollicitudine
2320 1975 2768 2056 praevenimur.

822 2083 972 2164 Cap.
995 2081 1058 2142 11.
1098 2081 1289 2158 Quod
1323 2101 1470 2162 ergo
1503 2081 1568 2142 in
1601 2101 1782 2142 causa
1815 2080 1958 2142 fidei
1994 2081 2322 2163 principale
2356 2098 2462 2156 est,
2498 2082 2957 2144 incessabilibus
2989 2104 3215 2163 sugge-

608 2190 913 2251 stionibus
959 2189 1248 2267 obtinete,
1296 2205 1364 2250 ut
1407 2204 1648 2249 sanctae
1697 2189 1922 2270 synodi
1956 2187 2483 2250 Chalcedonensis
2528 2204 2748 2251 statuta
2782 2190 2967 2251 nullis
3001 2191 3211 2252 haere-

607 2297 871 2358 ticorum
916 2297 1240 2378 pulsentur
1284 2295 1542 2372 insidiis,
1591 2314 1794 2375 neque
1840 2294 2016 2356 liceat
2048 2296 2394 2377 quidquam
2428 2297 2503 2357 de
2537 2296 2637 2359 illa
2670 2297 3030 2361 definitione
3061 2319 3215 2361 con-

608 2404 767 2480 velli,
819 2422 1008 2484 quam
1059 2424 1132 2464 ex
1177 2402 1574 2484 inspiratione
1622 2402 1827 2462 divina
1875 2422 2002 2463 non
2050 2402 2311 2464 dubium
2346 2419 2432 2464 est
2466 2424 2574 2486 per
2606 2404 2817 2466 omnia
2851 2405 3217 2486 evangelicis

607 2527 789 2591 atque
822 2509 1173 2593 apostolicis
1206 2528 1544 2570 consonare
1577 2508 1891 2570 doctriniS.
1926 2508 2096 2570 Tum
2134 2509 2283 2570 illud
2318 2510 2491 2571 omni
2512 2510 2860 2572 assiduitate
2882 2512 3215 2593 deposcite,

608 2634 675 2678 ut
708 2618 1154 2679 Alexandrinae
1186 2616 1486 2677 Ecclesiae
1519 2632 1711 2677 status
1744 2616 1808 2676 in
1840 2616 2126 2696 antiquae
2163 2616 2303 2678 fidei
2337 2616 2693 2696 libertatem,
2740 2619 2993 2681 refutata
3025 2635 3210 2701 atque

608 2726 863 2806 depulsa
895 2726 1340 2786 haereticorum
1374 2724 1824 2801 obcaecatione,
1862 2739 2202 2801 revocetur,
2238 2745 2347 2807 per
2378 2725 2821 2787 catholicorum
2857 2727 3083 2789 scilicet
3115 2749 3213 2789 sa-

607 2833 927 2894 cerdotum
975 2831 1440 2911 providentiam,
1489 2846 1555 2891 ut
1589 2830 1651 2891 in
1683 2829 1892 2891 locum
1925 2847 2169 2892 sanctae
2203 2832 2537 2893 memoriae
2570 2832 2825 2894 Proterii
2856 2834 3210 2916 probatissi-

606 2960 748 3001 mus
782 2956 840 3001 et
872 2941 947 3000 de
981 2938 1156 3013 cujus
1191 2939 1309 2999 fide
1342 2952 1606 3019 nequeat
1638 2936 1919 3016 dubitari,
1954 2938 2357 2999 constituatur
2388 2939 2667 3007 antistes:
2715 2940 2814 3001 cui
2848 2960 2994 3002 cum
3026 2960 3204 3004 secu-

605 3048 774 3108 ritate
823 3046 1189 3108 concordiae
1234 3045 1602 3107 communio
1648 3044 1808 3105 sedis
1857 3044 2230 3125 apostolicae
2280 3048 2653 3127 praebeatur.
2715 3046 2869 3108 Satis
2902 3048 3070 3109 enim
3100 3048 3215 3109 erit

605 3154 890 3233 religioso
939 3152 1198 3234 principi
1242 3152 1607 3233 gloriosum,
1657 3152 1706 3212 si
1755 3152 2265 3234 dispositionibus
2299 3153 2492 3233 ipsius
2528 3173 2657 3215 non
2690 3154 2896 3216 solum
2930 3170 3051 3216 tota
3085 3174 3197 3216 res·

604 3261 865 3342 publica,
911 3261 1018 3321 sed
1065 3259 1245 3321 etiam
1281 3258 1394 3321 Dei
1428 3259 1694 3320 Ecclesia
1742 3258 1816 3319 sit
1866 3259 2090 3339 quieta.
2158 3260 2388 3321 Datum
2421 3261 2641 3341 quinto
2675 3261 2814 3322 idus
2843 3261 3004 3340 Julii,
3038 3262 3215 3324 Con-

601 3368 865 3430 stantino
899 3383 957 3429 et
990 3367 1158 3428 Rufo
1191 3365 1573 3428 consulibuS.
1641 3363 1698 3446 [1.
1734 3386 1782 3427 c.
1818 3365 1934 3427 col.
1984 3364 2187 3446 1116.]

1026 3545 1086 3604 b)
1139 3538 1367 3611 Epist.
1407 3539 1601 3594 CLVI.
1653 3535 2312 3607 [Jaffd-Wattenbaclae
2352 3557 2402 3592 n.
2436 3555 2545 3611 532
2587 3541 2783 3611 (309)].

1222 3681 1377 3741 Leo
1426 3679 1869 3760 episcopus
1917 3678 2168 3739 Leoni
2216 3684 2600 3756 AugustO.

813 3814 964 3896 Cap.
982 3814 1069 3876 111.
1104 3814 1291 3894 Apud
1320 3811 1897 3873 christianissimum
1927 3809 2117 3889 igitur
2137 3811 2502 3893 principem,
2524 3827 2582 3872 et
2603 3811 2759 3872 inter
2778 3810 3008 3881 Christi
3031 3832 3213 3894 prae-

600 3923 899 3984 dicatores
929 3921 1120 4002 digno
1155 3922 1391 3982 honore
1424 3918 1905 3996 numerandum,
1954 3934 2092 3979 utor
2138 3917 2471 3978 catholicae
2521 3917 2660 3979 fidei
2710 3917 3001 3995 libertate,
3044 3937 3101 3981 et
3133 3921 3210 3982 ad

600 4029 979 4091 consortium
1011 4043 1066 4088 te
1100 4025 1529 4109 apostolorum
1561 4044 1632 4086 ac
1664 4024 2110 4106 prophetarum
2142 4043 2394 4085 securus
2415 4026 2737 4086 exhortor:
2775 4038 2843 4085 ut
2862 4042 3214 4088 constanter

602 4137 901 4219 despicias
947 4156 1014 4196 ac
1047 4134 1305 4215 repellas
1337 4153 1466 4209 eos,
1515 4132 1625 4212 qui
1657 4131 1774 4213 ipsi
1809 4153 1873 4192 se
1906 4131 2239 4193 christiano
2272 4132 2528 4192 nomine
2563 4131 2902 4213 privavere;
2958 4151 3072 4193 nec
3102 4152 3210 4214 pa-

599 4244 764 4305 tiaris
794 4242 1020 4323 impios
1054 4241 1380 4323 parricidas
1400 4240 1687 4320 sacrilega
1711 4240 2105 4302 simulatione
2127 4240 2205 4301 de
2227 4239 2348 4301 fide
2368 4258 2563 4320 agere,
2584 4259 2745 4319 quos
2765 4254 3004 4301 constat
3023 4238 3210 4300 fidem

601 4350 755 4411 velle
801 4368 1078 4411 vacuare.
1137 4349 1301 4410 Cum
1351 4347 1518 4407 enim
1552 4346 1937 4407 clementiam
1973 4362 2141 4408 tuam
2180 4347 2491 4407 Dominus
2524 4361 2685 4406 tanta
2717 4347 3080 4407 sacramenti
3112 4347 3209 4408 sui

597 4456 1048 4519 illuminatione
1081 4454 1376 4531 ditaverit,
1410 4454 1598 4515 debes
1628 4453 2051 4515 incunctanter
2082 4453 2412 4531 advertere,
2447 4453 2676 4532 regiam
2710 4468 3072 4535 potestatem
3095 4453 3205 4514 tibi

601 4585 729 4628 non
775 4566 851 4626 ad
898 4564 1103 4624 solum
1147 4561 1367 4622 mundi
1415 4561 1716 4641 regimen,
1765 4561 1873 4621 sed
1922 4560 2186 4620 maxime
2220 4560 2296 4620 ad
2332 4559 2636 4620 Ecclesiae
2672 4559 3043 4641 praesidium
3079 4580 3214 4620 esse

600 4673 914 4734 collatam:
950 4685 1020 4731 ut
1051 4688 1238 4731 ausus
1271 4667 1537 4729 nefarios
1570 4667 2065 4748 comprimendO,
2099 4683 2157 4728 et
2190 4687 2350 4747 quae
2385 4670 2544 4728 bene
2578 4681 2723 4727 sunt
2754 4681 2975 4727 statuta
2995 4665 3211 4727 defen-

601 4781 727 4859 daS,
780 4794 837 4840 et
888 4796 1094 4839 veram
1145 4795 1357 4858 pacem
1409 4775 1506 4835 his
1552 4794 1711 4855 quae
1757 4789 1905 4836 sunt
1951 4776 2189 4835 turbata
2236 4774 2534 4845 restituas,
2581 4773 2952 4854 depellendo
2986 4772 3215 4834 scilicet

602 4904 955 4970 pervasores
1000 4883 1151 4961 juris
1197 4881 1400 4961 alieni,
1450 4899 1507 4943 et
1553 4882 1840 4962 antiquae
1890 4880 2031 4943 fidei
2063 4881 2273 4943 sedem
2304 4880 2748 4943 Alexandrinae
2778 4879 3081 4941 Ecclesiae
3115 4897 3215 4940 re·
