3684 5416
559 382 664 417 220
1192 363 1454 416 Potestas
1494 360 1871 415 ecclesiastica
1912 375 1967 416 et
2007 359 2310 427 imperium
2348 360 2525 414 civile.

557 565 834 608 auctores
867 546 1205 607 schismatis
1238 545 1407 604 hiatu
1440 559 1633 605 terrae
1667 546 2009 625 absorptOS,
2044 563 2393 624 eorumque
2426 563 2718 624 sequaces
2748 543 2994 606 coelesti
3025 544 3168 627 igne

558 668 985 733 consumptOS,
1019 652 1432 732 Elymumque
1466 669 1743 731 magum,
1791 651 1901 711 viis
1936 650 2189 712 Domini
2224 651 2628 722 resistentem,
2666 670 2773 731 per
2798 651 3164 732 Apostolum

556 778 799 821 aeterna
848 759 1159 820 severitate
1211 760 1574 819 damnatum
1637 757 1854 830 fuisse;
1908 758 2333 838 volentesque,
2385 777 2463 817 ne
2497 756 2560 817 in
2594 757 2865 819 districto
2897 758 3168 820 examine

555 866 746 947 ipsius
778 865 1032 927 Henrici
1065 864 1222 943 regis
1256 881 1315 925 et
1347 864 1740 924 subditorum
1762 883 2045 940 suorum,
2079 883 2240 944 quos
2258 883 2468 925 secum
2492 863 2555 924 in
2577 864 2916 943 perditione
2932 866 3170 925 trahere

480 999 496 1040 ,ε
555 974 859 1050 videmuS,
907 971 1253 1033 animarum
1303 971 1457 1031 ratio
1504 993 1536 1032 a
1587 971 1766 1032 nobis
1799 986 2178 1052 exposcatur,
2212 988 2515 1051 quantum
2546 971 2729 1032 nobis
2761 992 2832 1033 ex
2863 972 2987 1033 alto
3018 990 3170 1033 con-

459 1534 504 1562 lo

557 1081 808 1158 ceditur,
861 1080 1201 1161 providere,
1255 1095 1467 1139 contra
1519 1078 1859 1140 Henricum
1907 1097 2117 1158 regem
2165 1079 2422 1159 eiusque
2474 1079 2828 1160 complices,
2885 1080 3168 1157 fautores,

557 1190 959 1250 adhaerentes
1006 1202 1065 1246 et
1109 1205 1422 1266 sequaces,
1468 1201 1527 1246 et
1571 1184 1635 1246 in
1684 1186 2033 1267 praemissis
2065 1186 2544 1266 quomodolibet
2575 1185 2929 1267 culpabiles„
2962 1206 3170 1249 contra

559 1315 741 1375 quos,
791 1314 863 1354 ex
910 1313 985 1355 eo
1035 1294 1208 1373 quod
1243 1311 1525 1353 excessus
1558 1307 1616 1351 et
1651 1293 1870 1354 delicta
1905 1294 2208 1373 praedicta
2241 1294 2398 1354 adeo
2431 1292 2754 1354 manifesta
2788 1309 2934 1355 sunt
2965 1311 3024 1355 et
3056 1313 3169 1355 no-

559 1403 734 1475 toria,
781 1417 850 1462 ut
885 1400 1052 1461 nulla
1088 1400 1324 1480 possint
1356 1399 1853 1478 tergiversatione
1887 1401 2085 1478 celari,
2120 1405 2351 1482 absque
2388 1402 2662 1464 ulteriori
2698 1421 2890 1479 mora,
2924 1403 3001 1464 ad
3034 1422 3172 1463 exe-

561 1510 878 1570 cutionem
926 1507 1257 1589 procedere
1307 1526 1650 1586 possemus,
1698 1508 2030 1586 benignius
2078 1511 2340 1589 agend0,
2375 1509 2760 1570 decrevimus
2792 1508 3173 1590 infrascripto

562 1616 754 1676 modo
790 1615 1135 1694 procedere.

777 1729 805 1790 s
857 1742 918 1799 4.
1002 1720 1220 1780 Habita
1286 1720 1486 1799 itaque
1538 1740 1723 1801 super
1775 1719 1869 1780 his
1920 1740 2062 1781 cum
2116 1722 2574 1784 venerabilibus
2627 1722 2910 1783 fratribus
2955 1724 3177 1785 nostris

563 1844 805 1889 sanctae
840 1830 1159 1888 Romanae
1183 1827 1484 1888 Ecclesiae
1517 1827 1929 1888 cardinalibus
1962 1829 2403 1891 deliberatione
2436 1845 2690 1905 matura,
2725 1845 2783 1890 et
2817 1832 2892 1890 de
2925 1830 3175 1892 illorum

564 1935 819 1996 consilio
852 1950 911 1995 et
943 1953 1218 2010 assensu,
1254 1934 1597 2013 praefatum
1631 1933 1974 1996 Henricum
2007 1953 2214 2014 regem
2236 1935 2492 2015 eiusque
2514 1935 2865 2016 complices,
2889 1939 3171 2014 fautores,

485 2069 501 2092 =
563 2043 980 2116 adhaerentes,
1033 2041 1421 2102 consultores
1471 2057 1528 2100 et
1578 2060 1890 2120 sequaces,
1942 2061 2012 2102 ac
2063 2060 2499 2122 quoscumque
2547 2043 2699 2104 alios
2732 2043 2796 2103 in
2830 2045 3175 2124 praemissis

564 2169 671 2211 seu
706 2168 924 2211 eorum
959 2148 1167 2227 aliquo
1201 2149 1662 2226 quoquomodo
1695 2148 2050 2228 culpabiles,
2086 2164 2210 2209 tam
2243 2150 2429 2210 laicos
2463 2169 2646 2229 quam
2691 2150 2960 2228 clericos,
2994 2152 3173 2212 etiam

565 2257 892 2334 regulares,
928 2255 1380 2335 cuiuscumque
1417 2254 1749 2335 dignitatis,
1785 2271 1994 2324 status,
2028 2257 2277 2335 gradus,
2312 2256 2565 2332 ordinis,
2585 2257 2979 2332 conditionis,
3004 2277 3174 2338 prae-

565 2362 930 2425 eminentiae
976 2378 1033 2423 et
1079 2361 1465 2423 excellentiae
1500 2361 1756 2422 existant
1789 2363 2084 2442 (quorum
2119 2363 2372 2424 nomina
2406 2379 2464 2424 et
2496 2364 2891 2443 cognomina,
2925 2365 3177 2446 perinde

565 2490 632 2531 ac
679 2470 728 2530 si
776 2469 1201 2550 praesentibus
1247 2469 1681 2546 insererentur,
1719 2489 1831 2550 pro
1865 2469 2238 2531 sufficienter
2271 2470 2568 2551 expressis
2602 2471 2813 2531 haberi
2847 2472 3176 2548 volumus),

568 2598 674 2658 per
725 2577 950 2637 viscera
998 2575 1448 2636 misericordiae
1497 2576 1613 2637 Dei
1659 2576 1872 2654 nostri,
1922 2577 2245 2638 hortamur
2290 2593 2347 2637 et
2391 2578 2768 2657 requirimus
2801 2578 2864 2639 in
2902 2578 3174 2640 Domino

568 2700 871 2766 quatenus
919 2682 1226 2745 Henricus
1273 2702 1375 2744 rex
1421 2704 1455 2744 a
1502 2683 1819 2765 praedictis
1851 2684 2164 2746 erroribus
2197 2703 2448 2765 prorsus
2480 2684 2807 2755 abstineat;
2857 2701 2916 2747 et
2949 2686 3174 2748 consti-

567 2793 841 2853 tutiones
887 2811 998 2852 seu
1046 2791 1212 2870 leges
1261 2790 1620 2871 praedictas,
1655 2790 1811 2851 sicut
1845 2792 1922 2851 de
1956 2790 2113 2851 facto
2146 2810 2247 2852 eas
2280 2789 2435 2869 fecit,
2467 2807 2726 2867 revocet,
2758 2810 2950 2854 casset
2980 2809 3038 2854 et
3069 2814 3175 2854 an-

570 2900 798 2974 nullet;
837 2915 894 2960 et
928 2899 1247 2960 coactione
1280 2899 1675 2960 subditorum
1711 2917 1973 2959 suorum
2006 2899 2083 2959 ad
2116 2919 2217 2959 eas
2249 2901 2595 2977 servandas,
2632 2918 2879 2961 necnon
2912 2918 3174 2961 carcera-

568 3008 759 3081 tione,
809 3021 1057 3086 captura
1104 3020 1162 3064 et
1208 3004 1532 3084 punitione
1581 3004 1852 3081 illorum,
1901 3005 2011 3084 qui
2042 3005 2186 3085 ipsis
2219 3006 2765 3067 constitutionibus
2795 3026 2907 3068 seu
2939 3006 3178 3088 legibus

461 3143 508 3184 ’.χε
568 3114 898 3174 adhaerere
944 3128 1048 3172 aut
1093 3130 1192 3171 eas
1239 3129 1476 3171 servare
1512 3110 1846 3187 noluerint,
1880 3127 1939 3171 et
1971 3112 2046 3171 ab
2079 3111 2209 3172 aliis
2241 3113 2553 3174 erroribus
2586 3112 2904 3194 praedictis
2936 3113 3177 3193 penitus

569 3237 625 3280 et
660 3220 926 3281 omnino
973 3218 1302 3289 abstineat3
1358 3233 1416 3277 et
1447 3217 1498 3278 si
1532 3237 1714 3297 quos,
1751 3219 2232 3297 praemissorum
2267 3220 2608 3291 occasione,
2644 3219 2914 3299 captivos
2947 3221 3177 3293 habeat,

569 3326 808 3389 relaxet.

783 3443 812 3502 S
853 3455 905 3512 5.
972 3431 1328 3512 Complices
1377 3450 1542 3507 vero,
1595 3431 1887 3508 fautores,
1922 3435 2342 3510 adhaerentes,
2376 3436 2765 3497 consultores
2796 3449 2854 3494 et
2887 3452 3180 3513 sequaces

568 3542 709 3602 dicti
748 3540 996 3601 l-lenrici
1043 3540 1201 3619 regis
1248 3540 1310 3601 in
1360 3541 1706 3621 praemissis
1751 3558 1809 3602 et
1857 3544 2013 3604 circa
2046 3564 2116 3604 ea
2149 3544 2260 3624 ipsi
2298 3543 2567 3603 l-lenrico
2600 3542 2725 3621 regi
2757 3561 2946 3623 super
2977 3542 3071 3602 his
3103 3541 3177 3602 de

569 3664 772 3710 cetero
816 3667 946 3709 non
981 3648 1272 3708 adsistant
1304 3667 1417 3708 nec
1448 3648 1817 3710 adhaereant
1851 3650 1946 3710 vel
1978 3649 2236 3725 faveant,
2271 3669 2385 3710 nec
2421 3649 2474 3709 ei
2508 3649 2854 3721 consilium,
2886 3647 3178 3709 auxilium

570 3757 662 3816 vel
697 3755 967 3816 favorem
1003 3757 1270 3836 desuper
1302 3771 1626 3836 praestent.

780 3857 812 3942 ξ
849 3864 907 3924 6.
974 3862 1140 3922 Alias
1170 3856 1234 3922 'si
1286 3861 1590 3923 Henricus
1636 3882 1736 3923 rex
1784 3884 1853 3924 ac
1901 3864 2186 3939 fautores,
2232 3865 2657 3937 adhaerentes,
2707 3861 3092 3924 consultores
3123 3876 3181 3921 et

568 3990 860 4051 sequaces
908 3969 1359 4030 hortationibus
1406 3985 1463 4029 et
1511 3969 2023 4049 requisitionibus
2069 3970 2429 4031 huiusmodi
2476 3990 2603 4031 non
2651 3969 3003 4045 annuerint,
3037 3985 3177 4029 cum

570 4080 810 4153 ellectu,
847 4078 1193 4138 Henricum
1225 4096 1456 4155 regem,
1492 4076 1777 4155 fautores,
1810 4078 2229 4153 adhaerentes,
2283 4078 2668 4139 consultores
2701 4092 2758 4136 et
2789 4094 3081 4155 sequaces
3112 4092 3180 4134 ac

473 4210 508 4251 ἐξ
570 4186 723 4247 alios
756 4183 1092 4265 culpabiles
1126 4184 1482 4265 praedictos,
1516 4184 1872 4245 auctoritate
1903 4184 2257 4265 apostolica,
2292 4204 2361 4244 ac
2394 4204 2470 4245 ex
2501 4200 2659 4246 certa
2694 4200 2901 4244 nostra
2932 4180 3181 4242 scientia

467 4746 514 4777 ⁴0

571 4310 625 4353 et
660 4294 735 4353 de
768 4291 1135 4372 apostolicae
1172 4291 1480 4371 potestatis
1503 4291 1907 4370 plenitudine,
1926 4306 2140 4354 tenore
2163 4292 2597 4373 praesentium,
2619 4291 2679 4352 in
2704 4290 2919 4351 virtute
2941 4303 3181 4349 sanctae

571 4398 970 4473 obedientiae,
1021 4418 1088 4458 ac
1140 4401 1256 4459 sub
1308 4397 1559 4458 maioris
1613 4398 2271 4460 excommunicationis
2325 4398 2480 4459 latae
2534 4397 2887 4473 sententiae,
2951 4415 2984 4455 a
3034 4414 3178 4475 qua,

570 4505 752 4566 etiam
788 4520 1098 4585 praetextu
1133 4504 1586 4583 cuiuscumque
1622 4504 1918 4584 privilegii
1953 4505 2049 4565 vel
2084 4504 2379 4565 facultatis
2413 4504 2592 4565 etiam
2627 4503 2690 4564 in
2727 4503 2922 4564 forma
2942 4499 3183 4562 confes·

570 4612 838 4687 sionalis,
883 4630 1028 4672 cum
1077 4611 1580 4691 quibuscumque
1629 4609 2064 4671 efficacissimis
2113 4610 2401 4671 clausulis
2434 4631 2468 4671 a
2502 4609 2681 4671 nobis
2713 4626 2770 4669 et
2803 4609 2961 4671 Sede
3009 4627 3180 4689 prae-

571 4721 729 4781 dicta
781 4719 1258 4799 quomodolibet
1307 4718 1636 4791 concessis,
1688 4734 1743 4779 et
1796 4718 1976 4779 etiarn
2026 4718 2249 4778 iteratis
2300 4716 2536 4778 vicibus
2581 4716 2907 4794 innovatis,
2954 4718 3029 4777 ab
3061 4714 3182 4775 alio

571 4846 762 4907 quam
808 4847 841 4886 a
877 4827 1166 4886 Romano
1199 4823 1515 4901 pontifice,
1566 4839 1995 4905 praeterquam
2046 4825 2111 4884 in
2159 4824 2375 4885 mortis
2423 4824 2680 4885 articulo
2727 4812 3034 4884 constituti
3082 4821 3181 4897 (ita

570 4951 794 5007 tamen,
849 4935 1020 5013 quod
1071 4933 1122 4993 si
1173 4933 1439 5013 aliquem
1490 4932 1723 4995 absolvi
1777 4932 2112 5012 contingat,
2175 4932 2281 5012 qui
2333 4932 2731 5012 postmodum
2785 4928 3179 5003 convaluerit,
