3684 5416
583 1560 629 1589 10

583 2093 625 2135 ι5

578 2629 630 2661 20

579 3162 629 3205 25

581 3697 632 3739 30

685 368 789 422 280
1311 368 1574 423 Potestas
1614 365 1992 422 ecclesiastica
2033 379 2090 421 et
2128 365 2439 437 imperium
2479 365 2653 420 civile.

895 552 1033 630 (ΙΙΙ.)
1083 550 1376 633 Cumque
1410 570 1764 635 temporum
1799 550 2075 613 conditio
2108 550 2365 612 minime
2400 566 2706 632 pateretur
2738 550 2998 632 inclytae
3031 548 3287 610 nationis

683 659 1086 722 Germanicae
1121 660 1419 722 Ecclesias
1465 662 1539 721 ad
1592 659 1982 741 splendidum
2030 657 2356 738 antiquum
2402 674 2626 719 statum
2659 658 2926 738 aspicere
2961 672 3286 734 revocatas,

683 787 868 828 omne
916 768 1191 829 studium
1238 768 1745 848 diligentiamque
1793 765 2213 842 adhibuimuS,
2244 781 2314 825 ut
2345 764 2526 824 tantis
2560 765 2736 825 malis
2767 785 2835 825 ea
2870 764 3083 825 saltem
3119 783 3287 845 para-

685 893 889 934 remus
921 875 1207 947 remedia‚
1244 895 1402 955 quae
1435 875 1512 936 ad
1545 872 2031 937 conservandam
2065 871 2182 932 illis
2216 871 2277 932 in
2298 870 2658 949 regionibus
2680 871 3065 932 Catholicam
3090 871 3291 943 fidem,

684 997 740 1041 et
773 982 846 1041 ad
883 981 1233 1044 animarum
1267 982 1495 1044 Christi
1529 981 1803 1043 fidelium
1837 978 2097 1039 salutem
2131 979 2584 1059 procurandam
2618 979 2892 1060 inprimis
2938 978 3289 1053 necessaria,

682 1104 740 1147 et
771 1106 1126 1168 opportuna
1162 1110 1292 1150 esse
1327 1089 1698 1150 viderentur.

896 1194 1032 1274 (IV.)
1097 1195 1301 1273 Hujus
1334 1197 1506 1257 modi
1538 1212 1745 1258 autem
1779 1197 1941 1257 votis
1973 1196 2215 1258 Nostris
2252 1196 2502 1257 mirifice
2535 1196 2980 1257 obsecundavit
3011 1196 3294 1256 laudatus

683 1301 1098 1363 Borussorum
1137 1304 1284 1378 Rex,
1335 1302 1513 1380 cujus
1564 1323 1934 1385 propensam
1980 1305 2323 1364 admodum
2376 1303 2745 1372 invenimus,
2795 1319 2854 1364 et
2883 1318 3056 1382 grato
3087 1301 3295 1363 animo

684 1410 1121 1490 prosequimur
1167 1412 1550 1472 voluntatem
1598 1411 1661 1471 in
1694 1409 2053 1473 Catholicos
2087 1431 2317 1493 magno
2351 1430 2615 1471 numero
2646 1409 2759 1470 sibi
2792 1409 3089 1481 subditos
3122 1428 3294 1489 prae-

683 1515 891 1577 sertim
939 1537 1010 1577 ex
1058 1518 1110 1577 ei
1156 1518 1438 1578 attributa
1472 1518 1687 1597 grandi
1724 1533 1891 1599 parte
1926 1517 2387 1579 provinciarum
2420 1519 2497 1579 ad
2536 1519 2846 1593 Rhenum,
2879 1516 2956 1577 ita
2991 1532 3056 1577 ut
3087 1515 3292 1577 omnia

683 1622 931 1683 tandem
965 1622 1164 1684 fausto
1199 1623 1480 1704 felicique
1514 1624 1677 1685 exitu
1712 1643 2109 1705 componere,
2144 1645 2212 1686 ac
2247 1644 2358 1705 pro
2392 1626 2706 1686 Locorum
2740 1623 3064 1704 positione,
3113 1639 3296 1703 atque

685 1728 1031 1790 lncolarum
1078 1732 1515 1793 commoditate
1565 1752 1802 1795 novum
1851 1734 1914 1793 in
1962 1734 2288 1794 Borussiae
2338 1735 2555 1813 Regno
2592 1732 3000 1794 Ecclesiarum
3033 1731 3295 1810 Statum,

684 1850 741 1894 et
776 1835 1168 1927 Dioecesium
1215 1838 1438 1900 limites
1486 1859 1655 1900 nunc
1687 1839 2079 1915 constituere,
2112 1839 2507 1919 singulasque
2542 1839 2762 1899 deinde
2795 1837 3003 1914 Sedes,
3053 1836 3157 1896 ubi
3188 1836 3297 1897 de-

687 1942 907 2019 ficiant,
943 1945 1226 2026 propriiS,
1257 1948 1475 2027 dignis,
1511 1964 1570 2008 et
1602 1947 1839 2008 idoneis
1874 1946 2227 2007 pastoribus
2262 1947 2491 2006 donare
2527 1946 2855 2006 valeamus,

900 2050 1014 2130 (V.)
1080 2053 1199 2114 Pro
1245 2055 1542 2134 expressis
1588 2054 1788 2135 igitur,
1839 2075 1908 2115 ac
1942 2054 2017 2114 de
2054 2054 2258 2114 Verbo
2291 2054 2367 2113 ad
2404 2053 2679 2114 Verbum
2713 2052 2950 2113 insertis
2983 2052 3299 2125 habentes,

685 2158 977 2219 omnibus
1023 2160 1110 2231 iis,
1157 2181 1314 2242 quae
1361 2162 1691 2243 respiciunt
1737 2162 1893 2222 infra
1942 2160 2252 2235 dicendas,
2288 2160 2384 2221 vel
2419 2159 2851 2235 Ecclesiarum,
2885 2174 2944 2219 et
2976 2156 3299 2239 Capitulo·

685 2284 843 2344 rum,
875 2286 1220 2348 eorumque
1256 2269 1658 2349 peculiarium
1692 2269 2067 2330 anteriorum
2102 2266 2351 2345 jurium,
2391 2287 2459 2327 ac
2500 2266 3055 2346 praerogativarum
3102 2264 3298 2325 extin-

686 2372 972 2450 ctionem,
1006 2389 1111 2434 aut
1132 2376 1627 2437 immutationem
1648 2396 1757 2437 seu
1779 2375 2295 2437 reordinationem
2317 2395 2386 2434 ac
2405 2374 2881 2455 respectivarum
2903 2372 3295 2434 Dioecesium

685 2482 1310 2559 dismembrationem,
1357 2504 1467 2544 seu
1517 2504 1743 2545 novam
1792 2483 2284 2565 applicationem,
2333 2501 2607 2542 necnon
2641 2478 3090 2560 cujuscumque
3125 2498 3299 2560 prae-

686 2582 951 2651 cedentis
985 2589 1131 2667 juris
1163 2591 1597 2671 metropolitici
1629 2592 2142 2667 annullationem,
2175 2604 2232 2649 et
2268 2589 2518 2668 insuper
2546 2605 3092 2667 quorumcumque
3114 2585 3301 2647 inter-

684 2719 815 2759 esse
863 2699 1222 2761 habentium
1273 2699 1606 2761 consensui
1657 2698 1926 2780 plenarie
1973 2697 2328 2779 supplentes
2361 2716 2434 2756 ex
2468 2712 2627 2757 certa
2660 2694 2930 2771 scientia,
2966 2712 3023 2756 et
3054 2711 3296 2755 matura

685 2806 1123 2868 deliberatione
1156 2806 1415 2886 Nostris,
1464 2808 1665 2887 deque
1701 2807 2090 2889 Apostolicae
2138 2804 2449 2887 potestatis
2498 2804 2896 2885 plenitudine,
2947 2804 3185 2884 praevia
3218 2823 3292 2863 ex

686 2934 854 2976 nunc
886 2916 1244 2975 omnimoda
1279 2914 1742 2997 suppressione,
1774 2913 2163 2989 extinctione,
2198 2928 2256 2972 et
2289 2912 2711 2973 annullatione
2746 2910 3011 2971 vacantis
3046 2909 3303 2992 Episco-

687 3023 838 3105 palis
871 3023 1047 3084 Sedis
1083 3024 1616 3104 Aquisgranensis,
1662 3042 1808 3084 cum
1854 3022 2015 3083 illius
2047 3021 2397 3083 Cathedrali
2434 3019 2723 3101 Capitulo
2770 3021 2846 3080 ad
2891 3034 3118 3080 statum
3150 3017 3299 3077 sim-

689 3131 856 3213 plicis
888 3130 1259 3211 Collegiatae
1307 3149 1371 3192 ut
1417 3132 1573 3192 infra
1620 3131 1993 3202 reducend0‚
2038 3145 2220 3209 atque
2267 3128 2513 3190 alterius
2562 3128 2934 3209 Episcopalis
2967 3126 3293 3198 Ecclesiae,

691 3254 751 3299 et
782 3237 1049 3317 Capituli
1083 3238 1465 3299 Cathedralis
1497 3237 1912 3316 CorbejensiS,
1961 3257 2074 3298 nec
2123 3255 2252 3298 non
2305 3235 2664 3297 Monasterii
2717 3235 3011 3296 Abbatiae
3059 3253 3305 3295 nuncu—

692 3344 811 3424 pati
845 3344 1283 3423 Neocellensis,
1338 3346 1525 3424 vulgo
1572 3343 1931 3419 Neuenzell,
1981 3363 2051 3404 ex
2104 3361 2277 3403 nunc
2318 3341 2632 3421 intemque
2669 3340 2915 3402 alterius
2951 3340 3303 3403 Monasterii

689 3453 984 3515 Abbatiae
1033 3453 1253 3533 pariter
1297 3453 1635 3534 nuncupati
1674 3451 1981 3514 Olivensis
2027 3471 2099 3511 ex
2132 3469 2302 3510 nunc
2337 3468 2450 3530 pro
2486 3463 2652 3522 tunc,
2690 3450 2942 3528 quando
2978 3449 3198 3509 scilicet
3231 3468 3304 3509 ex

691 3579 952 3642 persona
986 3559 1364 3621 Venerabilis
1397 3558 1616 3619 Fratris
1647 3557 1895 3639 Josephi
1945 3558 2021 3617 de
2070 3555 2541 3618 Hohenzollern
2576 3553 2863 3635 Episcopi
2897 3553 3305 3615 Warmiensis

689 3669 975 3731 moderni
1010 3667 1261 3728 Abbatis
1294 3666 1603 3728 Olivensis
1636 3666 2237 3745 quomodocumque
2269 3663 2596 3736 vacaverim
2653 3678 2718 3722 ut
2752 3661 3109 3723 communia
3143 3681 3305 3741 quo-

691 3798 810 3858 que
846 3776 1303 3837 Germanorum
1349 3791 1485 3835 vota
1523 3773 1727 3854 Regiis
1774 3773 1957 3834 etiam
2003 3788 2176 3834 aucta
2226 3770 2872 3832 commendationibus
2917 3770 3184 3849 benigno
3217 3770 3303 3829 fa-

691 3903 836 3944 vore
871 3902 1340 3964 prosequamur,
1373 3883 1446 3942 ad
1470 3880 1932 3962 Omnipotentis
1962 3880 2075 3941 Dei
2108 3878 2392 3959 gloriam,
2430 3892 2488 3937 et
2520 3878 2596 3937 ad
2631 3878 2942 3939 honorem
2962 3878 3128 3938 Beati
3150 3877 3304 3937 Petri

695 3989 1137 4070 Apostolorum
1175 3987 1470 4068 Principis
1503 3986 1952 4047 Coloniensem
1986 3984 2349 4058 Ecclesiam,
2386 3981 2508 4059 jam
2543 3997 2719 4043 antea
2753 3982 2907 4043 inter
2938 3981 3304 4044 Germaniae

695 4098 882 4158 Sedes
916 4097 1070 4157 nulli
1105 4095 1455 4175 antiquitate
1489 4114 1556 4154 ac
1592 4092 1920 4173 splendore
1943 4090 2298 4164 secundam,
2331 4091 2446 4148 sub
2470 4087 2860 4150 Invocatione
2883 4088 3109 4148 laudati
3130 4087 3301 4147 Prin-

696 4204 843 4284 cipis
877 4205 1324 4286 Apostolorum
1371 4203 1444 4262 ad
1484 4198 1994 4279 Metropolitanae
2027 4197 2335 4257 Ecclesiae
2383 4196 2649 4275 gradum
2696 4194 3091 4270 restituimuS,
3139 4192 3305 4252 acin

695 4312 798 4371 illo
851 4326 1148 4392 perpetuo
1200 4308 1690 4371 constituendam
1743 4326 1875 4367 esse
1941 4305 2348 4379 decernimuS,
2415 4304 2744 4382 eidemque
2797 4301 3303 4383 Metropolitanae

697 4421 1124 4498 Suffraganeas
1171 4418 1554 4498 assignamus
1601 4416 1995 4497 Episcopales
2045 4413 2339 4475 Ecclesias
2370 4412 2824 4487 Trevireusem,
2861 4409 3302 4472 Monasterien-

697 4546 846 4602 sem,
878 4542 1058 4605 atque
1095 4526 1677 4585 paderbornensem.

908 4631 1044 4707 (Vl.)
1114 4630 1540 4710 Episcopalem
1587 4628 1807 4710 pariter
1851 4628 2187 4688 Ecclesiam
2243 4626 2723 4689 Posnaniensem
2762 4627 2876 4685 sub
2910 4624 3301 4685 Invocatione

695 4741 1063 4801 Sanctorum
1114 4737 1270 4798 Petri
1323 4752 1380 4796 et
1432 4737 1600 4797 Pauli
1651 4737 2104 4816 Apostolorum
2151 4735 2224 4796 ad
2275 4735 2448 4795 Sedis
2499 4732 3008 4814 Metropolitanae
3041 4732 3301 4811 gradum

694 4846 1061 4924 extollimus,
1127 4864 1196 4904 ac
1248 4843 1701 4920 constituimus,
1753 4844 2162 4921 eamdemque
2216 4842 2382 4902 alteri
2435 4839 2954 4920 Archiepiscopali
3005 4838 3302 4900 Ecclesiae

694 4955 1044 5017 Gnesnensi
1097 4956 1211 5014 sub
1266 4951 1657 5013 Invocatione
1709 4951 1914 5012 Sancti
1966 4950 2280 5011 Adalberti
2330 4969 2439 5030 per
2472 4948 2903 5010 dimissionem
2936 4947 3306 5009 Venerabilis
