3684 5416
607 1542 652 1573 lO

603 2084 645 2126 ¹5

597 2618 645 2648 20

593 3152 640 3193 25

592 3687 643 3730 30

590 4219 638 4262 35

715 392 819 429 210
1342 375 1606 428 Potestas
1646 373 2023 429 ecclesiastica
2066 389 2121 429 et
2160 376 2458 446 imperium
2500 375 2672 429 civile.

926 559 1353 619 sanctissimus
1386 559 1683 620 dominus
1716 576 1924 621 noster
1954 560 2247 621 Nicolaus
2280 582 2433 642 papa
2468 561 2723 640 quintus
2756 577 2940 638 super
2972 556 3318 637 provisione

713 666 1107 724 ecclesiarum
1158 664 1712 745 benefitiorumque
1766 686 2296 746 quorumcunque
2349 682 2550 728 utetur
2599 665 3112 727 reservationibus
3174 662 3319 723 iuris

711 771 912 850 scripti
945 787 1002 831 et
1025 771 1563 832 constitutionibus
1584 774 1977 845 ‚execrabilis‘
2000 789 2057 833 et
2080 775 2175 846 ‚ad
2198 774 2491 853 regimen‘
2513 772 2899 848 modificatis,
2924 786 2992 831 ut
3013 770 3314 850 sequitur:

927 876 1006 957 [ι]
1062 880 1159 938 Ad
1210 879 1482 958 regimen
1531 878 1781 940 ecclesie
1827 881 2126 958 generalis
2160 899 2543 961 quamquam
2578 878 2862 939 immeriti
2896 897 3164 959 superna
3195 876 3315 937 dis-

710 986 1015 1065 positione
1049 986 1245 1046 vocati
1277 986 1549 1066 gerimus
1583 987 1642 1046 in
1681 987 1907 1047 nostris
1940 987 2271 1064 desideriis,
2309 1003 2373 1047 ut
2406 988 2724 1060 debemus,
2759 987 2930 1065 quod
2965 1004 3075 1066 per
3115 1000 3315 1044 nostre

709 1091 1016 1172 diligentie
1061 1092 1332 1152 studium
1382 1094 1458 1152 ad
1506 1092 1919 1172 quarumlibet
1951 1094 2346 1154 ecclesiarum
2379 1110 2436 1154 et
2469 1093 2990 1153 monasteriorum
3022 1092 3315 1172 regimina

708 1216 766 1259 et
812 1199 925 1260 alia
975 1199 1268 1259 beneficia
1315 1198 1711 1259 ecclesiastica
1762 1200 1923 1260 iuxta
1972 1200 2252 1261 divinum
2302 1201 2752 1281 beneplacitum
2787 1214 2844 1259 et
2878 1214 3087 1261 nostre
3119 1199 3314 1259 inten-

708 1307 895 1367 tionis
941 1306 1228 1367 affectum
1264 1308 1372 1367 viri
1406 1323 1799 1368 assumantur
1831 1309 2063 1387 idonei,
2112 1309 2218 1388 qui
2252 1309 2478 1388 presint
2509 1324 2567 1368 et
2601 1308 2834 1389 prosint
2866 1307 3315 1368 committendis

709 1414 794 1473 eis
841 1413 1110 1474 ecclesiis
1151 1414 1535 1474 monasteriis
1568 1430 1623 1474 et
1657 1415 1968 1475 beneficiis
2003 1415 2325 1495 prelibatis
2395 1415 2841 1476 Premissorum
2876 1415 3081 1494 itaque
3116 1415 3312 1474 consi-

708 1521 1034 1582 deracione
1080 1522 1313 1582 inducti
1360 1539 1416 1582 et
1449 1522 1852 1582 suadentibus
1886 1523 2063 1584 nobis
2097 1523 2224 1583 aliis
2256 1523 2714 1584 rationabilibus
2748 1522 2947 1583 causis
2981 1521 3310 1583 nonnullo-

708 1648 844 1689 rum
881 1630 1385 1710 predecessorum
1423 1645 1778 1690 nostrorum
1801 1631 2235 1691 Romanorum
2270 1630 2633 1711 pontificum
2671 1629 2936 1710 vestigiis
2970 1629 3313 1690 inherentes

707 1755 923 1797 omnes
971 1735 1394 1816 patriarchales
1441 1736 1991 1817 archiepiscopales
2025 1737 2399 1818 episcopales
2432 1737 2714 1798 ecclesias
2748 1736 3119 1796 monasteria
3154 1735 3309 1816 prio·

708 1858 870 1902 ratus
917 1843 1239 1923 dignitates
1287 1859 1649 1923 personatus
1697 1859 1754 1902 et
1801 1843 2000 1904 officia
2050 1862 2295 1904 necnon
2342 1843 2737 1904 canonicatus
2784 1861 2840 1902 et
2888 1844 3226 1923 prebendas
3257 1858 3313 1901 et

706 1950 987 2010 ecclesias
1034 1965 1356 2030 ceteraque
1406 1949 1696 2010 beneficia
1746 1951 2142 2011 ecclesiastica
2191 1971 2334 2010 cum
2374 1970 2516 2010 cura
2550 1949 2646 2010 vel
2677 1951 2807 2010 sine
2843 1969 2988 2009 cura
3019 1949 3310 2009 secularia

705 2073 762 2117 et
814 2058 1131 2137 regularia,
1186 2076 1564 2136 quecunque
1604 2073 1661 2116 et
1699 2056 2156 2136 qualiacunque
2199 2057 2438 2133 fuerint,
2498 2056 2730 2116 etiamsi
2782 2056 2856 2116 ad
2912 2055 3008 2115 illa
3055 2074 3311 2136 persone

704 2164 1138 2224 consueverint
1175 2183 1283 2224 seu
1337 2163 1663 2224 debuerint
1715 2183 1819 2243 per
1871 2163 2235 2223 electionem
2288 2184 2397 2224 seu
2451 2163 2732 2242 quemvis
2798 2163 2987 2223 alium
3052 2163 3309 2222 modum

703 2272 952 2348 assumi,
1005 2292 1169 2332 nunc
1225 2272 1390 2351 apud
1438 2272 1650 2330 sedem
1696 2270 2099 2350 apostolicam
2151 2288 2533 2350 quocunque
2578 2271 2769 2329 modo
2819 2269 3086 2329 vacantia
3139 2286 3197 2328 et
3247 2269 3310 2329 in

703 2397 1019 2460 posterum
1054 2393 1335 2439 vacatura
1387 2396 1632 2437 necnon
1680 2396 1788 2457 per
1847 2376 2297 2456 depositionem
2343 2396 2450 2436 seu
2498 2376 2905 2457 privationem
2951 2396 3059 2437 seu
3120 2392 3311 2435 trans·

698 2485 990 2547 lationem
1039 2505 1144 2566 per
1195 2505 1309 2546 nos
1358 2503 1469 2546 seu
1523 2484 1881 2545 auctoritate
1934 2499 2138 2545 nostra
2194 2484 2373 2543 factas
2428 2499 2485 2543 et
2538 2485 2774 2544 inantea
2828 2484 3135 2544 faciendas
3179 2485 3307 2544 ubi-

698 2593 843 2654 libet
891 2611 1201 2653 necnon
1250 2593 1324 2651 ad
1373 2611 1492 2671 que
1541 2591 1729 2670 aliqui
1779 2591 1838 2650 in
1888 2590 2221 2652 concordia
2267 2609 2374 2649 seu
2425 2590 2726 2650 discordia
2761 2590 2932 2650 electi
2965 2591 3058 2652 vel
3095 2607 3304 2670 postu-

701 2700 800 2761 lati
838 2699 1078 2776 fuerint,
1127 2718 1399 2781 quorum
1435 2696 1650 2759 electio
1684 2713 1911 2758 cassata
1946 2717 2056 2758 seu
2089 2696 2422 2778 postulatio
2456 2697 2696 2779 repulsa
2734 2696 2827 2758 vel
2861 2718 2969 2779 per
3017 2717 3126 2758 eos
3159 2698 3308 2758 facta

701 2806 1072 2867 renuntiatio
1106 2821 1162 2865 et
1194 2806 1458 2866 admissa
1491 2805 1846 2866 auctoritate
1881 2821 2084 2865 nostra
2119 2804 2375 2864 extiterit
2408 2823 2517 2863 seu
2550 2824 2822 2884 quorum
2855 2806 3191 2866 electorum
3212 2805 3307 2865 vel

702 2912 1156 2994 postulatorum
1188 2928 1246 2972 et
1278 2913 1521 2972 inantea
1555 2912 1989 2992 eligendorum
2023 2912 2114 2972 vel
2152 2913 2672 2992 postulandorum
2705 2911 3068 2972 electionem
3090 2914 3308 2973 cassari
3380 2902 3383 2904 ’

700 3041 807 3080 seu
843 3020 1318 3100 postulationem
1355 3018 1562 3101 repelli
1596 3035 1701 3080 aut
1735 3019 2253 3079 renuntiationem
2287 3020 2522 3080 admitti
2556 3038 2661 3099 per
2694 3038 2808 3078 nos
2828 3035 2933 3080 aut
2952 3021 3308 3081 auctoritate

700 3143 907 3188 nostra
941 3127 1273 3207 continget,
1307 3126 1473 3205 apud
1505 3127 1714 3186 sedem
1752 3127 2084 3207 predictam
2117 3128 2211 3187 vel
2244 3127 2385 3186 alibi
2419 3127 2795 3206 ubicunque,
2841 3142 2897 3189 et
2930 3128 3165 3188 etiam
3200 3147 3309 3209 per

698 3234 937 3294 obitum
977 3232 1390 3294 cardinalium
1422 3233 1700 3292 eiusdem
1733 3232 1983 3293 ecclesie
2019 3234 2300 3294 Romane
2332 3249 2435 3293 aut
2469 3233 2907 3295 officiariorum
2940 3234 3099 3295 dicte
3131 3233 3309 3305 sedis,

701 3341 1001 3421 quamdiu
1049 3340 1176 3419 ipsa
1224 3339 1426 3401 officia
1461 3340 1772 3400 actualiter
1803 3342 2118 3414 tenebunt,
2154 3340 2431 3400 videlicet
2463 3340 2939 3401 vicecancellarii
2971 3341 3305 3418 camerarii,

699 3463 933 3529 septem
973 3447 1377 3523 notariorum,
1424 3447 1780 3507 auditorum
1817 3448 2152 3507 litterarum
2185 3448 2699 3508 contradictarum
2733 3464 2791 3507 et
2824 3448 3143 3529 apostolici
3175 3451 3307 3529 pal-

698 3556 831 3616 lacii
879 3545 1202 3615 causarum
1250 3554 1627 3627 auditorum,
1673 3570 2114 3631 correctorum,
2163 3570 2411 3614 centum
2446 3571 2503 3613 et
2535 3555 2716 3614 unius
2749 3555 3117 3636 scriptorum
3149 3555 3304 3615 litte-

698 3681 900 3722 rarum
936 3661 1412 3741 apostolicarum
1445 3678 1501 3722 et
1537 3662 1743 3739 viginti
1780 3679 2046 3743 quatuor
2082 3662 2524 3742 poenitentiare
2557 3662 2782 3742 prefate
2805 3664 2965 3723 sedis
2987 3679 3046 3724 et
3078 3663 3306 3743 vigenti

697 3770 975 3849 quinque
1010 3768 1504 3829 abbreviatorum
1539 3787 1784 3829 necnon
1818 3789 2111 3830 verorum
2144 3769 2659 3829 commensalium
2692 3785 3049 3830 nostrorum
3072 3786 3129 3830 et
3148 3770 3304 3831 alio·

698 3895 837 3935 rum
858 3874 1067 3952 viginti
1091 3874 1366 3953 quinque
1388 3874 1894 3954 cappellanorum
1914 3876 2074 3935 sedis
2094 3875 2372 3935 eiusdem
2395 3877 2455 3936 in
2479 3876 2833 3955 ephitaphio
2857 3877 3303 3957 descriptorum

697 3996 753 4040 et
786 3982 968 4041 etiam
1002 3999 1524 4060 quorumcunque
1561 3982 1905 4059 legatorum
1937 4000 2046 4041 seu
2080 3981 2482 4043 collectorum
2515 4002 2583 4042 ac
2615 3984 2677 4042 in
2710 3984 2882 4042 terris
2906 3984 3183 4044 Romane
3206 4004 3304 4043 ec-

698 4087 872 4148 clesie
914 4105 1223 4147 rectorum
1257 4102 1314 4147 et
1347 4088 1872 4149 thesaurariorum
1907 4089 2339 4168 deputatorum
2374 4110 2482 4149 seu
2516 4090 2849 4150 missorum
2882 4091 3179 4151 hactenus
3213 4091 3304 4150 vel

698 4195 1195 4273 deputandorum
1243 4210 1346 4253 aut
1392 4194 1842 4255 mittendorum
1888 4195 2294 4275 imposterum
2334 4197 2604 4256 vacantia
2638 4211 2696 4255 et
2728 4196 2970 4256 inantea
3002 4213 3301 4265 vacatura,

698 4301 1054 4380 ubicunque
1088 4300 1282 4359 dictos
1316 4301 1546 4378 legatos
1578 4303 1669 4361 vel
1705 4301 2064 4362 collectores
2096 4321 2205 4361 seu
2241 4318 2506 4362 rectores
2538 4319 2641 4363 aut
2670 4304 3099 4379 thesaurariOS,
3133 4320 3301 4364 ante-

697 4426 884 4486 quam
919 4408 992 4466 ad
1032 4407 1380 4467 Romanam
1414 4408 1646 4467 curiam
1681 4407 1965 4468 redierint
1996 4428 2104 4468 seu
2139 4408 2435 4482 venerint,
2471 4411 2652 4468 rebus
2685 4409 2864 4470 eximi
2886 4409 3210 4488 contigerit
3228 4412 3302 4469 ab

697 4512 1002 4581 humanis,
1051 4534 1360 4574 necnon
1409 4514 1829 4594 quorumlibet
1876 4534 1992 4596 pro
2025 4516 2506 4596 quibuscunque
2539 4516 2811 4594 negociis
2843 4518 2918 4577 ad
2956 4517 3300 4578 Romanam

695 4622 928 4681 curiam
963 4621 1345 4682 venientium
1377 4642 1486 4682 seu
1522 4623 1702 4682 etiam
1738 4623 2163 4683 recedentium
2196 4626 2270 4683 ab
2304 4624 2539 4697 eadem,
2572 4623 2619 4683 si
2655 4624 2717 4684 in
2738 4625 2941 4684 locisa
2962 4624 3118 4685 dicta
3140 4625 3299 4685 curia

697 4729 850 4788 ultra
887 4729 1037 4789 duas
1071 4729 1260 4789 dietas
1293 4730 1515 4809 legales
1550 4750 1678 4791 non
1713 4730 2079 4791 distantibus
2111 4731 2232 4791 iam
2264 4730 2468 4792 forsan
2503 4732 2762 4793 obierint
2796 4731 2890 4791 vel
2922 4752 3030 4793 eos
3062 4733 3294 4793 inantea

696 4839 769 4895 ab
819 4837 931 4896 hac
977 4837 1112 4896 luce
1146 4840 1415 4897 transire
1447 4838 1787 4916 contigerit,
1836 4839 2075 4898 etiam
2108 4838 2289 4898 simili
2324 4839 2515 4899 modo
2550 4858 3073 4919 quorumcunque
3106 4840 3294 4899 curia-

695 4944 848 5003 lium
897 4944 1409 5024 peregrinacionis
1456 4944 1822 5004 infirmitatis
1871 4966 1980 5005 seu
2029 4946 2415 5006 recreationis
2448 4946 2541 5006 vel
2574 4946 2683 5006 alia
2718 4966 3093 5026 quacunque
3125 4966 3293 5007 causa
