3684 5416
1468 299 1670 370 Legati
1709 299 2003 370 pontificii.
2934 322 3043 377 559

420 371 747 379 —————-”
820 373 1097 378 4--------ᾼ-ᾃ
1126 375 1321 380 -Α-ῌὴ
1378 376 1665 382 ----Ῐ---.--ἶ
1702 378 1753 382 -i

418 482 691 543 valemus
705 506 737 556 ,·
768 483 842 542 de
872 483 1134 543 consilio
1145 486 1431 560 fratrum
1452 489 1800 545 nostrorum
1823 485 2233 547 postulationi
2253 501 2484 548 vestrae
2505 488 2706 549 taliter
2725 491 2791 549 in
2811 488 3036 550 huius—

419 591 589 651 modi
615 589 1091 670 respondemus,
1138 590 1330 670 quod,
1374 609 1576 670 quum
1622 609 1841 652 omnes
1887 593 2173 654 ecclesiae
2220 593 2434 674 legatis
2483 610 2540 655 et
2587 595 2830 678 nunciis
2875 596 3049 656 sedis·

418 696 794 779 apostolicae
826 697 1293 778 procurationes
1325 679 1684 778 impendere
1718 712 2060 777 teneantur,
2097 702 2172 760 ab
2204 720 2418 784 earum
2450 701 2857 782 praestatione
2890 702 3034 763 nul-

417 803 542 884 lam
561 812 830 884 prorsus
863 802 1087 864 habere
1133 804 1426 865 volumus
1472 820 1841 880 excusatam,
1879 805 1992 866 nisi
2028 806 2181 867 forte
2217 827 2326 887 per
2356 808 2616 888 speciale
2649 807 3037 890 privilegium

334 934 363 977 5
418 910 579 972 sedis
611 911 1001 990 apostolicae,
1037 910 1210 990 quod
1244 930 1376 972 non
1408 911 1735 989 credimu8‚
1786 911 1862 972 sit
1895 928 2173 995 exempta
2207 914 2442 975 etiamsi
2477 913 2847 992 longissimo
2878 929 3035 975 tem-

419 1038 569 1099 pore
616 1016 1069 1097 procurationis
1116 1018 1492 1098 obsequium
1525 1037 1654 1079 non
1686 1018 2127 1100 impenderint,
2162 1039 2362 1100 quum
2394 1020 2457 1082 in
2486 1020 2714 1083 talibus
2744 1021 3036 1106 praescri-N

419 1125 547 1205 ptio
592 1124 706 1185 sibi
751 1124 965 1185 locum
997 1140 1265 1204 nequeat
1297 1124 1624 1204 vindicare,
1674 1124 1819 1204 quia
1856 1145 1972 1187 nos
2003 1147 2036 1186 a
2067 1127 2422 1208 provisione
2459 1126 2777 1210 pastoralis
2807 1127 3034 1188 sollici-

418 1232 649 1293 tudinis
680 1231 836 1292 circa
869 1250 1090 1292 omnes
1123 1231 1405 1292 ecclesias
1438 1251 1764 1313 nunquam
1798 1233 2066 1294 omnino
2099 1253 2427 1295 cessamus.
2490 1233 2652 1295 Sane
2685 1234 2748 1294 in
2783 1234 2878 1294 his
2910 1224 3050 1295 exi?

417 1339 634 1419 gendis
679 1358 825 1399 eum
873 1339 1135 1400 modum
1182 1355 1238 1399 et
1288 1339 1573 1400 ordinem
1623 1340 1920 1402 volumus
1970 1340 2300 1420 observari,
2350 1357 2420 1402 ut
2452 1339 2624 1401 nulla
2657 1340 2908 1401 ecclesia
2940 1321 3035 1402 irel

308 1467 365 1498 ιο
418 1446 720 1528 praelatus
781 1465 845 1506 se
897 1445 1166 1526 indebite
1215 1445 1597 1529 praegravari
1662 1445 2098 1507 rationabiliter
2156 1460 2590 1526 conqueratur.
2654 1445 2718 1506 Si
2763 1464 2910 1506 vero
2959 1445 3037 1506 de

418 1552 737 1613 communi
793 1552 1043 1613 collecta
1091 1552 1438 1630 legatorum
1485 1567 1544 1611 et
1593 1552 1967 1612 nunciorum
2024 1569 2382 1614 nostrorum
2415 1572 2710 1633 expensas
2743 1552 3034 1613 duxeritis

419 1659 743 1736 faciendaS,
792 1658 963 1739 quod
1017 1658 1192 1718 vobis
1242 1677 1373 1719 non
1425 1658 1718 1719 duximus
1764 1658 2198 1736 inhibendum,
2244 1680 2314 1719 ex
2349 1661 2470 1721 hoc
2504 1660 2686 1721 nobis
2719 1675 2778 1720 et
2810 1659 3034 1720 nostris

418 1767 661 1828 nullum
714 1765 1162 1848 praeiudicium
1210 1765 1502 1826 volumus
1545 1765 1841 1844 generari,
1889 1786 2019 1845 quo
2067 1765 2275 1826 minus
2310 1766 2544 1846 possint
2576 1787 2609 1826 a
2644 1785 3029 1846 quocunque

418 1873 744 1934 maluerint
795 1872 1263 1953 procurationes
1314 1872 1425 1932 sibi
1479 1872 1713 1934 debitas
1764 1873 2093 1951 postulare,
2144 1872 2223 1932 ita
2271 1873 2463 1951 quod,
2513 1873 2560 1933 si
2596 1888 2842 1933 exactus
2875 1873 3033 1931 ultra

309 2004 360 2049 ¹5
417 2000 595 2043 suam
643 1995 930 2060 gravatus
982 1979 1159 2040 fuerit
1210 1978 1574 2056 facultatem,
1628 1978 1742 2039 sibi
1790 1980 1866 2039 ab
1916 1979 2045 2039 aliis
2081 1995 2467 2040 restauretur.
2532 1978 2793 2039 Nunciis
2824 1993 3032 2038 tamen

417 2089 639 2150 nostris
673 2089 736 2148 in
772 2087 1129 2149 necessariis
1162 2087 1443 2167 expensis
1478 2086 1840 2146 exhibendis
1872 2102 2079 2174 pareat
2112 2086 2478 2165 quicunque
2500 2084 2682 2145 fuerit
2703 2083 3033 2163 requisitus

416 2194 733 2255 humiliter
782 2201 842 2254 et
884 2189 1112 2266 denote,
1159 2193 1237 2253 ita
1286 2200 1505 2262 tamen,
1555 2191 1727 2270 quod
1780 2192 1841 2252 in
1893 2190 2171 2252 fraudem
2223 2189 2376 2251 nihil
2410 2191 2654 2272 penitus
2686 2203 3031 2268 attentetur,

419 2320 530 2361 nec
577 2321 685 2382 per
728 2318 1098 2361 communes
1146 2299 1456 2360 ministros
1504 2297 1952 2379 procurationis
2001 2297 2395 2377 obsequium,
2426 2298 2475 2358 si
2510 2296 2845 2370 noluerint,
2879 2294 3031 2355 reci-

416 2428 558 2488 pere
593 2408 1064 2488 compellantur.
1146 2406 1273 2481 Qui
1310 2425 1454 2466 vero
1489 2405 1936 2465 contumaciter
1969 2405 2053 2464 eis
2087 2405 2373 2465 duxerint
2405 2403 3036 2478 resistendum,›omni

299 2541 361 2572 20
401 2526 670 2599 prorsus
719 2515 1129 2596 appellatione
1191 2523 1419 2574 remota
1482 2513 1855 2576 districtione
1920 2531 2062 2573 sunt
2129 2513 2528 2574 ecclesiastica
2593 2497 3040 2593 compellendis

419 2621 631 2704 [Super
665 2625 921 2682 iniuriis
954 2628 1152 2682 antem
1186 2628 1291 2680 etc.
1336 2621 1481 2680 Dat.
1516 2620 1646 2680 Lat.
1683 2618 1823 2680 XII.
1861 2619 2002 2679 Kal.
2037 2620 2226 2681 Mart.
2271 2617 2474 2698 ¹.199·]

521 2856 584 2917 b)
627 2848 1125 2903 Innocentius
1168 2848 1278 2903 111.
1320 2844 1794 2899 Bononiensi
1836 2845 2228 2915 Episcopo
2271 2857 2338 2899 et
2381 2845 2453 2899 M.
2495 2844 2920 2915 Capellano

1000 2940 1299 2993 nostr-0,
1336 2926 1406 2980 in
1447 2944 1493 2981 c.
1536 2944 1583 2996 5.
1624 2927 1691 2980 X.
1729 2927 1796 2979 de
1833 2928 2025 2995 officio
2061 2928 2249 2996 legati.
2290 2926 2329 2979 l.
2368 2941 2451 2996 30.

628 3104 654 3131 ¹·
709 3103 865 3175 Corp.
890 3105 998 3157 iur.
1019 3118 1138 3157 ean.
1166 3100 1253 3153 ed.
1294 3098 1334 3152 F
1353 3097 1455 3151 rie
1473 3098 1507 3149 d
1530 3100 1562 3151 b
1583 3118 1612 3151 e
1632 3114 1727 3165 rg.
1768 3097 1941 3150 Tom.
1971 3096 2032 3149 11.
2061 3094 2168 3149 col.
2219 3094 2329 3163 184.
2370 3094 2413 3147 P
2434 3111 2468 3148 o
2491 3093 2601 3147 tth
2619 3111 2649 3145 a
2668 3111 2693 3145 s
2712 3105 2748 3146 t.
2789 3110 2842 3146 n.
2882 3110 3029 3164 1707.

300 3272 355 3314 25
737 3247 817 3299 Ex
846 3262 963 3315 quo
994 3244 1214 3315 legatus
1242 3242 1431 3296 retulit
1459 3258 1690 3297 causam
1718 3240 1932 3309 Papae,
1956 3237 2101 3291 illius
2134 3236 2335 3291 desinit
2363 3253 2487 3290 esse
2513 3234 2722 3309 iudex.-

629 3377 796 3436 Licet
828 3376 1177 3435 Tranenses
1212 3373 1490 3434 canonici
1524 3375 1597 3431 ab
1634 3371 1805 3432 initio
1841 3370 2286 3445 dissensissent,
2320 3369 2568 3427 tandem
2604 3374 2802 3425 tamen
2824 3384 3031 3424 omnes

417 3484 785 3545 unanimiter
833 3497 1294 3556 consenserunt,
1328 3481 1616 3541 dilectum
1629 3479 1854 3557 filium
1889 3476 1963 3535 G.
1999 3476 2244 3535 fratrem
2279 3473 2666 3534 Cassinensis
2699 3471 2929 3531 abbatis
2961 3470 3029 3529 in

414 3591 947 3673 archiepiscopum
996 3589 1310 3671 eligenteS,
1360 3587 1533 3647 cuius
1582 3586 1948 3646 electionem
1996 3581 2368 3643 venerabilis
2393 3583 2609 3657 frater
2641 3586 2847 3638 noster
2878 3578 3028 3637 Por-

415 3700 667 3777 tuensis,
703 3700 1053 3779 episcopus,
1087 3711 1237 3756 tunc
1271 3694 1641 3776 apostolieae
1673 3692 1839 3751 sedis
1872 3691 2125 3769 legatus,
2175 3686 2506 3747 examinari
2541 3685 2864 3767 praecepit,
2897 3682 2936 3761 ἢ·
2969 3690 3038 3743 et«

298 3844 358 3887 ⁴30
412 3808 915 3869 examinationem
950 3806 1259 3864 redactam
1296 3806 1359 3862 in
1393 3804 1645 3882 scrt'ptis
1658 3802 1827 3878 fecit
1857 3798 2091 3877 sigillis
2126 3796 2483 3856 dilectorum
2495 3793 2792 3871 filiorum
2814 3790 3026 3851 archi-

415 3916 667 3975 diaconi
708 3920 767 3973 et
814 3913 1106 3991 magistri
1136 3909 1512 3971 Petrarclzae
1559 3910 1817 3980 muniri,
1866 3925 2000 3964 cnm
2047 3924 2156 3964 suo
2202 3922 2435 3982 quoque
2467 3899 2680 3979 sigillo
2714 3898 3025 3957 adsedem
3097 3918 3110 3927 f

411 4021 808 4103 apostolicam
858 4004 1407 4080 transmittendam.
1485 4015 1727 4075 Literas
1773 4033 2004 4093 qnoque
2050 4030 2195 4070 suas
2240 4008 2416 4068 nobis
2450 4016 2573 4087 pro
2624 4006 2785 4064 dicto
2812 4006 3030 4080 fratre

412 4128 811 4189 Cassinensis
862 4126 1104 4185 abbatis
1153 4125 1607 4203 deprecatorias
1659 4122 2013 4191 destinavit,
2059 4137 2212 4197 quas
2257 4135 2391 4175 cum
2439 4115 2679 4173 decreto
2713 4110 3029 4169 electionis

412 4237 677 4295 omnium
729 4236 1161 4293 canonicorum
1209 4227 1767 4308 subscriptionibus
1812 4225 2122 4297 roborato,
2171 4244 2281 4283 nec
2313 4242 2432 4280 non
2467 4226 2526 4279 et
2556 4220 2758 4279 literis
2790 4215 3027 4297 suffra-

298 4379 352 4422 35
403 4332 753 4422 ganeorutn'
794 4349 853 4401 et
883 4339 1127 4420 populi,
1162 4345 1286 4397 tres
1319 4338 1390 4396 de
1422 4338 1738 4396 canonicis
1779 4332 2108 4393 Tranensis
2142 4330 2456 4400 ecclesiae,
2491 4326 2567 4387 ab
2601 4327 2883 4385 universo
2917 4344 3026 4381 ca-
3107 4414 3120 4421 ἱ

404 4449 605 4528 pitulo
641 4450 951 4520 destinati,
1001 4446 1178 4506 nobis
1210 4444 1526 4505 lncnn'liter
1546 4446 2052 4524 praesentarunt,
2075 4443 2351 4518 petentes
2384 4435 2734 4495 electionem
2769 4430 3027 4529 canonis-

413 4576 544 4614 cam
594 4557 667 4614 de
703 4565 975 4635 persona
1022 4554 1239 4613 idonea
1287 4550 1652 4611 celebratam
1687 4550 2055 4608 auctoritate
2087 4544 2421 4625 apostolica
2454 4540 2832 4619 confirmari.
2896 4536 3027 4594 Nos

412 4669 609 4723 autem
657 4664 742 4722 ad
785 4664 1074 4723 maiorem
1122 4659 1421 4720 cautelam
1457 4678 1493 4715 a
1517 4657 1865 4736 praedictis
1898 4653 2214 4713 canonicis
2250 4652 2312 4709 in
2348 4652 2756 4708 iuramentum
2790 4643 3025 4720 recepi-

414 4790 569 4845 mus,
616 4790 733 4829 non
785 4791 821 4827 a
867 4768 1044 4829 nobis
1088 4773 1388 4838 exactum,
1420 4764 1530 4823 sed
1557 4763 1633 4822 ab
1668 4764 1821 4843 ipsis
1857 4759 2143 4835 oblatum,
2180 4760 2490 4835 etfactum
2525 4752 2840 4813 electionis
2870 4750 3040 4807 sicut.

300 4897 359 4942 ⁴0
413 4883 506 4951 est
534 4858 814 4955 etima-ris
847 4882 905 4935 et
934 4878 1118 4949 iuris,
1150 4873 1632 4957 examinavimus
1665 4867 2016 4947 diligenter.
2051 4865 2307 4925 Interim
2342 4883 2504 4935 vero,
2537 4858 2820 4920 Nuncius
2852 4848 3035 4936 praess
3097 4930 3104 4947 '
