3684 5416
1406 373 1655 429 Ecclesia
1685 374 2097 447 antiquissima.

2988 378 3055 447 6³

444 555 783 629 ἐξουσίαν,
808 553 1035 633 ἐπειδὴ
1058 555 1171 618 καὶ
1191 557 1283 636 τῷ
1305 558 1380 617 ἐν
1407 559 1482 637 τῇ
1507 553 1721 638 Ῥώμη
1782 560 1949 620 urbis
1984 560 2222 621 Romae
2256 561 2547 643 episcopo
2569 563 2771 643 parilis
2794 582 2930 624 mos
2951 579 3058 623 est.

446 660 785 743 ἐπισκόπῳ
847 664 1051 723 τοῦτο
1129 662 1425 741 σύνηθές
1505 666 1717 725 ἐστιν·
1781 666 2072 727 Similiter
2118 684 2324 728 autem
2357 685 2415 729 et
2446 669 2611 750 apud
2644 669 3054 743 Antiochiam,

446 768 693 849 ὁμοίως
727 767 807 830 δὲ
825 767 939 830 καὶ
957 768 1136 830 κατὰ
1169 767 1591 848 Ἀντιόχειαν
1609 769 1721 831 καὶ

446 879 518 937 ἐν
563 880 710 953 ταῖς
756 875 997 952 ἄλλαις
1028 876 1379 955 ἐπαρχίαις
1409 878 1493 938 τὰ
1524 893 1721 955 πρεσ-

363 1007 384 1048 5
449 986 600 1067 βεῖα
631 981 975 1058 σώζεσθαι
994 987 1141 1059 ταῖς
1163 983 1577 1061 ἐκκλησίαις·
1610 1005 1722 1046 κα-

338 1540 388 1569 10

333 2075 382 2118 ¹5

328 2612 389 2643 20

334 4213 387 4257 35

445 1090 659 1152 θόλου
707 1089 789 1152 δὲ
831 1088 1184 1168 πρόδηλον
1230 1092 1473 1164 ἐκεῖνο,
1528 1092 1627 1153 ὅτι
1662 1091 1723 1153 εἴ

446 1218 543 1273 τις
574 1195 777 1275 χωρὶς
796 1193 1066 1277 γνώμης
1085 1199 1209 1258 τοῦ
1230 1197 1721 1278 μητροπολίτου

444 1304 709 1380 γένοιτο
757 1304 1144 1381 ἐπίσκοπος,
1189 1304 1308 1366 τὸν
1340 1308 1649 1367 τοιοῦτον
1680 1306 1719 1383 ἡ

446 1411 701 1490 μεγάλη
733 1410 1035 1488 σύνοδος
1055 1410 1263 1490 ὥρισε
1282 1411 1365 1494 μὴ
1389 1411 1533 1475 δεῖν
1554 1412 1721 1475 εἶναι

446 1516 811 1579 ἐπίσκοπον
831 1540 845 1551 ·
924 1519 1050 1580 ἐὰν
1110 1520 1330 1600 μέντοι
1393 1523 1468 1599 τῇ
1530 1523 1720 1601 κοινῇ

443 1625 709 1686 πάντων
770 1624 1008 1708 ψήφῳ,
1071 1625 1334 1708 εὐλόγῳ
1385 1625 1559 1708 οὔσῃ
1609 1628 1724 1689 καὶ

444 1732 620 1793 κατὰ
656 1732 920 1795 κανόνα
967 1734 1545 1811 ἐκκλησιαστικὸν,
1593 1732 1722 1796 δύο

448 1839 487 1915 ἢ
533 1843 716 1916 τρεῖς
760 1838 842 1900 δι’
883 1839 1141 1901 οἰκείαν
1172 1841 1585 1921 φιλονεικίαν
1617 1846 1722 1903 ἀν-

448 1947 773 2023 τιλέγωσι,
803 1947 1130 2024 κρατείτω
1164 1947 1202 2025 ἡ
1239 1948 1368 2008 τῶν
1396 1947 1723 2009 πλειόνων

446 2056 699 2134 ψῆφος.

535 2164 653 2223 VII.
695 2158 963 2239 Ἐπειδὴ
998 2159 1327 2238 συνήθεια
1345 2163 1725 2241 κεκράτηκε

444 2266 557 2328 καὶ
588 2266 975 2345 παράδοσις
1010 2272 1282 2346 ἀρχαῖα,
1304 2266 1479 2330 ὥστε
1500 2268 1619 2331 τὸν
1652 2271 1726 2332 ἐν

448 2373 652 2453 Amet
701 2373 1071 2436 ἐπίσκοπον
1120 2377 1467 2455 τιμᾶσθαι,
1521 2378 1724 2455 ἐχέτω

446 2481 567 2560 τὴν
615 2481 1035 2544 ἀκολουθίαν
1078 2484 1198 2559 τῆς
1245 2485 1449 2565 τιμῆς,
1498 2486 1573 2563 τῇ
1614 2504 1721 2563 μη·

447 2587 760 2666 τροπόλει
830 2590 1223 2671 σωζομένου
1285 2593 1406 2652 τοῦ
1469 2591 1724 2653 οἰκείου

447 2694 845 2778 ἀξιώματος.

538 2807 685 2869 VIII.
737 2804 907 2882 Περὶ
940 2805 1070 2866 τῶν
1102 2804 1577 2885 ὀνομαζόντων
1608 2804 1728 2887 μὲν

446 2909 737 2987 ἑαυτοὺς
752 2909 1136 2988 Καθαρούς
1154 2931 1337 2984 ποτε,
1357 2927 1726 2991 προσερχο-

447 3017 663 3097 μένων
708 3016 788 3079 δὲ
819 3020 896 3096 τῇ
929 3018 1261 3097 καθολικῇ
1295 3018 1407 3080 καὶ
1441 3024 1725 3081 ἀποστο-

448 3125 593 3204 λικῇ
642 3123 984 3204 ἐκκλησίᾳ,
1033 3123 1236 3198 ἔδοξε
1281 3127 1355 3204 τῇ
1407 3125 1571 3205 ἁγίᾳ
1614 3127 1724 3188 καὶ

451 3231 707 3312 μεγάλη
755 3229 1049 3312 συνόδῳ,
1098 3229 1276 3294 ὥστε
1308 3234 1726 3310 χειροθετου·

447 3337 693 3419 μένους
740 3336 994 3414 αὐτοὺς
1025 3338 1246 3419 μένειν
1277 3338 1498 3416 οὕτως
1530 3341 1604 3400 ἐν
1633 3341 1724 3420 τῷ

444 3444 702 3527 κλήρῳ·
763 3446 896 3523 πρὸ
929 3448 1194 3509 πάντων
1226 3446 1307 3509 δὲ
1338 3448 1539 3508 τοῦτο
1574 3447 1725 3528 ὁμο·

451 3553 741 3631 λογῆσαι
788 3551 1041 3629 αὐτοὺς
1074 3554 1444 3633 ἐγγράφως
1476 3553 1723 3632 προσή·

332 3680 358 3722 3
447 3679 567 3738 κει,
601 3659 701 3720 ὃτι
736 3658 1192 3737 συνθησονται
1214 3660 1327 3722 καὶ
1350 3660 1723 3739 ἀκολουθη-

448 3781 648 3827 σουσι
682 3769 824 3842 τοῖς
856 3768 974 3843 τῆς
993 3768 1366 3845 καθολικῆς
1385 3768 1497 3829 καὶ
1521 3773 1724 3830 ἀποσ·

448 3873 715 3952 τολικῆς
746 3872 1111 3952 ἐκκλησίας
1157 3873 1482 3956 δόγμασι·
1545 3875 1720 3937 τοῦτ’

449 3978 588 4041 ἔστι
620 3979 732 4041 καὶ
756 3979 1067 4062 διγάμοις
1084 3985 1433 4043 κοινωνεῖν
1452 3981 1564 4042 καὶ
1585 3986 1728 4058 τοῖς

450 4088 523 4147 ἐν
552 4087 642 4165 τῷ
665 4085 931 4167 διωγμῷ
952 4088 1581 4164 παραπεπτωκόσιν·
1620 4087 1726 4168 ἐφ’

450 4189 543 4254 ὠν
572 4193 686 4254 καὶ
719 4193 968 4271 χρόνος
989 4194 1317 4268 τέτακται,
1351 4194 1462 4256 καὶ
1483 4194 1729 4272 καιρὸς

448 4299 760 4377 ὥρισται·
814 4297 989 4361 ὥστε
1030 4300 1285 4378 αὐτοὺς
1318 4303 1729 4365 ἀκολουθεῖν

449 4411 522 4470 ἐν
552 4411 717 4471 πᾶσι
737 4410 880 4485 τοῖς
900 4406 1193 4489 δόγμασι
1217 4412 1337 4487 τῆς
1355 4410 1728 4486 καθολικης

449 4515 844 4595 ἐκκλησίας·
901 4513 1071 4578 ἔνθα
1118 4513 1237 4596 μὲν
1286 4514 1411 4578 οὖν
1456 4516 1725 4591 πάντες,

450 4622 584 4685 εἴτε
617 4626 692 4684 ἐν
721 4620 1000 4703 κώμαις,
1035 4622 1171 4685 εἴτε
1202 4626 1277 4684 ἐν
1308 4621 1587 4684 πόλεσιν
1614 4624 1724 4684 αὑ-

447 4730 546 4790 τοὶ
610 4729 801 4810 μόνοι
866 4729 1287 4807 εὑρίσκοιντο
1351 4750 1726 4808 χειροτονη-

448 4837 703 4915 θέντες,
726 4836 790 4898 οἱ
812 4837 1283 4921 εὑρισκόμενοι
1301 4840 1375 4898 ἐν
1390 4836 1479 4918 τῷ
1495 4835 1724 4918 κλήρῳ

450 4943 722 5007 ἔσονται
755 4946 831 5006 ἐν
862 4945 954 5025 τῷ
988 4946 1171 5027 αὐτῷ
1204 4943 1517 5026 σχήματι·
1556 4944 1611 5006 εἰ
1645 4941 1727 5005 δὲ

1781 789 2172 853 caeterasque
2195 775 2562 855 provincias,
2596 776 2723 835 suis
2745 775 3058 856 privilegia

1778 897 2096 941 serventur
2129 881 2433 942 EcclesiiS.
2497 881 2652 943 Illud
2699 898 2904 942 autem
2950 902 3057 961 ge·

1781 987 2066 1048 neraliter
2116 988 2351 1048 clarum
2401 1004 2508 1063 est,
2569 989 2740 1068 quod
2804 988 2853 1048 si
2916 988 3056 1068 quis

1780 1110 2016 1174 praeter
2031 1094 2393 1155 sententiam
2410 1095 2860 1175 metropolitani
2878 1095 3059 1156 fuerit

1776 1201 1973 1275 {actus
1994 1202 2338 1282 episcopuS‚
2361 1202 2529 1262 hunc
2545 1220 2766 1280 magna
2783 1202 3059 1282 synodus

1779 1307 2056 1379 definivit
2102 1309 2463 1390 episcopum
2511 1328 2642 1369 esse
2691 1327 2820 1368 non
2873 1328 3056 1388 opor-

1779 1432 1919 1476 tere.
1955 1416 2065 1477 Sin
2098 1431 2305 1476 autem
2336 1415 2656 1476 communi
2692 1431 3058 1477 cunctorum

1779 1522 2026 1582 decreto
2073 1521 2436 1595 rationabili,
2481 1536 2539 1581 et
2583 1522 2930 1583 secundum
2962 1541 3059 1582 ec-

1778 1629 2175 1690 clesiasticam
2196 1628 2471 1709 regulam
2490 1631 2910 1710 comprobat0‚
2929 1630 3058 1691 duo

1779 1752 1883 1796 aut
1931 1751 2071 1811 treS,
2136 1752 2384 1817 propter
2432 1736 2867 1797 contentiones
2918 1756 3059 1817 pro-

1780 1842 1957 1922 prias,
1990 1844 2442 1916 contradicunt,
2466 1843 2737 1903 obtineat
2757 1844 3054 1904 sententia

1780 1949 2212 2031 plurimorum.
2279 1948 2348 2029 [e.
2386 1951 2443 2011 6.
2478 1950 2629 2012 Dist.
2665 1950 2864 2021 LXV;
2916 1970 2968 2012 c.
3002 1954 3058 2012 8.

1781 2056 1929 2116 Dist.
1967 2056 2189 2128 LXIV;
2226 2075 2275 2117 c.
2321 2076 2368 2116 ι.
2407 2055 2557 2117 Dist.
2593 2054 2803 2135 LXV.]

1868 2162 1989 2223 V11.
2038 2162 2202 2237 Quia
2249 2163 2639 2223 consuetudo
2688 2163 2970 2238 obtinuit,
3006 2180 3062 2223 et

1780 2271 2035 2350 antiqua
2082 2269 2341 2345 traditi0‚
2391 2284 2458 2329 ut
2491 2268 2697 2329 Aeliae
2739 2269 3062 2350 episcopus

1784 2378 2147 2453 honoretur,
2200 2392 2259 2436 et
2305 2377 2524 2436 habeat
2556 2375 2813 2437 honoris
2845 2394 3063 2435 conse-

1782 2484 2123 2563 quentiam,
2158 2484 2320 2543 salva
2354 2482 2533 2543 etiam
2571 2481 2898 2562 metropoli
2920 2500 3062 2562 pro-

1782 2591 1911 2672 pria
1944 2591 2256 2670 dignitate.
2325 2587 2394 2668 [c.
2433 2610 2489 2655 7.
2524 2589 2674 2650 Dist.
2711 2588 2914 2667 LXV.J

1873 2806 2024 2867 VIII.
2058 2807 2148 2866 De
2173 2806 2267 2866 his
2288 2805 2480 2886 quise
2503 2801 2949 2884 cognominant
2968 2822 3067 2862 ca-

1783 2915 2013 2988 tharOS,
2062 2913 2120 2973 id
2171 2928 2259 2972 est
2306 2912 2598 2988 mundos,
2646 2911 2695 2971 si
2729 2910 3064 2990 aliquando

1784 3020 2064 3081 venerint
2083 3021 2159 3080 ad
2178 3018 2507 3080 Ecclesiam
2531 3018 2914 3093 catholicam,
2935 3015 3065 3096 pla-

1783 3128 1907 3187 cuit
1945 3144 2154 3188 sancto
2187 3142 2245 3186 et
2276 3145 2507 3206 magno
2542 3124 2806 3185 concilio
2842 3139 2909 3185 ut
2942 3122 3056 3182 im-

1786 3233 2149 3314 positionem
2196 3252 2416 3293 manus
2447 3232 2830 3313 accipienteS,
2879 3231 2965 3292 sic
3000 3230 3063 3290 in

1786 3339 1951 3400 clero
2000 3355 2416 3419 permaneant.
2482 3340 2653 3400 Haec
2682 3355 2887 3399 autern
2923 3356 3064 3418 prae

1782 3447 2079 3507 omnibus
2097 3466 2204 3506 eos
2220 3446 2453 3527 scriptis
2471 3445 2757 3506 convenit
2777 3443 3064 3525 profiteri,

1782 3554 1956 3633 quod
2002 3552 2334 3614 catholicae
2366 3568 2425 3612 et
2456 3549 2824 3632 apostolicae
2861 3550 3061 3610 Eccle—

1782 3661 1904 3720 siae
1927 3660 2214 3739 dogmata
2236 3658 2583 3738 suscipiant,
2615 3673 2673 3717 et
2695 3673 3059 3736 sequantur:

1784 3768 1845 3827 id
1893 3783 2000 3844 est,
2050 3783 2107 3827 et
2159 3766 2419 3846 bigamis
2464 3786 2528 3826 se
2577 3763 3059 3836 communicare,

1784 3890 1844 3934 et
1893 3873 1988 3933 his
2041 3873 2148 3953 qui
2199 3874 2263 3935 in
2315 3870 2736 3954 persecutione
2788 3870 3058 3951 prolapsi

1783 3998 1947 4057 sunt,
2000 4000 2140 4058 erga
2191 4000 2351 4060 quos
2397 3995 2454 4039 et
2499 3977 2685 4058 spatia
2735 3977 3064 4038 constituta

1786 4104 1950 4163 sunt,
1987 4102 2048 4147 et
2080 4102 2358 4167 tempora
2391 4083 2673 4145 definita:
2740 4100 2805 4144 ut
2837 4084 2915 4144 ita
2950 4084 3063 4144 Ec-

1788 4195 2006 4255 clesiae
2028 4193 2362 4255 catholicae
2383 4207 2441 4252 et
2460 4190 2826 4272 apostolicae
2849 4189 3063 4270 placita

1785 4318 2126 4382 sequantur
2173 4301 2237 4362 in
2286 4298 2598 4361 omnibus·
2661 4297 3064 4377 Ubicumque

1784 4430 1950 4486 ver0,
2000 4408 2124 4469 sive
2169 4408 2231 4468 in
2265 4405 2634 4487 municipiis,
2679 4425 2786 4466 seu
2821 4405 2883 4465 in
2917 4405 3064 4465 civi-

1782 4517 2005 4578 tatibus
2049 4515 2163 4596 ipsi
2212 4514 2329 4576 soli
2376 4513 2595 4594 reperti
2639 4511 2866 4573 fuerint
2899 4512 3064 4572 ordi-

1784 4623 1935 4701 nati,
2002 4622 2110 4704 qui
2178 4622 2582 4683 inveniuntur
2631 4619 2695 4680 in
2747 4619 2933 4695 clem,
3000 4618 3062 4678 in

1783 4732 2005 4791 eodem
2039 4731 2250 4791 habitu
2273 4742 2690 4810 perseverent:
2729 4726 2835 4787 ubi
2855 4741 3062 4787 autem

1781 4838 2117 4899 catholicae
2139 4836 2426 4898 ecclesiae
2449 4834 2758 4916 episcopo,
2777 4832 2872 4893 vel
2895 4851 3064 4914 pres-

1783 4948 1999 5028 bytero
2046 4944 2378 5005 constituto
2412 4943 2666 5022 quidam
2689 4960 2772 5001 ex
2807 4939 2923 4999 illis
2957 4940 3066 4999 ad-
