3684 5416
469 1582 517 1613 to

469 1977 511 2020 ι5

463 2376 517 2407 20

469 3017 515 3059 ²3

468 3568 520 3609 3ο

466 4637 522 4678 40

574 378 673 432 232
1204 365 1467 420 Potestas
1507 367 1885 423 ecclesiastica
1925 383 1980 424 et
2020 370 2322 439 imperium
2363 371 2540 426 civile.

570 565 708 606 rum
761 562 819 606 et
869 547 982 608 alia
1034 549 1167 609 loca
1218 569 1632 632 quaecunque
1682 572 1752 613 ac
1798 554 2155 615 universum
2203 557 2535 637 temporale
2585 557 2936 619 dominium
2986 559 3177 620 dictae

572 652 968 734 Reipublicae
1005 656 1427 720 Ecclesiastico
1461 659 1784 720 Interdicto
1815 662 2248 742 supponimus.

787 761 1012 823 Datum
1053 764 1286 826 Romae
1319 765 1416 825 die
1463 786 1552 832 17.
1587 767 1778 848 April.
1824 769 2005 830 1606.

1092 1023 1187 1078 (δῖ.
1243 1025 1491 1080 BULLA
1539 1027 1656 1081 «IN
1697 1026 1937 1082 col-:NA
1978 1028 2287 1084 nomm»
2331 1031 2415 1098 (a.
2457 1030 2646 1101 1627).

1364 1114 1744 1183 (Ulmanus
1784 1117 1954 1173 vlu.
1997 1118 2401 1190 lom-1644).

782 1238 810 1263 ⁶
848 1238 1160 1292 Baliarium
1186 1241 1509 1296 Romanum.
1541 1240 1640 1294 Ed.
1664 1241 2051 1304 Taurinensis,
2079 1244 2252 1298 Tom.
2276 1244 2416 1298 XIII.
2444 1262 2496 1316 p.
2525 1262 2824 1319 530—537.
2866 1247 2911 1301 L
2929 1263 2959 1302 e
2987 1248 3034 1301 B
3052 1265 3122 1302 re
3142 1261 3179 1312 t.

569 1316 986 1388 Pragaenotisclee
1022 1319 1346 1374 Geschicltte
1381 1322 1482 1374 der
1518 1338 1578 1376 so
1614 1323 1911 1392 berufenen
1948 1323 2105 1377 Bulle
2146 1325 2238 1377 «In
2277 1324 2454 1379 Coena
2492 1327 2764 1379 Domini».
2822 1326 2994 1397 [Ulm]
3031 1329 3179 1399 1769.

570 1396 918 1466 Contini,
957 1400 1264 1460 Ritlessioni
1297 1408 1463 1473 sopra
1499 1404 1556 1456 la
1593 1405 1734 1456 bolla
1778 1404 1871 1456 «In
1912 1404 2093 1457 Coena
2131 1407 2399 1458 Domini».
2443 1404 2687 1459 Venezia
2724 1424 2870 1479 ¹770·
2912 1407 3181 1477 Lopez‚

569 1477 817 1534 Historia
862 1481 1015 1549 legal
1048 1481 1116 1533 de
1149 1482 1204 1533 la
1243 1483 1391 1535 bulla
1426 1483 1682 1537 clamada
1723 1486 1818 1537 «In
1858 1484 2037 1538 Coena
2079 1487 2346 1539 Domini».
2388 1484 2608 1541 Madrid
2647 1485 2791 1556 1708.
2848 1488 3177 1552 Bertani,

569 1561 622 1615 S.
664 1560 852 1627 Carlo,
903 1564 958 1614 la
997 1563 1138 1614 bolla
1181 1562 1453 1617 «Coenac-
1493 1583 1523 1616 e
1558 1567 1614 1617 la
1647 1565 2038 1636 giurssdizione
2076 1569 2441 1620 ecclesiastica
2478 1568 2533 1620 in
2571 1567 2911 1621 Lombardia.
2964 1567 3176 1624 Milano

577 1638 725 1697 1888.
792 1639 1242 1713 Friedberg‚
1279 1644 1543 1714 Grc'inzen
1581 1645 1836 1715 {wischen
1875 1647 2037 1700 Staat
2069 1647 2187 1700 und
2219 1647 2435 1702 Kirche.
2490 1664 2541 1717 p.
2581 1666 2693 1716 151,
2723 1666 2843 1717 224,
2884 1646 3181 1721 545—558,

573 1721 690 1790 596.
716 1720 839 1783 6627,
866 1721 989 1785 686,
1015 1721 1141 1793 694
1209 1724 1531 1786 Reusch‚
1585 1727 1703 1780 Der
1741 1726 1907 1779 Index
1944 1728 2211 1781 librorum
2240 1727 2660 1798 prohibitorum.
2728 1730 2892 1783 Bonn
2942 1728 3088 1802 1883.
3143 1730 3181 1783 I.

569 1819 623 1872 p.
649 1819 735 1874 71.
800 1804 850 1857 Η
869 1820 898 1855 a
919 1820 952 1856 u
971 1821 998 1858 s
1016 1821 1072 1857 m
1091 1822 1120 1857 a
1140 1821 1261 1858 nn.
1301 1807 1630 1861 Geschichte
1664 1808 1765 1862 der
1793 1809 2135 1880 papstlichen
2164 1808 2580 1879 Reservaffdlle.
2622 1808 2997 1881 Regensburg
3031 1807 3179 1864 1868.

569 1899 625 1952 p.
649 1881 930 1955 89—2093
971 1885 1266 1957 375-378.
1321 1885 1498 1939 Gala
1523 1899 1677 1952 nte,
1704 1890 1911 1943 Diritto
1936 1889 1997 1941 di
2006 1892 2381 1961 placitazione.
2411 1906 2466 1960 p.
2492 1906 2689 1956 4—-12‚
2719 1907 2804 1959 ²4·
2833 1891 2917 1953 28.
2946 1908 3030 1962 57.
3064 1907 3178 1961 109.

571 1961 1013 2027 Hinschius‚
1051 1966 1275 2034 System.
1315 1966 1487 2020 Tom.
1518 1967 1583 2019 V.
1614 1984 1663 2038 p.
1695 1968 1800 2037 646
1826 1985 1945 2040 seq.
2017 1969 2465 2036 Friedberg‚
2507 1968 2805 2023 Lehrbuch.
2846 1971 2919 2038 ἓξ
2954 1988 3033 2043 17,
3068 1988 3180 2041 103.

571 2044 813 2106 Stutz,
860 2045 1270 2100 Kirchenrecht.
1312 2047 1346 2113 ξ
1388 2063 1473 2117 29.
1532 2065 1577 2103 2.
1656 2046 2107 2119 Friedberg‚
2162 2051 2523 2103 Aktenstilcke
2574 2067 2676 2121 {ur
2711 2051 3038 2105 Geschichte
3086 2051 3182 2104 des

569 2125 965 2179 mukanischen
1004 2127 1233 2197 Conzils.
1272 2143 1325 2197 p.
1367 2144 1490 2199 403.
1541 2127 1770 2194 (Const.
1814 2130 2154 2200 Apostolicae
2192 2130 2359 2184 Sedis.
2405 2147 2465 2182 12
2495 2142 2608 2184 oct.
2646 2128 2819 2201 1869).
2895 2131 3180 2186 Mitter-

572 2204 869 2268 muller‚
908 2204 962 2260 in
991 2206 1330 2276 Archivfur
1368 2207 1795 2262 kathol.Kircl1.
1847 2210 1995 2278 1871,
2037 2225 2089 2279 p.
2126 2227 2218 2280 153
2248 2226 2369 2281 seq.
2437 2211 2737 2265 Wetzer
2767 2229 2820 2264 u.
2860 2210 3186 2271 Welte's.

570 2287 1015 2421 metrani-on
1031 2309 1053 2351 ,·
1109 2289 1617 2360 Realencyclopddie
1647 2288 1769 2357 fiir
1811 2290 2270 2360 protestanttlsche
2332 2291 2610 2362 Theologie
2626 2311 2644 2345 .·
2694 2310 2737 2344 s.
2779 2310 2828 2347 v.
2868 2293 3031 2347 Bulla
3088 2295 3180 2347 «1η

873 2384 1017 2421 mini.

633 2516 1002 2578 Urbanus
1050 2518 1485 2598 episcopus
1533 2536 1815 2579 servus
1864 2537 2282 2580 servorum
2340 2521 2475 2581 Dei
2524 2521 2613 2581 ad
2665 2539 3131 2604 perpetuam

1557 2617 1666 2677 rei
1716 2618 2198 2678 memoriam.

770 2755 1059 2822 [Litterae.
1097 2772 1236 2825 quae
1273 2760 1327 2809 in
1364 2757 1448 2809 die
1487 2756 1696 2810 Coenae
1736 2758 1959 2810 Domini
1990 2760 2221 2826 singulis
2258 2760 2415 2811 annis
2452 2760 2629 2812 solent
2652 2762 2944 2830 publicari.
2946 2761 2979 2826 ]

784 2895 1106 2956 pastoralis
1141 2894 1406 2956 Romani
1441 2893 1750 2955 pontificis
1797 2894 2103 2973 vigilantia
2138 2913 2194 2957 et
2226 2896 2576 2958 sollicitudo
2608 2898 2674 2958 in
2709 2901 2878 2958 omni
2915 2898 3180 2960 christia-

572 3020 685 3063 nae
737 3002 1109 3082 reipublicae
1165 3020 1311 3080 pace
1359 3014 1418 3059 et
1465 3000 1906 3080 tranquillitate
1956 3004 2343 3082 procuranda
2390 3023 2504 3082 pro
2538 3003 2633 3064 sui
2668 3004 2941 3065 muneris
2972 3003 3182 3065 officio

572 3109 810 3173 assidue
858 3124 1146 3183 versatur.
1202 3123 1334 3167 tum
1383 3107 1774 3188 potissimum
1828 3108 1893 3168 in
1926 3109 2259 3170 catholicae
2291 3109 2453 3182 fidei,
2485 3110 2614 3171 sine
2649 3130 2771 3190 qua
2803 3110 3182 3193 impossibile

571 3234 660 3280 est
689 3218 928 3299 placere
952 3217 1104 3288 Deo,
1125 3215 1353 3276 unitate
1386 3231 1570 3294 atque
1602 3214 1943 3295 integritate
1964 3216 2297 3289 retinenda,
2317 3217 2582 3278 maxime
2603 3218 2833 3291 elucet;
2870 3202 3191 3289 nimirum.

573 3340 641 3387 ut
687 3324 894 3386 fideles
927 3324 1157 3386 Christi
1206 3342 1337 3385 non
1384 3324 1503 3384 sint
1549 3323 1784 3404 parvuli
1818 3324 2203 3400 fluctuantes,
2234 3344 2440 3404 neque
2473 3324 2979 3387 circumferantur
3011 3324 3180 3385 omni

571 3447 753 3494 vento
788 3432 1098 3493 doctrinae
1131 3432 1196 3491 in
1232 3430 1502 3511 nequitia
1538 3432 1871 3492 hominum
1906 3432 1982 3493 ad
2016 3431 2604 3494 circumventionem
2639 3432 2881 3504 erroris,
2915 3432 3023 3494 sed
3042 3449 3182 3492 om-

572 3558 680 3600 nes
725 3554 1050 3600 occurrant
1096 3539 1158 3599 in
1204 3539 1502 3599 unitatem
1550 3537 1691 3598 fidei
1739 3555 1797 3599 et
1829 3539 2153 3618 agnitionis
2184 3539 2316 3600 Filii
2352 3540 2462 3600 Dei
2495 3540 2559 3599 in
2593 3538 2792 3599 virum
2830 3537 3183 3619 perfectum,

573 3665 776 3726 neque
825 3667 890 3707 se
937 3647 1001 3707 in
1033 3647 1220 3707 huius
1251 3646 1416 3706 vitae·
1439 3645 1723 3707 societate
1755 3661 1813 3705 et
1846 3647 2294 3708 communione
2324 3647 2585 3723 laedant,
2617 3661 2723 3708 aut
2755 3646 2912 3706 inter
2940 3666 3005 3706 se
3038 3645 3185 3707 alter

573 3753 738 3813 alteri
787 3753 1197 3816 offensionem
1248 3755 1548 3835 praebeat,
1579 3752 1686 3813 sed
1720 3753 1926 3833 potius
1958 3753 2022 3813 in
2054 3754 2303 3814 vinculo
2336 3753 2639 3814 charitatis
2670 3753 2998 3828 coniuncti,
3025 3767 3178 3813 tam-

571 3879 762 3940 quam
795 3861 983 3923 unius
1015 3860 1292 3941 corporis
1325 3861 1621 3934 membra,
1665 3862 1780 3920 sub
1814 3859 2065 3920 Christo
2100 3859 2314 3941 capite,
2348 3859 2604 3939 eiusque
2638 3859 2702 3922 in
2735 3860 2904 3922 terris
2941 3859 3181 3921 Vicario

573 3971 860 4029 Romano
885 3967 1179 4029 Pontifice
1215 3967 1541 4029 beatissimi
1575 3968 1730 4028 Petri
1765 3985 2171 4038 successores,
2202 3987 2235 4027 a
2268 3985 2398 4046 quo
2431 3967 2619 4028 totius
2651 3967 2952 4029 Ecclesiae
2987 3966 3183 4027 unitas

497 4103 515 4133 a
572 4074 860 4149 dimanat,
909 4091 1252 4156 augeantur
1296 4075 1361 4135 in
1403 4073 1911 4152 aedificationem,
1946 4090 2130 4154 atque
2162 4074 2261 4151 ita,
2293 4074 2499 4136 divina
2532 4074 2721 4155 gratia
2754 4074 3069 4151 adiutrice,
3098 4073 3182 4135 sic

573 4182 906 4261 praesentis
937 4183 1091 4243 vitae
1124 4182 1330 4262 quiete
1361 4183 1687 4261 gaudeant,
1722 4199 1790 4244 ut
1822 4181 2023 4243 futura
2071 4200 2326 4261 quoque
2373 4181 2743 4242 beatitudine
2781 4182 3183 4263 perfruantur.

575 4286 674 4347 Ob
708 4308 863 4367 quas
895 4309 1039 4351 sane
1075 4311 1285 4351 causas
1311 4289 1575 4351 Romani
1610 4290 1941 4351 Pontifices
1974 4289 2472 4371 praedecessores
2507 4288 2699 4349 nostri
2735 4289 3034 4349 hodierna
3067 4288 3185 4363 die,

575 4414 732 4474 quae
779 4396 1186 4458 anniversaria
1241 4396 1601 4458 Dominicae
1650 4398 1904 4459 Coenae
1949 4397 2461 4457 commemoratio
2510 4395 2807 4456 solemnis
2852 4411 2959 4467 est,
3007 4395 3185 4477 spiri-

574 4504 800 4564 tualem
851 4505 1285 4566 ecclesiasticae
1332 4503 1687 4585 disciplinae
1719 4504 1995 4581 gladium
2029 4518 2087 4563 et
2117 4503 2400 4563 salutaria
2432 4502 2694 4564 iustitiae
2729 4522 2895 4563 arma
2930 4522 3037 4584 per
3070 4503 3184 4564 mi-

575 4611 890 4672 nisterium
939 4613 1166 4672 summi
1218 4611 1595 4692 apostolatus
1641 4612 1716 4672 ad
1753 4611 1866 4671 Dei
1898 4610 2156 4689 gloriam
2191 4625 2249 4670 et
2282 4611 2629 4671 animarum
2663 4609 2921 4671 salutem
2956 4609 3183 4670 solem-

576 4718 732 4779 niter
775 4737 1050 4780 exercere
1098 4734 1572 4780 consueverunt.
1636 4719 1766 4778 Nos
1809 4718 2012 4796 igitur,
2045 4718 2274 4797 quibus
2306 4717 2462 4777 nihil
2496 4716 2824 4799 optabilius
2856 4731 2963 4794 est,
2994 4733 3184 4796 quam

578 4825 715 4886 fidei
769 4826 1116 4886 inviolatam
1171 4826 1599 4903 integritatem,
1651 4823 1959 4905 publicam
2015 4842 2226 4903 pacem
2279 4841 2336 4885 et
2386 4823 2692 4900 iustitiam,
2741 4824 2875 4885 Deo
2920 4838 3186 4898 auctore,

574 4933 752 5010 tueri,
789 4948 1091 4994 vetustum
1126 4949 1183 4993 et
1214 4934 1560 4994 solemnem
1596 4933 1761 4992 hunc
1793 4949 2031 4991 morem
2066 4945 2429 5011 sequentes:
