3684 5416
415 1511 464 1544 10

417 2047 461 2091 ¹5

411 3116 463 3160 τε

418 4184 470 4229 35

1513 335 1782 391 Pontifex
1821 354 2114 392 romanus.
3023 356 3127 411 445

515 539 663 602 pore
715 517 1113 581 comitiorum
1165 519 1387 582 durare
1436 521 1749 599 volumus,
1802 522 2019 602 eisque
2053 542 2520 604 quamcumque
2564 523 2968 585 necessariam
3002 541 3135 585 am-

516 628 807 708 plamque
840 626 904 687 in
937 626 1284 707 praemissis
1316 642 1374 688 et
1405 627 1563 688 circa
1597 647 1666 688 ea
1700 643 2066 709 potestatem
2100 631 2324 693 harum
2356 630 2511 692 serie
2543 630 2886 691 statuimus.

726 742 758 803 s
800 754 821 796 ι
847 754 897 795 1.
947 732 1248 794 Scrutinia
1280 734 1483 811 etiam,
1518 754 1677 814 quae
1711 754 1827 814 pro
1848 735 2145 797 electione
2167 736 2483 800 Pontificis
2515 738 2608 798 bis
2641 737 2705 797 in
2738 738 2837 799 die
2869 759 2903 799 a
2936 737 3133 799 cardi-

517 841 753 902 nalium
788 840 962 918 fiunt,
994 841 1122 902 sive
1155 840 1570 922 manuscripta
1603 841 1729 902 sive
1765 842 2061 923 impressa
2099 843 2342 922 fuerint,
2375 864 2409 905 e
2443 844 2722 905 conclavi
2756 844 2832 905 ad
2866 865 2991 922 eos,
3024 845 3134 926 qui

516 947 662 1009 foris
693 963 858 1024 sunt,
890 946 1045 1008 mitti
1077 966 1147 1008 ac
1179 947 1541 1020 renunciari,
1575 963 1635 1009 et
1667 950 1743 1009 ab
1775 949 1864 1009 eis
1897 949 2105 1030 recipi,
2128 950 2386 1030 proferri
2419 966 2526 1012 aut
2556 953 2847 1031 evulgari,
2870 953 3134 1015 omnino

516 1054 920 1136 prohibemus
964 1056 1081 1114 sub
1128 1053 1347 1135 poenis
1385 1054 1677 1116 adversus
1711 1055 2020 1117 mittentes
2053 1077 2086 1118 e
2118 1057 2412 1132 conclavi,
2446 1076 2516 1119 ac
2548 1058 2765 1119 exinde
2799 1060 3134 1140 respective

514 1161 873 1242 recipientes
921 1160 1167 1238 litteraS,
1216 1160 1454 1241 scripta,
1505 1161 1789 1240 nuncios,
1840 1176 2038 1234 notas,
2090 1176 2197 1224 aut
2228 1162 2426 1242 signa,
2461 1164 2698 1225 etiamsi
2729 1166 3136 1227 cardinalatus

515 1270 753 1330 honore
786 1265 1220 1349 praefulgeant,
1256 1288 1288 1328 a
1322 1268 1499 1330 dictis
1534 1270 2105 1349 praedecessoribus
2136 1289 2417 1351 expresse
2452 1269 2718 1348 sancitis,
2741 1290 2817 1333 eo
2853 1272 2993 1354 ipso
3027 1293 3135 1355 per

516 1392 992 1458 transgressores
1025 1375 1434 1438 incurrendis.

730 1493 759 1553 s
803 1503 893 1545 12.
943 1489 1150 1563 Atque
1197 1482 1389 1544 menti
1437 1484 1988 1564 praedecessorum
2022 1484 2245 1565 pariter
2273 1484 2637 1563 insistentes,
2672 1484 2905 1546 eisdem
2938 1486 3135 1548 cardi-

515 1590 757 1653 nalibus
808 1589 1233 1672 praecipimus,
1287 1606 1356 1651 ut
1407 1589 1813 1669 frugalitatem
1869 1606 1928 1652 et
1972 1592 2438 1672 temperantiam
2485 1592 2548 1653 in
2596 1591 2756 1653 victu
2789 1596 3136 1673 observent,

518 1698 734 1779 procul
780 1699 856 1758 ab
907 1696 1082 1758 omni
1129 1697 1279 1759 luxu
1315 1711 1372 1757 et
1405 1715 1657 1778 pompa,
1689 1713 1874 1777 atque
1907 1698 2110 1774 etiam,
2141 1698 2205 1759 in
2239 1698 2584 1760 deferendis
2616 1699 2691 1760 ad
2726 1702 3017 1763 conclave
3049 1702 3135 1763 ci-

516 1806 716 1882 bariis,
748 1805 1024 1866 lautioris
1055 1804 1259 1866 cultus
1290 1803 1714 1864 ostentatione.

730 1921 759 1982 s
818 1932 910 1992 ¹3·
972 1912 1067 1973 Ne
1114 1911 1553 1990 magistrorum
1600 1910 2156 1989 caeremoniarum,
2206 1911 2316 1992 qui
2349 1911 2413 1972 in
2447 1911 2711 1973 comitiis
2744 1914 3134 1993 adhibentur,

517 2019 784 2082 nimium
832 2032 1132 2081 excrescat
1163 2036 1481 2094 numerus,
1514 2017 1579 2077 in
1612 2017 1895 2078 futurum
1928 2037 2057 2078 non
2088 2019 2296 2100 plures
2330 2037 2520 2098 quarn
2552 2039 2655 2079 sex
2689 2020 2764 2080 ad
2796 2040 3136 2097 summum,

518 2129 645 2189 duo
677 2126 903 2188 scilicet
936 2126 1381 2207 participantes,
1415 2139 1475 2185 et
1506 2125 1767 2186 totidem
1801 2144 1933 2186 non
1970 2125 2398 2206 participantes
2433 2126 2792 2207 nuncupati,
2813 2147 2882 2189 ac
2916 2130 3136 2210 reliqui

517 2236 646 2296 duo
675 2233 1053 2314 antiquiores
1084 2252 1157 2293 ex
1189 2231 1762 2313 supranumerariis,
1800 2232 1864 2293 in
1899 2232 2192 2293 conclave
2226 2233 2641 2294 admittantur.

728 2350 757 2410 s
803 2360 895 2420 14.
960 2340 1026 2400 ln
1074 2338 1443 2401 eorumdem
1491 2358 1748 2418 quoque
1797 2339 2345 2420 praedecessorum
2392 2339 2937 2403 constitutionibus
2985 2341 3140 2403 inter

516 2449 627 2511 alia
662 2449 938 2525 habetur,
989 2446 1162 2527 quod
1209 2444 1451 2506 sacrista
1487 2464 1628 2506 cum
1669 2464 1798 2506 uno
1830 2445 2055 2507 clerico
2087 2445 2447 2507 coadiutore
2496 2445 2560 2506 in
2595 2445 2804 2508 officio
2837 2448 3136 2524 sacristae,

516 2577 584 2618 ac
618 2574 783 2617 unus
815 2553 1077 2633 Collegii
1109 2553 1471 2614 secretarius
1505 2568 1744 2612 tantum
1780 2553 2073 2613 conclave
2107 2552 2555 2632 ingrediantur,
2606 2553 2935 2635 adsintque
2970 2575 3137 2617 unus

517 2663 684 2726 faber
726 2662 1041 2743 lignarius,
1087 2677 1146 2724 et
1180 2680 1343 2722 unus
1376 2658 1858 2722 caementarius:
1911 2659 2055 2721 item
2092 2674 2236 2723 octo
2268 2677 2371 2721 aut
2405 2661 2623 2722 decern
2656 2661 2986 2723 servientes
3021 2682 3134 2743 pu-

518 2771 706 2832 blicae
739 2770 981 2832 utilitati
1015 2784 1073 2830 et
1104 2767 1527 2830 commoditati
1559 2766 1869 2843 omnium,
1902 2765 2089 2828 veluti
2123 2787 2235 2848 pro
2267 2767 2451 2846 lignis
2486 2768 2821 2849 portandis,
2855 2788 2968 2850 pro
3003 2789 3137 2830 ver-

519 2878 712 2940 rendo
756 2876 1049 2954 conclavi,
1098 2892 1156 2937 et
1202 2875 1510 2937 similibus
1560 2873 1915 2935 necessariis
1965 2873 2402 2954 ministrandis,
2439 2875 2545 2955 qui
2580 2896 2613 2935 a
2646 2874 2909 2957 collegio
2942 2875 3138 2937 cardi-

517 2985 769 3059 nalium,
816 3003 946 3044 non
989 2998 1196 3044 tamen
1242 3002 1312 3043 ex
1348 2980 1574 3043 familia
1607 2981 1867 3043 alicuius
1900 2981 2238 3056 cardinaliS,
2273 3000 2380 3062 per
2415 2982 2581 3042 fabas
2613 2999 2874 3069 secretas
2907 2983 3137 3065 eligan-

520 3108 637 3170 tur,
672 3092 751 3152 ita
782 3106 990 3152 tamen
1039 3105 1106 3150 ut
1137 3088 1187 3150 is
1220 3090 1495 3151 obtineat
1526 3089 1634 3170 qui
1669 3089 1842 3170 plura
1876 3104 2017 3150 vota
2049 3090 2270 3162 tulerit,
2307 3105 2364 3150 et
2395 3088 2511 3150 illis
2543 3089 2754 3150 salaria
2788 3091 2864 3150 de
2887 3089 3138 3171 publico

523 3197 967 3280 persolvantur.
1002 3197 1136 3259 Nos
1169 3196 1372 3257 eidem
1406 3196 1710 3273 sacristae,
1748 3196 1904 3257 ultra
1938 3196 2225 3257 clericum
2253 3196 2570 3258 huismodi
2593 3217 2663 3257 ac
2682 3198 3136 3277 subsacristam,

522 3306 778 3367 alterum
812 3305 923 3385 qui
954 3304 1157 3365 eidem
1190 3302 1489 3365 sacristiae
1521 3318 1580 3364 et
1613 3303 1814 3364 missis
1849 3302 2225 3364 celebrandis
2257 3303 2556 3364 deserviat
2575 3324 2685 3364 seu
2707 3304 2970 3378 assistat;
3009 3325 3138 3365 ma·

520 3413 721 3493 gistris
753 3410 1302 3477 caeremoniarum.
1339 3411 1447 3490 qui
1482 3410 1545 3470 in
1593 3410 1888 3469 conclave
1921 3425 1988 3468 ut
2020 3428 2204 3489 supra
2238 3409 2655 3483 admittentur,
2706 3429 2902 3470 unum
2938 3411 3139 3471 famu-

522 3520 674 3597 lum,
723 3539 851 3580 non
902 3521 1157 3600 quidem
1209 3537 1322 3598 pro
1370 3535 1591 3577 eorum
1637 3514 1918 3594 singuliS‚
1963 3514 2070 3575 sed
2118 3534 2230 3595 pro
2264 3516 2560 3575 omnibus
2590 3517 2676 3576 sic
2710 3515 3137 3587 admittendis:

521 3628 844 3690 secretario
890 3643 1092 3688 autem
1126 3624 1388 3704 Collegii
1436 3624 1596 3684 duos
1642 3622 1974 3697 adiutores,
2024 3621 2133 3701 qui
2181 3640 2328 3681 eum
2361 3621 2627 3700 assidu0,
2662 3642 2794 3702 quo
2828 3637 2975 3683 tunc
3009 3643 3138 3683 ma-

522 3736 683 3796 xime
716 3750 1026 3811 oneratur‚
1059 3734 1269 3794 labore
1300 3732 1499 3792 levare
1536 3730 1791 3811 possint,
1827 3746 1898 3789 ac
1930 3747 2131 3789 unum
2167 3748 2422 3809 quoque
2455 3729 2780 3807 famulum,
2803 3730 2911 3809 qui
2933 3747 3140 3792 tarnen

523 3862 632 3924 per
678 3841 1015 3902 cardinales
1063 3841 1388 3919 deputatos
1435 3835 1763 3918 approbari
1812 3835 2093 3909 debeant,
2145 3835 2207 3896 in
2243 3834 2534 3896 conclave
2568 3835 2794 3895 ducere
2828 3849 2886 3895 et
2919 3837 3141 3897 babere

524 3949 953 4032 permittimus.
1016 3948 1307 4026 Cumque
1354 3959 1497 4005 octo
1542 3943 1835 4003 decemve
1885 3942 2128 4022 publice
2175 3941 2506 4002 servientes
2556 3942 2898 4022 praedictos
2932 3962 3143 4002 neces-

523 4056 693 4117 sariis
738 4055 803 4115 in
853 4052 1125 4115 conclavi
1171 4049 1590 4112 ministrandis
1638 4050 1807 4110 haud
1855 4050 1996 4110 satis
2029 4068 2162 4110 esse
2194 4065 2584 4129 compertum
2619 4048 2714 4126 sit,
2749 4047 3019 4127 indeque
3055 4046 3140 4108 fa·

526 4178 695 4224 ctum
732 4177 798 4223 ut
831 4179 1051 4222 eorum
1085 4178 1385 4220 numerus
1417 4158 1482 4218 in
1514 4156 1851 4237 praeteritis
1885 4156 2150 4218 comitiis
2198 4171 2417 4217 auctus
2461 4154 2670 4229 fuerit;
2736 4155 3142 4236 imposterum

525 4269 1055 4350 trigintaquinque
1092 4262 1292 4348 (dictis
1324 4279 1532 4324 tamen
1564 4264 1814 4324 duobus
1848 4262 2094 4322 famulis
2130 4281 2243 4343 pro
2276 4262 2582 4343 magistris
2615 4262 3144 4322 caeremoniarum

528 4396 597 4439 ac
640 4374 963 4437 secretario
1012 4371 1252 4450 collegii
1288 4372 1352 4432 in
1386 4389 1462 4431 eo
1496 4389 1763 4431 numero
1796 4369 2281 4451 comprehensis)
2317 4383 2376 4429 et
2407 4388 2537 4430 non
2574 4370 2778 4449 plures
2811 4369 3144 4429 servientes

528 4483 835 4546 eiusmodi
869 4504 899 4543 a
933 4479 1196 4559 collegio
1229 4478 1630 4540 cardinalium
1668 4479 1991 4558 eligantur,
2024 4478 2155 4557 qui,
2190 4476 2364 4538 sicuti
2397 4477 2474 4537 de
2505 4476 2621 4537 illis
2641 4493 2783 4538 octo
2805 4491 2910 4536 aut
2930 4475 3144 4535 decem

527 4612 560 4652 a
612 4588 1184 4672 praedecessoribus
1231 4587 1596 4669 dispositum
1647 4602 1754 4664 est,
1804 4605 1933 4646 non
1966 4586 2086 4645 sint
2120 4606 2192 4646 ex
2228 4585 2451 4644 familia
2487 4584 2745 4646 alicuius
2781 4582 3143 4654 cardinalis;

530 4698 785 4759 minime
830 4711 1055 4757 attenta
1098 4710 1204 4758 aut
1235 4695 1609 4774 suffragante
1643 4711 2042 4774 quacumque
2077 4692 2379 4753 contraria
2415 4690 2869 4751 consuetudine
2902 4703 3006 4748 aut
3039 4688 3142 4748 de-

529 4804 876 4876 claratione,
913 4804 1093 4864 etiam
1129 4802 1355 4885 pluries
1387 4805 1462 4863 ab
1494 4803 1717 4863 eodem
1751 4800 2014 4879 collegio
2049 4797 2455 4860 cardinalium
2503 4797 2677 4859 edita.
2741 4795 2893 4871 Quo
2940 4810 3148 4854 autern

530 4913 605 4973 ad
641 4911 845 4973 fabros
877 4911 1209 4990 lignarium
1242 4924 1303 4970 et
1335 4907 1834 4984 caementarium,
1872 4906 2083 4968 nullus
2116 4905 2440 4987 recipiatur
2472 4903 2582 4983 qui
2614 4923 2818 4964 revera
2840 4918 2996 4963 artes
3018 4902 3150 4962 illas
