3684 5416
533 1491 585 1522 (0

533 2023 584 2067 ¹5

529 2558 590 2591 20

533 3092 589 3136 ²5

535 3626 596 3672 30

534 4161 593 4207 ’35

537 4694 599 4736 40

646 339 737 389 ¹42
1263 318 1528 371 Potestas
1566 313 1949 370 ecclesiastica
1988 325 2043 368 et
2080 313 2383 385 imperium
2422 313 2598 369 civile.

636 526 710 566 ex
758 504 1012 566 seculari
1066 503 1276 565 habitu
1329 502 1391 562 in
1438 499 1811 562 monasterio
1859 499 2157 574 veniunt,
2187 519 2317 561 non
2361 499 2560 560 statim
2609 499 2770 560 foras
2802 500 2878 560 ad
2912 500 3238 561 ministeria

637 611 988 672 monasterii
1033 611 1353 672 mittantur
1396 625 1729 689 antequam
1775 608 1939 669 intus
1984 610 2143 669 bene
2189 609 2571 671 erudiantur.
2637 609 2711 669 Et
2742 625 2810 670 ut
2844 609 3135 672 monachi
3164 610 3237 671 ad

635 718 966 780 saecularia
1011 716 1222 799 placita
1268 737 1395 778 non
1442 715 1681 776 vadant.
1745 714 2035 777 Similiter
2081 716 2188 796 qui
2222 717 2296 777 ad
2333 716 2685 779 clericatum
2718 717 3037 795 accedunt,
3071 717 3238 798 quod

638 844 754 886 nos
786 825 1184 886 nominamus
1215 824 1579 886 canonicam
1613 823 1820 892 vitam,
1854 821 2148 884 volumus
2180 838 2249 884 ut
2280 822 2364 883 illi
2385 824 2683 884 canonice
2702 823 3047 885 secundum
3068 843 3239 884 suam

636 931 911 1012 regulam
957 931 1340 992 omnimodis
1389 931 1608 1004 vivant,
1658 945 1716 991 et
1764 929 2095 1010 episcopus
2145 949 2364 991 eorum
2411 947 2579 1009 regat
2623 931 2826 1008 vitam,
2872 931 3029 991 sicut
3060 933 3239 991 abbas

636 1040 1111 1100 monachorum.

853 1165 955 1224 74.
1003 1145 1413 1206 Omnibus.
1479 1145 1562 1207 Ut
1608 1145 1895 1224 aequales
1925 1162 2246 1206 mensuras
2278 1160 2337 1205 et
2368 1160 2561 1206 rectas
2594 1159 2653 1204 et
2686 1144 2963 1224 pondera
2996 1144 3150 1205 iusta
3185 1159 3237 1204 et

637 1251 911 1332 aequalia
944 1270 1165 1313 omnes
1198 1253 1480 1324 habeant,
1511 1252 1637 1312 sive
1670 1251 1733 1311 in
1766 1250 2109 1312 civitatibus
2142 1252 2268 1312 sive
2299 1251 2364 1313 in
2398 1252 2803 1326 monasteriiS,
2837 1251 2964 1312 sive
2995 1251 3071 1312 ad
3093 1251 3237 1312 dan-

638 1359 789 1419 dum
839 1357 903 1418 in
949 1358 1065 1419 illis
1108 1358 1234 1419 sive
1281 1359 1355 1418 ad
1397 1358 1846 1439 accipiendum,
1880 1358 2038 1419 sicut
2070 1377 2127 1418 et
2158 1358 2224 1419 in
2256 1359 2389 1437 lege
2424 1357 2677 1420 Domini
2713 1374 3107 1440 praeceptum
3137 1358 3238 1418 ha-

639 1467 877 1540 bemus,
911 1464 1058 1526 item
1090 1465 1155 1526 in
1177 1463 1523 1540 Salamone‚
1559 1465 1837 1525 Domino
1869 1464 2141 1526 dicente:
2184 1464 2469 1546 «pondus
2502 1480 2561 1526 et
2591 1465 2855 1546 pondus,
2889 1483 3239 1525 mensuram

639 1586 698 1632 et
730 1590 1088 1632 mensuram
1120 1571 1250 1632 odit
1280 1572 1484 1632 anima
1518 1591 1717 1632 mea».

855 1698 957 1757 75.
1006 1678 1413 1741 Omnibus.
1479 1679 1552 1738 Et
1597 1679 1720 1738 hoc
1763 1678 1946 1739 nobis
1991 1693 2349 1760 competens
2393 1692 2452 1737 et
2496 1677 2841 1764 venerabile
2886 1677 3147 1754 videtur,
3179 1694 3242 1738 ut

639 1784 935 1866 hospites,
969 1784 1271 1865 peregrini
1305 1800 1363 1846 et
1393 1804 1695 1866 pauperes
1728 1784 2149 1865 susceptiones
2183 1784 2490 1864 regulares
2522 1799 2581 1845 et
2611 1784 2939 1846 canonicas
2972 1804 3083 1866 per
3114 1785 3241 1846 loca

641 1891 874 1952 diversa
923 1892 1215 1953 habeant:
1269 1892 1415 1972 quia
1449 1891 1579 1972 ipse
1614 1891 1925 1953 Dominus
1957 1890 2232 1952 dicturus
2264 1890 2377 1951 erit
2407 1890 2472 1951 in
2507 1892 3002 1952 remuneratione
3034 1892 3239 1973 magni

641 1998 794 2060 diei:
838 1998 1102 2080 «hospes
1134 2018 1321 2076 eram,
1356 2015 1416 2060 et
1445 1998 1798 2080 suscepistis
1830 2017 2007 2072 me»;
2044 2014 2105 2058 et
2136 1997 2453 2078 apostolus
2473 1997 2949 2078 hospitalitatem
2968 1998 3241 2072 laudans,

641 2104 820 2167 dixit:
861 2125 1008 2186 «per
1039 2105 1199 2166 hanc
1231 2106 1484 2186 quidam
1519 2106 1886 2187 placuerunt
1918 2105 2072 2180 Deo,
2105 2104 2338 2182 angelis
2372 2105 2644 2185 hospitio
2676 2105 3035 2186 susceptis».

857 2214 957 2278 76·
1006 2213 1460 2294 Episcopis,
1507 2212 1948 2273 abbatibus.
1981 2211 2289 2272 Auditum
2324 2226 2432 2288 est,
2467 2210 2703 2290 aliquas
2734 2210 3062 2273 abbatissas
3094 2230 3242 2272 con-

641 2335 728 2380 tra
775 2338 1014 2381 morem
1061 2335 1304 2380 sanctae
1341 2319 1454 2380 Dei
1499 2319 1789 2380 ecclesiae
1834 2317 2284 2379 benedictionis
2329 2336 2472 2378 cum
2520 2335 2742 2379 manus
2787 2316 3159 2397 inpositione
3190 2332 3243 2376 et

642 2426 960 2504 signaculo
1005 2442 1245 2487 sanctae
1295 2427 1491 2487 crucis
1536 2445 1722 2506 super
1766 2424 1963 2505 capita
2008 2424 2284 2486 virorum
2331 2425 2494 2502 dare,
2530 2442 2777 2486 necnon
2809 2439 2868 2485 et
2899 2423 3096 2484 velare
3129 2423 3243 2483 vir-

640 2533 816 2612 gines
849 2551 994 2593 cum
1025 2533 1452 2595 benedictione
1484 2532 1861 2595 sacerdotali.
1894 2531 2086 2607 Quod
2120 2531 2387 2593 omnino
2418 2531 2612 2608 vebia,
2643 2530 3006 2592 sanctissimi
3027 2544 3240 2611 patres,

641 2640 706 2700 in
739 2640 949 2701 vestris
979 2640 1312 2722 parrochiis
1343 2639 1837 2701 interdicendum
1872 2658 2002 2700 esse
2033 2638 2261 2702 scitote.

858 2767 961 2815 77.
1007 2747 1372 2809 Clericis.
1435 2748 1519 2810 Ut
1563 2748 1645 2809 illi
1687 2747 1906 2824 clerici,
1939 2747 2047 2827 qui
2078 2767 2142 2809 se
2175 2746 2422 2825 fingunt
2453 2746 2664 2807 habitu
2698 2746 2794 2807 vel
2825 2745 3080 2806 nomine
3112 2761 3242 2804 mo-

645 2854 878 2915 nachos
909 2874 1059 2930 esse,
1092 2870 1151 2916 et
1182 2873 1312 2915 non
1344 2870 1508 2931 sunt,
1542 2855 1930 2917 omnimodis
1951 2854 2192 2915 videtur
2211 2854 2606 2934 corrigendos
2626 2868 2808 2933 atque
2827 2849 3245 2913 emendandos

644 2980 794 3039 esse,
826 2977 893 3021 ut
923 2961 1019 3021 vel
1051 2962 1178 3022 veri
1210 2961 1499 3023 monachi
1531 2962 1651 3023 sint
1683 2962 1777 3022 vel
1809 2960 1935 3022 veri
1966 2960 2261 3022 canonici.

863 3067 964 3135 78.
1012 3067 1298 3129 Omnib
1318 3087 1419 3132 us.
1468 3068 1617 3130 Item
1651 3084 1710 3129 et
1742 3067 2175 3149 pseudografia
2208 3083 2266 3129 et
2299 3067 2523 3129 dubiae
2546 3066 2944 3144 narrationes,
2977 3063 3072 3125 vel
3090 3081 3246 3143 quae

646 3173 910 3235 omnino
943 3189 1153 3234 contra
1187 3173 1373 3233 fidem
1406 3172 1767 3235 catholicam
1799 3189 1945 3235 sunt
1975 3189 2033 3234 et
2053 3174 2310 3254 epistola
2331 3173 2593 3253 pessima
2614 3188 2674 3234 et
2694 3172 3029 3248 falsissima,
3062 3188 3247 3251 quam

646 3296 949 3340 transacto
995 3297 1163 3341 anno
1209 3280 1494 3342 dicebant
1538 3280 1729 3361 aliqui
1762 3296 2033 3342 errantes
2066 3296 2123 3341 et
2153 3281 2220 3340 in
2253 3298 2523 3341 errorem
2556 3279 2717 3340 alios
2738 3279 3047 3339 mittentes
3079 3275 3249 3358 quod

647 3388 723 3447 de
756 3387 891 3447 celo
923 3386 1256 3466 cecidisset,
1305 3405 1417 3447 nec
1450 3386 1776 3448 credantur
1808 3405 1922 3447 nec
1956 3385 2240 3467 legantur
2269 3385 2377 3446 sed
2411 3387 2849 3462 conburentur,
2881 3403 2959 3445 ne
2991 3384 3056 3445 in
3088 3401 3249 3444 erro-

647 3513 778 3555 rem
826 3512 934 3574 per
965 3493 1104 3554 talia
1151 3494 1373 3574 scripta
1419 3493 1693 3574 populus
1737 3494 2028 3557 mittatur.
2090 3493 2214 3555 Sed
2247 3492 2363 3555 soli
2398 3492 2679 3554 canonici
2712 3491 2846 3552 libri
2879 3506 2937 3551 et
2968 3488 3249 3551 catholici

648 3616 934 3663 tractatus
967 3618 1024 3662 et
1054 3616 1412 3662 sanctorum
1445 3616 1769 3662 auctorum
1802 3601 1962 3661 dicta
1993 3600 2278 3680 legantur
2308 3616 2366 3661 et
2398 3600 2727 3661 tradantur.

861 3729 967 3787 79.
1017 3706 1356 3788 Aliquid
1401 3708 2003 3781 sacerdotibus,
2053 3707 2367 3788 aliquid
2418 3706 2808 3767 omnibus.
2871 3703 3021 3764 Item
3057 3718 3125 3764 ut
3154 3702 3246 3763 isti

646 3834 986 3897 mangones
1030 3830 1089 3875 et
1133 3814 1409 3875 cotiones
1449 3814 1558 3894 qui
1604 3813 1734 3874 sine
1767 3814 1942 3875 omni
1973 3813 2110 3895 lege
2141 3812 2492 3892 vagabundi
2524 3812 2758 3873 vadunt
2790 3830 2897 3891 per
2926 3810 3107 3871 istam
3137 3824 3254 3870 ter-

647 3941 798 4000 ram,
832 3941 964 3983 non
995 3921 1274 3982 sinantur
1304 3940 1522 4001 vagare
1553 3935 1611 3981 et
1642 3920 2040 4001 deceptiones
2071 3921 2433 3981 hominibus
2460 3938 2660 3999 agere,
2692 3937 2806 3979 nec
2825 3917 2922 3978 isti
2945 3916 3100 3979 nudi
3121 3934 3254 3976 cum

649 4029 829 4107 ferr0,
864 4029 972 4109 qui
1006 4028 1222 4089 dicunt
1252 4047 1317 4088 se
1348 4028 1484 4088 data
1516 4028 1631 4088 sibi
1665 4028 2042 4108 poenitentia
2074 4028 2163 4089 ire
2193 4044 2507 4108 vagantes:
2558 4025 2782 4088 melius
2813 4024 3074 4101 videtur,
3106 4038 3174 4085 ut
3202 4022 3251 4083 si

648 4135 883 4214 aliquid
915 4134 1353 4196 inconsuetum
1387 4148 1445 4194 et
1478 4133 1732 4213 capitale
1765 4133 2001 4194 crimen
2034 4133 2448 4211 conmiserint,
2480 4148 2547 4193 ut
2579 4132 2646 4194 in
2678 4150 2807 4193 uno
2839 4132 2982 4192 loco
3012 4149 3249 4212 perma-

648 4256 835 4302 neant
877 4240 1222 4302 laborantes
1267 4256 1328 4300 et
1358 4240 1687 4301 servientes
1718 4256 1775 4301 et
1807 4240 2243 4321 paenitentiam
2276 4257 2522 4321 agentes
2555 4240 2902 4302 secundum
2934 4238 3110 4318 quod
3140 4235 3251 4298 sibi

650 4348 947 4409 canonice
979 4347 1320 4427 inpositum
1350 4347 1444 4408 sit.

865 4455 966 4517 80.
1015 4453 1248 4514 Omni
1280 4453 1512 4518 clero.
1546 4454 1630 4517 Ut
1661 4469 1912 4516 cantum
1947 4454 2305 4515 Romanum
2339 4454 2600 4534 pleniter
2630 4453 2882 4527 discant,
2914 4468 2973 4514 et
3005 4452 3253 4513 ordina-

651 4559 850 4622 biliter
881 4579 990 4640 per
1022 4561 1383 4622 nocturnale
1415 4560 1510 4621 vel
1541 4561 1786 4640 gradale
1820 4560 2099 4623 officium
2121 4577 2464 4642 peragatur,
2485 4561 2833 4622 secundum
2854 4560 3028 4640 quod
3048 4561 3253 4621 beatae

650 4668 978 4733 memoriae
1020 4668 1263 4748 genitor
1308 4684 1517 4730 noster
1548 4669 1851 4749 Pippinus
1896 4687 1998 4730 rex
2032 4669 2357 4730 decertavit
2387 4683 2454 4728 ut
2486 4667 2674 4745 fieret,
2707 4667 2960 4747 quando
2993 4664 3252 4730 Gallica·

652 4795 806 4837 num
851 4776 988 4838 tulit
1031 4779 1113 4837 ob
1156 4776 1624 4838 unanimitatem
1656 4776 2029 4857 apostolicae
2062 4776 2223 4836 sedis
2257 4792 2313 4837 et
2345 4791 2589 4836 sanctae
2623 4775 2737 4837 Dei
2769 4774 3060 4837 aeclesiae
3092 4773 3252 4854 paci·

652 4884 830 4947 ficam
863 4884 1283 4947 concordiam.
