3684 5416
409 1532 461 1565 ¹0

408 2066 458 2109 ¹5

404 3134 458 3177 25

397 3676 463 3721 ‚30

396 4212 458 4257 “35

1615 356 2042 427 Metropolitae.
3037 367 3140 438 569

516 538 907 620 peculiarem,
955 554 1014 600 et
1060 537 1389 616 Vicariam,
1439 555 1497 600 et
1542 541 1883 603 secundam
1931 563 2063 604 esse
2110 562 2248 627 post
2296 547 2457 608 hanc
2488 547 2744 610 Almam'
2785 550 3137 613 Romanam

512 647 746 724 sedem,
779 646 936 707 sicut
967 645 1119 708 olim
1150 667 1184 707 a
1216 646 1407 708 Beato
1439 647 1620 709 Petro
1655 652 1959 730 Apostolo
1991 671 2356 715 concessum
2378 653 2565 716 fuisse
2588 656 2848 718 videtur.
2880 658 3140 739 Insuper

515 753 692 815 vobis
722 752 1066 833 vestrisque
1097 754 1575 833 successoribus,
1623 757 1980 838 Apostolica
2027 760 2383 822 auctoritate
2416 761 2678 823 Pallium
2711 765 3135 845 concedimus,

517 881 648 943 quo
694 881 804 922 vos
848 861 926 922 ad
959 860 1290 924 Missarum
1334 862 1635 925 solemnia
1681 866 2046 928 celebranda
2079 867 2167 928 uti
2200 868 2494 929 volumus
2527 869 2592 930 in
2623 869 2823 930 Natali
2856 870 3138 949 Domini,

517 989 587 1030 ac
618 968 1002 1030 solemnitate
1034 968 1438 1051 Epiphaniae,
1473 986 1534 1032 et
1565 971 1630 1032 in
1664 988 1936 1052 quatuor
1968 973 2027 1034 S.
2052 974 2279 1036 Mariae
2312 973 2752 1055 festivitatibus,
2784 992 2844 1037 et
2873 977 2938 1038 in
2973 976 3137 1056 ejus-

518 1077 662 1138 dem
693 1076 1079 1138 dedicatione
1111 1076 1435 1155 Ecclesiae,
1472 1094 1529 1139 et
1564 1078 1625 1140 in
1657 1078 1758 1141 die
1790 1080 2063 1141 Natalitii
2094 1082 2211 1161 sui,
2244 1097 2303 1143 et
2334 1082 2399 1144 in
2432 1081 2648 1144 Coena
2669 1083 2945 1162 Domini,
2979 1099 3039 1145 et
3071 1085 3138 1146 in

517 1184 615 1244 die
650 1183 709 1247 S.
741 1183 1029 1260 Paschae,
1074 1199 1132 1244 et
1176 1183 1241 1246 in
1275 1185 1660 1247 Ascensione
1695 1186 1975 1265 Domini,
2009 1202 2067 1247 et
2099 1188 2164 1248 in
2197 1187 2296 1248 die
2330 1188 2389 1250 S.
2423 1189 2812 1251 pentecostes
2843 1205 2901 1250 et
2934 1190 2999 1250 in
3031 1210 3138 1252 na-

519 1290 743 1352 tivitate
790 1290 850 1351 S.
885 1290 1143 1352 Joannis
1174 1291 1498 1372 Baptistae,
1544 1308 1730 1373 atque
1778 1293 1844 1353 in
1892 1292 2311 1356 festivitatibus
2344 1297 2630 1357 omnium
2667 1297 3135 1378 Apostolorum,

517 1413 575 1458 et
607 1398 672 1459 in
705 1396 1016 1459 festivitate
1049 1398 1337 1459 omnium
1372 1398 1764 1475 Sanctorum,
1799 1415 1858 1462 et
1891 1400 1956 1462 in
1990 1402 2239 1463 caeteris
2266 1401 2562 1463 omnibus
2594 1402 2939 1485 praecipuis
2973 1404 3138 1464 festi-

516 1505 822 1580 vitatibus,
871 1525 985 1566 nec
1031 1524 1162 1565 non
1210 1505 1274 1566 in
1324 1507 1785 1568 consecratione
1821 1507 2300 1590 Episcoporum.
2366 1508 2458 1569 De
2493 1509 2771 1571 rationali
2803 1525 3012 1571 autem
3045 1511 3138 1572 id-

517 1615 719 1697 ipsum
751 1615 1179 1697 praecipimuS,
1227 1632 1293 1676 ut
1339 1614 1404 1675 in
1449 1615 1699 1677 caeteris
1733 1616 2158 1678 festivitatibus
2192 1617 2473 1698 utamini,
2509 1618 3048 1698 quemadmodum
3079 1634 3137 1679 et

518 1724 594 1783 de
629 1721 838 1784 Pallio.
902 1722 1158 1802 Insuper
1204 1738 1409 1784 autem
1459 1723 1635 1784 vobis
1668 1723 2010 1803 vestrisque
2043 1723 2502 1787 successoribus
2533 1725 2889 1806 Apostolica
2923 1740 3138 1787 aucto-

520 1830 691 1891 ritate
741 1829 1063 1890 universos
1113 1829 1453 1912 Episcopos
1500 1830 1560 1892 S.
1593 1829 2017 1911 Aquileiensis
2064 1829 2373 1892 Ecclesiae
2424 1830 2815 1911 pertinentes,
2861 1852 2974 1894 nec
3007 1851 3139 1895 non

519 1935 891 1997 Monasteria
923 1982 937 1996 .
970 1982 984 1996 .
1018 1986 1031 1999 .
1064 1952 1247 2017 atque
1280 1938 1464 1999 etiam
1497 1938 1824 2000 parochias
1858 1954 2109 2000 cunctas
2141 1938 2345 2001 eidem
2366 1939 2804 2000 patriarchatui
2827 1940 3138 2021 pertinen-

517 2059 605 2104 tes
652 2062 794 2104 cum
840 2042 1135 2104 omnibus
1183 2045 1486 2126 plebibus,
1535 2045 1744 2125 titulis,
1792 2046 2098 2122 Ecclesiis,
2146 2066 2254 2107 seu
2290 2046 2578 2128 CapelliS,
2613 2045 2912 2125 Castellis,
2947 2046 3141 2125 vinis,

517 2150 690 2211 terris
720 2149 916 2222 cultis,
966 2166 1023 2210 et
1055 2150 1318 2229 incultis,
1365 2171 1476 2212 seu
1509 2151 2025 2213 decimationibus
2060 2172 2279 2215 eorum
2316 2171 2461 2214 cum
2493 2152 2773 2228 exitibus,
2807 2153 2904 2213 vel
2937 2153 3140 2215 reddi-

517 2257 676 2318 tibus
709 2276 948 2335 eorum,
982 2278 1092 2319 seu
1124 2277 1271 2320 cum
1304 2259 1600 2320 omnibus
1632 2259 1996 2321 utensilibus
2031 2279 2272 2337 eorum,
2324 2276 2381 2321 et
2414 2258 2797 2341 appenditiis,
2832 2260 3140 2338 quaesitis,

517 2364 610 2424 vel
663 2364 1064 2445 inquirendis,
1119 2384 1275 2445 quae
1327 2365 1444 2427 dici
1495 2367 1590 2427 vel
1641 2366 1948 2427 nominari
1995 2383 2274 2448 possunt.
2337 2367 2465 2427 Nec
2513 2385 2644 2427 non
2692 2365 3138 2428 confirmamus

515 2471 691 2532 vobis
723 2472 1062 2552 vestrisque
1092 2473 1551 2534 successoribus
1584 2473 1877 2549 Insulam,
1911 2493 2070 2554 quae
2093 2473 2337 2535 Gradus
2372 2488 2640 2550 vocatur,
2675 2492 2820 2534 cum
2842 2472 3139 2534 omnibus

515 2577 642 2638 suis
677 2577 1073 2659 pertinentiis,
1109 2598 1268 2659 quae
1305 2578 1620 2642 barbarico
1653 2579 1888 2660 impetu
1921 2581 1998 2641 ab
2032 2581 2254 2642 eadem
2289 2578 2671 2660 Aquileiensi
2691 2579 2959 2641 Ecclesia
2992 2582 3137 2640 sub-

516 2700 701 2747 tracta
733 2684 996 2764 fuerant,
1046 2702 1103 2748 et
1150 2686 1304 2748 falso
1336 2687 1727 2750 patriarchali
1762 2687 2016 2749 nomine
2053 2689 2355 2766 utebatur,
2391 2689 2467 2749 de
2499 2707 2622 2768 qua
2656 2687 2832 2749 multi
2865 2702 3139 2749 anteces-

517 2812 685 2854 sores
718 2794 918 2870 vestri,
950 2794 1338 2874 temporibus
1369 2813 1660 2856 meorum
1692 2810 2176 2871 antecessorum,
2221 2810 2280 2855 et
2313 2795 2656 2855 multorum
2691 2793 3140 2875 Imperatorum

517 2920 622 2983 per
667 2900 893 2963 multas
926 2900 1220 2983 Synodos
1267 2902 1825 2983 proclamaverunt,
1871 2904 1948 2964 ad
1998 2923 2153 2985 quas
2186 2902 2470 2964 aemulus
2501 2918 2647 2964 tuus
2680 2901 2992 2964 multoties
3024 2901 3140 2984 Sy-

516 3009 723 3070 nodali
768 3010 1123 3087 sententiae,
1171 3027 1230 3071 et
1261 3010 1568 3092 Imperiali
1601 3027 1931 3093 praecepto
1965 3026 2220 3072 vocatus
2252 3009 2459 3071 venire
2491 3010 2715 3094 renuit,
2749 3010 2915 3071 unde
2951 3009 3139 3070 inter-

516 3133 702 3177 ventu
735 3116 920 3177 etiam
952 3131 1012 3177 et
1045 3117 1341 3198 petitione
1374 3117 1581 3178 dilecti
1613 3117 1722 3179 filii
1757 3118 1951 3181 nostri
1985 3117 2263 3181 Conradi
2296 3117 2686 3199 Imperatoris
2719 3116 2986 3195 Augusti
3025 3115 3142 3197 Sy-

518 3223 758 3286 nodum
791 3223 1327 3304 congregavimus,
1364 3224 1428 3284 in
1462 3244 1586 3304 qua
1620 3223 1798 3285 multi
1832 3239 2132 3285 nostrates
2153 3239 2212 3284 et
2233 3224 2645 3303 Langobardi,
2679 3240 2736 3284 et
2757 3221 3138 3284 Theutonici

515 3330 820 3412 Episcopi,
871 3346 931 3391 et
984 3332 1250 3391 Abbates
1301 3330 1731 3404 interfuerunt,
1781 3331 1860 3391 ad
1907 3351 2095 3412 quam
2144 3330 2273 3410 ipse
2322 3331 2617 3392 canonice
2652 3345 2902 3391 vocatus
2935 3329 3141 3390 venire

518 3438 763 3499 distulit.
825 3437 1013 3499 Unde
1060 3436 1291 3513 judicio
1339 3437 1625 3498 omnium
1676 3438 2136 3517 Episcoporum
2183 3437 2291 3516 qui
2326 3437 2595 3513 aderant,
2631 3436 2900 3496 restituta
2934 3451 3022 3495 est
3055 3436 3140 3496 ibi

516 3545 732 3606 eadem
765 3545 970 3606 Insula
1003 3564 1146 3606 cum
1183 3545 1478 3606 omnibus
1510 3544 1637 3604 suis
1671 3542 2069 3624 pertinentiis,
2105 3558 2172 3602 ut
2203 3543 2557 3602 secundum
2591 3542 2798 3602 Deum
2830 3556 2886 3601 et
2919 3556 3137 3603 votum

519 3668 789 3713 vestrum
833 3671 971 3712 eam
1018 3651 1303 3713 ordinare
1354 3650 1529 3711 vobis
1572 3649 1765 3725 liceat,
1813 3649 1909 3710 vel
1956 3648 2188 3727 omnia,
2238 3669 2397 3729 quae
2431 3651 2545 3709 sub
2580 3648 2712 3724 jure
2746 3667 2815 3708 ac
2849 3648 3134 3708 dominio

520 3759 963 3821 patriarchatus
1011 3758 1263 3839 praefati
1315 3757 1607 3835 adjacere,
1673 3756 1768 3818 vel
1822 3757 2126 3837 pertinere
2178 3771 2541 3831 noscuntur,
2603 3756 3142 3835 quemadmodum

520 3866 914 3927 Beatissimus
947 3867 1161 3927 Petrus
1196 3866 1536 3946 Apostolus
1582 3865 1733 3925 olim
1767 3884 1884 3926 suo
1918 3862 2223 3944 discipulo
2260 3864 2471 3924 Marco
2504 3861 2946 3941 Evangelistae,
2978 3860 3141 3938 ejus-

520 3991 642 4053 que
688 3972 935 4053 sequaci
984 3972 1248 4051 eleganti
1294 3972 1425 4034 viro
1460 3972 1881 4051 Hermagorae
1914 3969 2299 4031 contradidit.
2365 3970 2716 4031 Statuentes
2750 3969 2933 4048 igitur
2966 3972 3140 4048 Apo-

519 4079 729 4141 stolica
777 4099 1035 4142 censura
1082 4082 1200 4140 sub
1232 4080 1422 4140 divini
1457 4078 1665 4155 judicii
1699 4078 2126 4153 obtestatione,
2163 4094 2220 4139 et
2252 4076 2654 4139 anathematis
2685 4075 3010 4137 interdictu
3045 4074 3141 4134 in-

518 4186 893 4265 terdicimus,
942 4202 1010 4248 ut
1056 4185 1269 4248 nullus
1304 4206 1582 4267 unquam
1617 4201 1978 4247 nostrorum
2010 4204 2438 4246 successorum
2474 4183 2771 4262 Pontifex,
2808 4182 3142 4262 nullusque

516 4294 883 4375 Episcopus,
933 4294 1230 4375 nullaque
1278 4312 1522 4374 magna,
1570 4313 1881 4375 parvaque
1928 4311 2191 4374 persona
2238 4292 2302 4353 in
2349 4291 2491 4352 totis
2539 4290 2768 4351 finibus
2815 4289 2995 4351 vestri
3028 4288 3141 4349 Pa·

517 4400 894 4480 triarchatuS,
924 4402 1021 4462 vel
1055 4402 1503 4483 Episcoporum
1534 4417 1883 4463 vestrorum
1916 4399 2198 4461 dominio
2219 4397 2662 4481 pertinentium
2685 4396 3138 4457 ordinationem

519 4509 859 4589 quamlibet
888 4507 1089 4570 facere
1123 4525 1542 4590 praesumant,
1580 4509 1693 4569 nisi
1729 4524 1951 4581 vestro,
1989 4524 2465 4588 vestrorumque
2497 4522 2927 4567 successorum
2961 4501 3146 4563 fuerit

520 4634 850 4694 consensu,
901 4631 1212 4697 quatenus
1246 4615 1661 4676 Ecclesiarum
1707 4614 1959 4676 ordines
2006 4632 2152 4675 cum
2186 4614 2301 4675 Dei
2346 4612 2658 4691 adjutorio
2692 4611 2904 4672 sedule
2937 4627 3141 4669 accre-

519 4738 707 4784 scant.
742 4722 806 4783 Si
838 4723 980 4803 quis
1012 4737 1240 4797 autem,
1274 4721 1450 4802 quod
1483 4739 1616 4782 non
1649 4736 1956 4802 optamus,
1992 4720 2318 4781 temerario
2350 4739 2507 4781 ausu
2542 4717 2731 4796 hujus
2753 4714 2946 4777 nostri
2969 4720 3141 4795 Apo-

519 4828 717 4890 stolici
748 4830 1050 4911 privilegii
1083 4845 1497 4910 transgressor
1530 4828 1807 4906 extiterit,
1857 4828 2004 4889 sciat
2036 4848 2101 4888 se
2133 4829 2492 4889 auctoritate
2527 4825 2642 4887 Dei
2676 4821 3140 4904 omnipotentis,

521 4952 581 4998 et
613 4936 1060 5018 Apostolorum
1097 4936 1397 5017 Principis
1449 4935 1626 5013 Petri,
1672 4950 1730 4996 et
1777 4935 1973 5011 Pauli,
2028 4951 2085 4995 et
2133 4950 2365 5012 nostra,
2414 4934 2523 5015 qui
2570 4951 2792 4994 eorum
2827 4928 3144 5009 fungimur
