3684 5416
524 1463 576 1496 10

526 2012 574 2057 ι5

529 3080 580 3123 ²5

531 3614 585 3660 30

532 4153 583 4199 35

626 296 729 364 248
1252 300 1516 355 Potestas
1556 300 1936 356 ecclesiastica
1975 313 2032 356 et
2069 299 2372 372 imperium
2410 299 2587 355 civile.

803 491 832 550 S
871 502 970 562 33.
1023 484 1199 543 Pacta
1232 501 1457 562 autem,
1489 485 1949 564 transactiones,
1986 485 2430 547 conventiones
2450 500 2558 546 aut
2578 486 3031 565 concessioneS,
3065 506 3229 567 quae

625 586 783 647 inter
815 587 963 647 tales
992 588 1381 650 immediatos
1414 590 1659 672 Imperii
1693 591 1898 652 Status
1932 610 2279 672 eorumque
2312 591 2515 654 Status
2549 591 2957 673 provinciales
2990 609 3048 654 et
3078 596 3226 655 sub·-

625 694 784 755 ditos
830 697 1212 777 supradictos
1259 698 1334 759 de
1368 698 1616 779 publico
1649 699 1746 759 vel
1777 698 1958 759 etiam
1994 698 2231 780 privato
2263 698 2546 760 exercitio
2581 699 2923 779 Religionis
2952 699 3231 761 introdu-

625 802 846 880 cend0,
896 803 1311 884 permittendo
1345 821 1404 867 et
1435 807 1862 868 conservando
1893 822 2034 867 ante
2066 806 2180 866 hac
2213 806 2703 883 intercesserunt,
2738 805 2921 867 initae
2954 822 3012 867 et
3045 806 3231 867 factae

624 926 787 987 sunt,
821 926 1077 972 eatenus
1107 927 1269 972 ratae
1302 927 1362 973 et
1393 912 1605 974 firmae
1627 931 1940 992 manent0,
1965 931 2273 995 quatenus
2293 911 2711 974 observantiae
2732 912 2874 974 dicti
2894 913 3036 975 anni
3070 915 3232 990 1624

625 1036 755 1078 non
800 1018 1221 1097 adversantur,
1273 1039 1386 1080 nec
1437 1022 1512 1080 ab
1559 1021 1775 1081 iisdem
1812 1020 1927 1081 nisi
1961 1037 2182 1082 mutuo
2214 1039 2523 1081 consensu
2557 1022 2839 1082 recedere
2873 1021 3065 1096 liceat,
3098 1041 3230 1082 non

627 1122 886 1199 attentis,
921 1125 1028 1185 sed
1064 1125 1412 1187 annihilatis
1444 1128 1737 1190 omnibus
1770 1127 1916 1189 anni
1961 1130 2144 1206 1624.
2169 1126 2609 1204 observantiae,
2635 1143 2848 1208 utpote
2868 1147 3026 1207 quae
3048 1127 3234 1188 instar

626 1230 872 1311 regulae
906 1231 1197 1311 obtineat,
1245 1234 1566 1296 contrariis
1612 1236 1747 1297 latis
1778 1236 2116 1314 sententiis,
2150 1236 2570 1310 reversalibus‚
2603 1235 2812 1316 pactis,
2846 1237 3234 1317 quibuscun-

627 1357 750 1417 que
800 1337 1331 1398 transactionibus.
1396 1340 1470 1400 Et
1521 1339 1679 1401 inter
1726 1341 1844 1419 illa,
1896 1361 2056 1422 quae
2104 1342 2447 1423 Episcopus
2496 1341 2897 1402 Hildesiensis
2936 1358 2994 1402 et
3027 1341 3234 1402 Duces

626 1446 1522 1526 Brunsvico-Luneburgenses
1568 1449 1643 1509 de
1678 1448 2001 1528 Religione
2047 1449 2306 1530 eiusque
2353 1447 2635 1509 exercitio
2669 1447 2951 1510 Statuum
2999 1464 3056 1509 et
3087 1449 3233 1509 sub-

627 1554 900 1616 ditorum
933 1554 1339 1636 Episcopatus
1371 1554 1773 1617 Hildesiensis
1805 1556 2124 1618 nonnullis
2158 1556 2345 1637 pactis
2377 1574 2542 1617 anno
2588 1557 2770 1636 1643.
2794 1571 3235 1635 transegerunt.

629 1662 1025 1742 Excipiantur
1056 1681 1200 1722 vero
1233 1683 1265 1722 a
1299 1662 1460 1723 dicto
1493 1664 1759 1725 termino
1781 1679 1838 1725 et
1859 1663 2194 1726 Catholicis
2215 1678 2600 1724 reserventur
2621 1683 2848 1724 novem
2870 1664 3236 1725 monasteria

629 1766 695 1828 in
725 1767 1099 1848 Episcopatu
1132 1767 1502 1829 Hildesiensi
1534 1767 1664 1846 sita,
1713 1767 1941 1849 quibus
1975 1768 2180 1830 Duces
2212 1767 2688 1830 Brunsvicenses
2722 1769 2897 1830 certis
2929 1768 3235 1831 conditio-

630 1875 815 1936 nibus
847 1875 1067 1936 eodem
1102 1893 1272 1935 anno
1304 1891 1636 1937 cesserunt.

844 1991 873 2051 S
912 2002 1008 2061 34
1072 1982 1304 2043 Placuit
1347 2002 1553 2062 porr0‚
1604 2000 1670 2044 ut
1720 1982 1807 2044 illi
1860 1982 2308 2044 catholicorum
2358 1984 2588 2044 subditi
2637 1991 3033 2064 Augustanae
3085 2005 3236 2048 con-

631 2088 882 2151 fessioni
926 2088 1167 2167 addicti,
1215 2105 1284 2149 ut
1329 2105 1388 2151 et
1432 2088 1713 2150 catholici
1763 2094 2163 2169 Augustanae
2215 2090 2614 2151 confessionis
2665 2106 2938 2153 statuum
2987 2092 3231 2169 subditi,

632 2196 739 2277 qui
785 2218 837 2257 a.
886 2198 1049 2275 1624
1095 2195 1414 2277 publicum
1461 2195 1558 2256 vel
1604 2197 1788 2257 etiam
1822 2196 2126 2276 privatum
2158 2196 2470 2274 religionis
2502 2217 2647 2258 suae
2682 2199 3035 2259 exercitium
3070 2199 3238 2260 nulla

630 2304 772 2364 anni
806 2318 971 2384 parte
1003 2303 1373 2376 habuerunt,
1419 2323 1530 2364 nec
1564 2322 1694 2363 non
1728 2303 1835 2383 qui
1869 2318 2008 2384 post
2042 2303 2261 2364 Pacem
2295 2304 2664 2383 publicatam
2699 2304 2990 2388 deinceps
3029 2306 3237 2367 futuro

628 2425 906 2491 tempore
953 2407 1257 2470 diversam
1288 2429 1321 2469 a
1352 2409 1670 2471 Territorii
1704 2410 1981 2482 Domino
2013 2409 2404 2489 Religionem
2439 2410 2889 2491 profitebuntur
2919 2429 2977 2473 et
3006 2414 3237 2494 ample-

636 2534 898 2594 ctentur,
921 2516 1559 2598 patientertolerentur
1591 2534 1649 2578 et
1687 2517 2059 2579 conscientia
2102 2516 2288 2577 libera
2321 2516 2489 2577 domi
2524 2517 2871 2579 devotionis
2901 2539 3070 2599 suae,
3108 2519 3238 2580 sine

633 2624 1034 2705 inquisitione
1080 2639 1187 2684 aut
1229 2623 1576 2685 turbatione
1621 2624 1904 2706 privatim
1952 2645 2181 2702 vacare,
2229 2625 2292 2685 in
2341 2624 2560 2685 vicinia
2593 2644 2739 2686 vero
2773 2625 2878 2685 ubi
2910 2640 2968 2686 et
3000 2625 3240 2706 quoties

633 2732 960 2813 voluerint,
1001 2730 1255 2813 publico
1288 2731 1604 2810 religionis
1638 2732 1927 2794 exercitio
1957 2732 2247 2793 interesse
2280 2732 2375 2791 vel
2408 2732 2634 2793 liberos
2665 2753 2815 2794 suos
2846 2733 3059 2794 exteris
3094 2752 3239 2795 suae

634 2838 946 2920 religionis
991 2837 1217 2899 scholis
1262 2854 1367 2899 aut
1411 2839 1658 2920 privatis
1703 2840 1877 2900 domi
1911 2838 2405 2921 praeceptoribus
2433 2839 2829 2903 instruendos
2860 2841 3241 2901 committere

636 2966 765 3008 non
801 2947 1257 3026 prohibeantur.
1291 2991 1306 3005 .
1340 2993 1353 3007 .
1387 2991 1401 3005 .

849 3061 878 3122 5
915 3074 1016 3133 35.
1085 3053 1223 3113 Sive
1270 3068 1477 3113 autem
1510 3053 1791 3113 catholici
1824 3052 1950 3113 sive
1982 3060 2377 3131 Augustanae
2409 3052 2810 3113 confessionis
2842 3052 3066 3113 fuerint
3094 3053 3242 3113 sub-

636 3162 765 3237 diti,
796 3160 1014 3221 nullibi
1047 3162 1125 3220 ob
1160 3158 1521 3238 religionem
1553 3160 1891 3240 despicatui
1914 3160 2271 3229 habeantur,
2296 3179 2408 3220 nec
2429 3179 2462 3219 a
2484 3173 2914 3235 mercatorum,
2945 3157 3244 3238 opificum

636 3284 742 3330 aut
787 3268 1062 3328 tribuum
1108 3266 1573 3341 communione,
1620 3267 2112 3344 haereditatibus,
2147 3266 2376 3345 legatis,
2413 3265 2837 3346 hospitalibuS,
2870 3264 3241 3345 leprosoriiS,

636 3374 1043 3456 eleemosynis
1087 3373 1293 3435 aliisve
1338 3373 1574 3434 iuribus
1626 3388 1730 3434 aut
1779 3373 2182 3451 commerciis,
2234 3374 2435 3434 multo
2467 3373 2675 3433 minus
2710 3372 2970 3454 publicis
3001 3389 3244 3431 coeme-

636 3483 800 3543 teriis
848 3482 1159 3543 honoreve
1205 3480 1553 3561 sepulturae
1601 3496 1919 3540 arceantur
1962 3526 1976 3540 .
2022 3526 2037 3541 .
2087 3479 2194 3540 sed
2240 3479 2303 3540 in
2347 3478 2442 3539 his
2490 3494 2548 3539 et
2592 3478 2895 3539 similibus
2942 3478 3068 3560 pari
3101 3496 3243 3538 curn

636 3589 994 3650 concivibus
1026 3588 1155 3648 iure
1191 3588 1549 3663 habeantur,
1583 3586 1822 3666 aequali
1858 3585 2082 3646 iustitia
2116 3585 2619 3667 protectioneque
2652 3584 2785 3646 tuti.

851 3706 880 3765 s
932 3697 1030 3776 36.
1106 3695 1352 3771 Quodsi
1398 3714 1544 3755 vero
1594 3694 1877 3755 subditus
1925 3728 2010 3738 -—
2055 3714 2164 3755 sua
2214 3709 2432 3773 sponte
2484 3693 2782 3772 emigrare
2831 3689 3094 3752 voluerit
3142 3704 3246 3748 aut

638 3828 670 3867 a
702 3803 1017 3866 Territorii
1065 3803 1338 3863 Domino
1371 3802 1572 3862 iussus
1606 3801 1802 3879 fuerit,
1831 3800 2094 3863 liberum
2130 3800 2186 3862 ei
2216 3801 2311 3877 sit,
2345 3816 2450 3862 aut
2482 3799 2726 3861 retentis
2758 3798 2935 3859 bonis
2966 3814 3071 3858 aut
3101 3795 3245 3856 alie-

640 3913 796 3973 natis
828 3911 1156 3987 discedere,
1191 3924 1419 3971 retenta
1453 3928 1560 3990 per
1582 3908 1894 3969 ministros
1914 3908 2339 3969 administrare
2359 3924 2417 3968 et
2438 3907 2680 3987 quoties
2701 3906 2855 3967 ratio
2874 3905 2937 3966 id
2959 3903 3241 3985 postulat,
3278 3890 3283 3895 ’

638 4019 715 4081 ad
761 4038 856 4079 res
901 4037 1042 4077 suas
1089 4014 1497 4097 inspiciendas
1540 4015 1635 4075 vel
1684 4014 2139 4096 persequendas
2170 4014 2304 4075 lites
2336 4033 2439 4074 aut
2471 4013 2673 4074 debita
2708 4012 3022 4091 exigenda,
3058 4010 3245 4070 libere

639 4141 698 4187 et
730 4125 861 4185 sine
891 4124 1078 4184 literis
1111 4137 1492 4184 commeatus
1524 4122 1707 4183 adire.

851 4244 879 4304 S
918 4255 1016 4314 37.
1079 4233 1478 4294 Conventum
1529 4247 1737 4293 autem
1785 4245 1897 4307 est,
1947 4246 2016 4291 ut
2047 4251 2080 4291 a
2112 4229 2593 4290 Territoriorum
2633 4227 2920 4289 Dominis
2952 4226 3069 4287 illis
3099 4226 3246 4285 sub-

638 4341 793 4417 ditis,
827 4342 935 4421 qui
970 4361 1173 4421 neque
1208 4340 1524 4421 publicum
1557 4358 1759 4419 neque
1795 4337 2098 4419 privatum
2145 4336 2497 4398 exercitium
2532 4335 2873 4414 Religionis
2904 4353 3051 4395 suae
3084 4331 3247 4394 dicto

638 4470 807 4511 anno
855 4451 1223 4527 habuerunt,
1275 4463 1335 4509 et
1384 4465 1586 4509 tamen
1637 4464 1915 4528 tempore
1964 4446 2304 4527 publicatae
2347 4444 2682 4526 praesentis
2714 4441 3153 4505 pacificationis
3185 4440 3249 4501 in

642 4557 827 4619 unius
876 4557 969 4616 vel
1020 4555 1269 4616 alterius
1319 4554 1662 4634 Religionis
1695 4553 1982 4614 Statuum
2035 4551 2539 4614 immediatorum
2590 4550 2926 4613 ditionibus
2978 4550 3249 4610 habitare

640 4663 1210 4746 deprehenduntur,
1260 4662 1487 4743 quibus
1535 4661 1621 4722 illi
1672 4660 1856 4721 etiam
1901 4658 2357 4720 annumerandi
2388 4672 2588 4735 erunt,
2624 4657 2731 4738 qui
2765 4659 2845 4718 ob
2879 4656 3249 4717 calamitates

641 4773 884 4834 bellicas
929 4769 1261 4846 evitandas,
1311 4788 1440 4829 nou
1486 4784 1692 4829 tamen
1738 4768 1951 4828 animo
1982 4765 2384 4827 transferendi
2419 4764 2802 4825 domicilium
2835 4763 2953 4823 alio
2987 4762 3251 4843 emigra-

642 4885 803 4951 r‘unt,
836 4893 894 4938 et
925 4876 1074 4937 facta
1112 4896 1254 4957 pace
1287 4875 1350 4936 iu
1386 4875 1640 4957 patriam
1671 4873 1867 4935 redire
1900 4872 2135 4949 volunt,
2166 4871 2463 4933 terminus
2494 4889 2622 4932 non
2655 4871 2861 4931 minor
2892 4868 3251 4949 quinquen—
