3684 5416
1359 390 1611 446 Ecclesia
1637 389 2048 463 antiquissima.
2945 413 3008 466 53

608 575 764 637 Can.
799 574 1066 636 XXVIII.
1114 575 1218 637 De
1247 576 1667 638 oblationibus
1698 596 1929 650 eorum,
1961 579 2071 658 qui
2098 597 2217 637 non
2250 580 2714 640 communicant.
2763 579 3016 659 Episco-

401 700 554 762 pum
587 681 814 762 placuit
844 683 920 741 ab
953 702 1051 755 eo,
1086 682 1193 763 qui
1230 701 1362 745 non
1401 683 1840 758 communicat,
1874 701 2111 745 munus
2141 684 2414 765 accipere
2446 703 2575 747 non
2611 686 2851 746 debere.

358 872 371 885 ο
613 789 770 851 Can.
807 788 1021 850 XXIX.
1059 788 1162 850 De
1192 793 1650 869 energumenis,
1685 791 1953 873 qualiter
1982 790 2326 853 habeantur
2343 794 2409 852 in
2428 792 2702 854 ecclesia.
2737 793 3015 874 Energu-

404 914 626 957 menus
675 895 784 977 qui
834 897 908 957 ab
956 897 1213 958 erratico
1263 897 1479 978 spiritu
1527 899 1884 978 exagitatur,
1932 899 2120 959 huius
2164 916 2400 961 nomen
2454 919 2657 979 neque
2709 901 2784 961 ad
2834 902 3017 961 altare

303 1026 332 1069 5
401 1021 553 1064 cum
584 1002 898 1065 oblatione
929 1022 1063 1065 esse
1094 1004 1500 1082 recitandum,
1543 1022 1656 1064 nec
1691 1003 2172 1086 permittendum
2205 1019 2275 1065 ut
2303 1024 2413 1066 sua
2448 1024 2638 1067 manu
2672 1006 2734 1068 in
2766 1006 3017 1068 ecclesia

400 1124 720 1171 ministret.

612 1216 768 1278 Can.
803 1216 996 1277 XXX.
1041 1217 1145 1278 De
1174 1216 1301 1292 his,
1335 1219 1447 1299 qui
1462 1225 1615 1299 post
1642 1218 1955 1279 lavacrum
1988 1218 2292 1280 moechati
2316 1226 2480 1293 sunt,
2513 1241 2588 1279 ne
2618 1220 3021 1283 subdiacones

374 1324 578 1402 siant.
614 1322 1047 1385 Subdiaconos
1085 1342 1193 1385 eos
1228 1324 1500 1386 ordinari
1534 1343 1665 1386 non
1699 1326 1941 1396 debere,
1973 1324 2081 1406 qui
2115 1324 2178 1386 in
2212 1325 2616 1386 adolescentia
2648 1346 2759 1387 sua
2793 1327 3021 1389 fuerint

401 1430 727 1502 moechati,
757 1449 836 1492 eo
867 1431 1043 1510 quod
1076 1431 1485 1511 postmodum
1522 1450 1628 1512 per
1660 1432 2125 1513 subreptionem
2159 1432 2236 1492 ad
2267 1430 2546 1492 altiorem
2577 1432 2842 1512 gradum
2874 1452 3019 1515 pro-

280 1562 337 1592 ιο
403 1552 799 1598 moveantur:
833 1538 930 1598 vel
960 1537 1012 1598 si
1046 1538 1155 1618 qui
1189 1553 1337 1599 sunt
1373 1537 1436 1600 in
1472 1538 1866 1619 praeteritum
1901 1538 2185 1615 ordinati,
2218 1555 2638 1601 amoveantur.

613 1645 765 1706 Can.
789 1644 1006 1706 XXXI.
1040 1645 1143 1707 De
1170 1646 1679 1720 adolescentibus,
1709 1649 1822 1726 qui
1830 1653 1981 1727 post
2004 1646 2316 1707 lavacrum
2337 1645 2641 1707 moechati
2654 1655 2814 1708 sunt.
2850 1648 3020 1710 Ado-

399 1752 716 1828 lescenteS‚
765 1753 874 1833 qui
924 1769 1060 1834 post
1108 1752 1295 1814 fidem
1343 1753 1561 1815 lavacri
1603 1752 1883 1814 salutaris
1917 1752 2144 1814 fuerint
2182 1751 2509 1825 moechati,
2553 1773 2697 1814 cum
2739 1755 3023 1816 duxerint

408 1880 653 1940 uxores,
686 1876 812 1922 acta
846 1860 1113 1942 legitima
1150 1860 1527 1941 poenitentia
1562 1860 1788 1942 placuit
1820 1861 1898 1921 ad
1932 1858 2452 1921 communionem
2488 1879 2596 1921 eos
2627 1861 2881 1922 admitti.

616 1967 769 2029 Can.
802 1968 1050 2029 XXXII.
1098 1969 1203 2030 De
1238 1971 1779 2029 excommunicatis
1795 1967 2199 2049 presbyteris,
2232 1975 2302 2028 ut
2331 1968 2396 2045 [l.
2429 1969 2504 2029 de
2521 1969 2925 2050 presbyteriS,
2959 1976 3028 2029 ut

284 2096 338 2139 ¹5
402 2076 973 2151 excommunicatis]
1021 2077 1087 2136 in
1141 2077 1507 2137 necessitate
1536 2077 2015 2136 communionem
2048 2074 2208 2135 dent.
2271 2076 2458 2155 Apud
2496 2077 2773 2156 presbyt<
2784 2095 2941 2145 rum,
2974 2076 3023 2135 si

404 2181 545 2261 quis
576 2180 742 2259 gravi
773 2180 948 2262 lapsu
983 2181 1043 2241 in
1079 2182 1332 2242 ruinam
1367 2183 1584 2243 mortis
1616 2181 1916 2257 inciderit,
1950 2181 2177 2261 placuit
2208 2201 2386 2260 agere
2422 2182 2858 2262 poenitentiam
2894 2201 3023 2243 non

405 2288 649 2365 debere,
695 2288 801 2349 sed
850 2287 1056 2369 potius
1088 2288 1262 2370 apud
1300 2288 1693 2370 episcopum:
1748 2303 2006 2367 cogente
2037 2303 2241 2348 tamen
2277 2285 2624 2347 infirmitate
2656 2305 2902 2348 necesse
2936 2303 3024 2347 est

405 2397 823 2477 presbyterem
876 2397 1404 2457 communionem
1458 2413 1758 2477 praestare
1812 2396 2056 2471 debere,
2108 2409 2168 2455 et
2217 2394 2539 2456 diaconem
2592 2394 2640 2453 si
2687 2392 2739 2453 ei
2787 2392 3026 2454 iusserit

404 2502 708 2563 sacerdos,

282 2630 347 2662 πο
619 2611 772 2671 Can.
807 2609 1079 2671 xxxlll.
1145 2608 1248 2669 De
1292 2610 1592 2690 episcopis
1637 2615 1697 2669 et
1739 2610 2071 2681 ministris,
2118 2615 2187 2668 ut
2222 2607 2302 2669 ab
2334 2608 2626 2668 uxoribus
2659 2607 3024 2667 abstineant.

406 2717 641 2779 Placuit
668 2717 734 2779 in
766 2733 972 2779 totum
1004 2717 1333 2798 prohibere
1368 2715 1688 2798 episcopis,
1722 2716 2090 2797 presbyteris
2121 2731 2179 2776 et
2210 2714 2575 2777 diaconibus
2606 2714 2701 2775 vel
2733 2714 3026 2776 omnibus

406 2824 641 2886 clericis
689 2825 901 2906 positis
947 2825 1010 2885 in
1044 2824 1389 2885 ministerio
1424 2822 1722 2885 abstinere
1754 2842 1819 2883 se
1852 2845 1885 2884 a
1917 2823 2293 2902 coniugibus
2323 2823 2452 2883 suis
2484 2839 2543 2883 et
2574 2841 2702 2883 non
2734 2840 3026 2901 generare

406 2931 606 3006 filios;
656 2931 1040 3012 quicumque
1072 2951 1219 2993 vero
1253 2930 1477 3005 fecerit,
1508 2933 1585 2991 ab
1619 2932 1858 2993 honore
1891 2931 2209 2991 clericatus
2239 2929 2688 2993 exterminetur.

621 3039 774 3101 Can.
806 3040 1085 3101 XXXIV.
1151 3038 1247 3099 Ne
1276 3041 1445 3100 cerei
1477 3040 1544 3099 in
1576 3040 1960 3099 coemeteriis
1993 3039 2417 3100 incendantur.
2457 3039 2688 3100 Cereos
2721 3056 2830 3118 per
2858 3036 3023 3097 diem

288 3166 345 3209 25
409 3145 638 3226 placuit
668 3145 730 3207 in
765 3146 1139 3208 coemeterio
1174 3164 1305 3207 non
1339 3145 1612 3220 incendi,
1647 3144 2035 3224 inquietandi
2068 3145 2233 3205 enim
2256 3160 2610 3206 sanctorum
2631 3144 2879 3225 spiritus
2902 3161 3028 3204 non

410 3269 573 3314 sunt.
641 3251 770 3326 Qui
805 3254 954 3314 haec
988 3270 1118 3314 non
1151 3252 1635 3326 observaverint,
1669 3268 1993 3313 arceantur
2025 3253 2101 3312 ab
2134 3252 2420 3312 ecclesiae
2454 3250 2921 3312 communione.

624 3359 778 3421 Can.
814 3360 1067 3422 XXXV.
1125 3359 1215 3420 Ne
1227 3361 1557 3438 foeminae
1603 3362 1667 3420 in
1700 3360 2078 3420 coemeteriis
2096 3358 2491 3440 pervigilent.
2559 3357 2786 3417 Placuit
2818 3357 3030 3438 prohi-

408 3465 539 3526 beri
581 3485 660 3526 ne
705 3465 1012 3528 foeminae
1062 3466 1125 3527 in
1175 3466 1557 3527 coemeterio
1604 3465 1990 3547 pervigilent,
2038 3485 2116 3527 eo
2160 3465 2333 3545 quod
2380 3483 2559 3545 saepe
2606 3467 2722 3525 sub
2771 3466 3029 3526 obtentu

407 3574 709 3635 orationis
742 3575 999 3634 latenter
1029 3573 1255 3634 scelera
1287 3573 1701 3634 committunt.

290 3702 351 3746 30
623 3682 777 3743 Can.
831 3680 1108 3742 XXXVI.
1185 3680 1278 3741 Ne
1334 3682 1623 3762 picturae
1685 3681 1751 3739 in
1809 3680 2070 3739 ecclesia
2108 3680 2290 3756 siant.
2361 3679 2592 3740 Placuit
2641 3679 2907 3759 picturas
2970 3677 3030 3738 in

410 3788 661 3850 ecclesia
707 3808 840 3848 esse
888 3807 1018 3849 non
1063 3788 1306 3865 debere,
1360 3806 1439 3848 ne
1492 3785 1665 3866 quod
1718 3785 1939 3846 colitur
1988 3801 2047 3845 et
2095 3786 2385 3847 adoratur
2434 3785 2499 3845 in
2547 3785 2877 3864 parietibus
2924 3784 3032 3844 de-

411 3895 718 3978 pingatur.

624 4003 780 4065 Can.
816 4003 1115 4064 XXXVII.
1149 4003 1255 4064 De
1288 4003 1718 4082 energumenis
1751 4020 1871 4060 non
1908 3998 2254 4081 baptizatis.
2289 4000 2414 4076 Eos
2446 3999 2554 4080 qui
2584 4002 2660 4061 ab
2692 3998 3034 4060 immundis

410 4111 725 4193 spiritibus
763 4125 1074 4186 vexantur,
1121 4109 1172 4170 si
1210 4109 1273 4170 in
1313 4108 1437 4170 fine
1477 4108 1695 4168 mortis
1735 4106 1959 4168 fuerint
2001 4107 2339 4186 constituti,
2387 4109 2674 4190 baptizari
2714 4108 2934 4190 placen
2984 4106 3031 4166 si

296 4235 353 4278 35
413 4219 627 4280 fideles
658 4218 900 4295 fuerint,
929 4218 1201 4279 dandam
1225 4236 1356 4278 esse
1378 4216 1915 4276 communionem.
1952 4215 2418 4277 Prohibendum
2438 4216 2641 4292 etiam,
2660 4236 2736 4277 ne
2753 4216 3035 4276 lucernas

416 4326 478 4387 hi
512 4323 755 4407 publice
788 4325 1152 4399 accendant;
1201 4324 1251 4384 si
1289 4323 1481 4384 facere
1514 4339 1723 4384 contra
1758 4322 2157 4384 interdictum
2190 4323 2517 4402 voluerint,
2551 4323 2971 4384 abstineantur
3003 4342 3033 4382 a

415 4433 882 4495 communione.

634 4540 788 4602 Can.
806 4539 1134 4602 XXXVIII.
1164 4539 1248 4600 Ut
1267 4541 1330 4599 in
1353 4542 1716 4600 necessitate
1736 4547 1798 4600 et
1791 4540 2031 4620 fideles
2051 4539 2372 4622 baptizent.
2403 4541 2573 4600 Loco
2595 4558 2845 4621 peregre
2868 4540 3036 4600 navi-

422 4664 636 4732 gantes
667 4663 774 4709 aut
805 4648 852 4708 si
887 4647 1138 4709 ecclesia
1173 4647 1444 4727 proxima
1479 4667 1611 4708 non
1653 4647 1851 4724 fuerit,
1874 4668 2054 4729 posse
2088 4648 2360 4726 fidelem,
2391 4649 2499 4729 qui
2518 4649 2828 4709 lavacrum
2848 4667 3034 4708 suum

300 4780 363 4819 40
421 4755 734 4836 integrum
768 4755 947 4815 habet
978 4772 1094 4815 nec
1124 4754 1198 4814 sit
1230 4754 1535 4833 bigamus
1568 4753 1869 4834 baptizare
1904 4753 1967 4813 in
2001 4754 2358 4815 necessitate
2379 4754 2742 4815 infirmitatis
2765 4754 3037 4834 positum

421 4863 959 4938 catechumenum,
1007 4861 1085 4923 ita
1134 4877 1202 4923 ut
1247 4863 1296 4923 si
1344 4861 1752 4943 supervixerit
1803 4863 1880 4922 ad
1914 4861 2278 4943 episcopum
2311 4881 2457 4923 eum
2489 4863 2799 4942 perducat,
2836 4877 2901 4922 ut
2934 4881 3043 4943 per

427 4987 651 5030 manus
682 4967 1142 5050 impositionem
1176 4967 1383 5050 perfici
1416 4967 1627 5049 possit.
