3684 5416
348 1627 409 1659 '10

349 2164 405 2208 ἱ5

340 2697 406 2731 ’20

337 3243 400 3287 ³25

340 4315 398 4360 ⁴35

336 4961 401 5001 ⁴0

1534 357 1705 413 Curia
1743 375 2004 414 romana.
2977 382 3007 436 5
3020 375 3036 418 i
3050 381 3079 437 5

454 589 889 672 >Congregatio
936 592 1125 666 VIII„
1160 603 1288 675 pro
1322 593 1713 670 Executione,
1758 603 1819 657 et
1858 597 2371 681 Interpretatione
2404 600 2687 663 Concilii
2721 600 3082 664 Tridentini.

680 755 817 816 Deo
848 771 1054 815 autem
1091 755 1246 836 patri
1281 755 1844 818 misericordiarum
1875 759 2096 837 gratias
2128 775 2397 840 agentes,
2430 762 2538 842 qui
2572 762 2635 823 in
2657 761 3082 824 Oecumenico

463 861 751 923 Concilio
782 861 1158 924 Tridentino
1204 862 1468 945 Spiritus
1513 864 1702 925 sancti
1750 865 1990 927 lumine
2037 867 2288 945 diffuso,
2333 868 2719 930 Catholicam
2766 869 3084 930 veritatem

463 971 761 1031 omnibus
825 969 1122 1051 patefecit,
1184 970 1465 1033 haereses
1514 987 1874 1033 nostrorum
1923 987 2278 1055 temporum
2342 976 2698 1055 confutavit,
2760 995 2965 1037 mores
3027 991 3084 1037 et

464 1078 850 1160 disciplinam
902 1079 1182 1156 restituit,
1229 1078 1634 1163 ejusdemque
1682 1081 1947 1144 Concilii
1997 1083 2257 1163 decreta,
2310 1086 2386 1145 ab
2432 1085 2729 1146 omnibus
2776 1083 3085 1146 observari

465 1187 761 1263 volentes,
811 1206 957 1248 cum
1007 1187 1082 1248 ad
1129 1186 1503 1267 singularem
1540 1189 1808 1251 Romani
1840 1189 2157 1253 Pontificis
2188 1191 2609 1253 auctoritatem
2643 1191 3083 1255 tantummodo

464 1309 692 1375 spectet
725 1293 1048 1356 Generalia
1080 1294 1362 1357 Concilia
1408 1296 1698 1376 indicere,
1748 1297 2136 1376 confirmare,
2182 1298 2582 1381 interpretari,
2631 1315 2689 1361 et
2737 1315 2807 1360 ut
2851 1300 3084 1381 ubique

463 1401 748 1462 locorum
780 1416 1117 1478 serventur,
1149 1421 1363 1464 curare
1394 1422 1465 1463 ac
1498 1404 1866 1485 praecipere.

678 1518 707 1579 s
752 1530 801 1571 1.
851 1510 1090 1570 Eorum
1141 1509 1397 1590 quidem
1448 1511 1857 1586 decretorum,
1909 1531 2068 1591 quae
2115 1513 2191 1573 ad
2240 1511 2384 1574 fidei
2430 1513 2727 1592 dogmata
2759 1511 3081 1594 pertinent,

461 1616 1035 1697 interpretationem
1069 1617 1250 1677 nobis
1283 1617 1431 1698 ipsis
1464 1636 1866 1694 reservamUS,
1899 1617 2336 1680 Cardinalibus
2368 1639 2515 1680 vero
2548 1618 2861 1700 praefectis
2895 1619 3082 1680 inter-

463 1723 806 1804 pretationi,
853 1739 912 1784 et
959 1724 1304 1785 executioni
1337 1724 1602 1786 Concilii
1635 1723 2011 1802 Tridentini,
2047 1726 2096 1786 si
2130 1726 2392 1806 quando
2416 1726 2480 1787 in
2515 1726 2610 1786 his
2643 1745 2802 1807 quae
2834 1725 2910 1786 de
2943 1745 3081 1787 mo-

461 1849 602 1891 rum
621 1829 1078 1910 reformatione,
1102 1831 1441 1912 disciplina,
1460 1852 1529 1893 ac
1549 1832 1996 1909 moderatione,
2017 1848 2075 1893 et
2091 1832 2523 1893 Ecclesiasticis
2544 1832 2801 1912 judiciis,
2822 1834 3078 1915 aliisque

463 1937 826 2014 hujusmodi
874 1952 1095 1999 statuta
1127 1954 1291 2012 sunt,
1336 1938 1615 2000 dubietas
1648 1955 1754 2000 aut
1785 1938 2118 2000 difficultas
2150 1938 2482 2016 emerserit,
2514 1939 2953 2021 interpretandi
2988 1940 3076 2002 fa-

461 2045 767 2123 cultatem,
819 2045 999 2106 nobis
1031 2062 1236 2106 tamen
1271 2046 1588 2125 consultis,
1625 2046 2031 2128 impartimur.
2100 2047 2173 2108 Et
2205 2047 2502 2127 quoniam
2538 2046 2759 2107 eodem
2793 2046 3080 2110 Concilio

460 2151 835 2213 Tridentino
882 2152 1196 2213 decretum
1243 2169 1352 2230 est,
1402 2152 1690 2235 Synodos
1724 2153 2131 2215 Provinciales
2164 2153 2342 2215 tertio
2375 2172 2631 2235 quoque
2663 2173 2850 2232 ann0,
2886 2155 3076 2215 Dioe-

461 2279 709 2321 cesanas
756 2260 1017 2342 singulis
1064 2260 1241 2321 annis
1273 2260 1563 2321 celebrari
1595 2262 1839 2339 debere,
1875 2261 1935 2322 id
1971 2262 2032 2323 in
2068 2261 2446 2323 executionis
2480 2280 2665 2321 usum
2699 2262 2775 2321 ab
2808 2261 2881 2322 iis
2913 2279 3078 2341 quo-

460 2387 599 2427 rum
652 2367 915 2440 interest,
966 2367 1175 2428 induci
1227 2368 1443 2429 eadem
1487 2368 1908 2450 Congregatio
1956 2368 2318 2450 providebit.
2383 2367 2864 2430 Provincialium
2911 2385 3076 2444 vero,

462 2473 657 2534 ubivis
704 2490 1002 2535 terrarum
1048 2474 1185 2535 illae
1232 2475 1633 2552 celebrentur,
1681 2475 1921 2537 decreta
1954 2477 2030 2536 ad
2063 2496 2126 2536 se
2160 2475 2317 2537 mitti
2349 2474 2693 2556 praecipiet,
2723 2493 2919 2555 eaque
2951 2474 3079 2534 sin-

459 2581 602 2660 gula
636 2583 940 2662 expendet
970 2597 1030 2642 et
1061 2598 1476 2660 recognoscet.
1544 2582 2032 2644 patriarcharum
2064 2598 2392 2663 praeterea,
2428 2583 2784 2664 primatum,
2819 2581 3076 2642 Archie-

461 2687 859 2771 piscoporum
909 2704 967 2750 et
1012 2688 1489 2772 Episcoporum,
1539 2689 1786 2770 (quibus
1818 2692 2143 2751 beatorum
2175 2690 2630 2770 Apostolorum
2661 2689 2876 2751 limina
2909 2705 3074 2750 certo

461 2796 796 2857 constituto
843 2813 1122 2877 tempore
1170 2797 1408 2857 visitare
1454 2796 1567 2858 alia
1616 2813 1823 2857 nostra
1857 2796 2175 2858 sanctione
2212 2796 2452 2875 jussum
2485 2798 2593 2874 est)
2629 2796 2936 2878 postulata
2968 2815 3074 2856 au-

460 2902 605 2979 diat,
640 2918 697 2963 et
729 2922 887 2983 quae
909 2904 1324 2983 Congregatio
1358 2904 1487 2985 ipsa
1521 2923 1629 2985 per
1659 2923 1724 2965 se
1759 2904 1998 2985 poterit,
2031 2923 2103 2964 ex
2137 2904 2440 2965 charitatis
2473 2920 2532 2965 et
2564 2903 2823 2983 justitiae
2857 2921 3075 2965 norma

459 3008 757 3090 expediat,
807 3010 1039 3090 majora
1085 3010 1162 3071 ad
1209 3030 1328 3073 nos
1374 3010 1609 3087 referat,
1645 3011 1755 3091 qui
1791 3011 2100 3072 Fratribus
2135 3012 2358 3072 nostris
2393 3012 2732 3093 Episcopis,
2769 3026 3076 3093 quantum

460 3134 602 3177 cum
640 3117 918 3178 Domino
962 3118 1120 3195 licet,
1165 3117 1485 3199 gratificari
1526 3118 1832 3199 cupimus.
1899 3118 2052 3179 Item
2086 3119 2160 3178 ab
2195 3118 2413 3179 iisdem
2445 3119 2835 3180 Praesulibus
2865 3116 3077 3178 Eccle-

458 3223 687 3284 siarum
736 3242 1040 3305 exposcat,
1091 3245 1250 3305 quae
1298 3226 1364 3286 in
1396 3225 1681 3286 Ecclesiis
1720 3245 1941 3286 eorum
1975 3245 2175 3301 curae,
2211 3245 2279 3286 ac
2313 3225 2453 3286 fidei
2487 3226 2853 3304 commissiS,
2889 3225 3074 3303 Cleri,

461 3331 804 3411 Populique
840 3350 1087 3392 morum
1124 3332 1446 3413 disciplina
1480 3332 1572 3409 sit,
1609 3352 1765 3412 quae
1799 3331 2064 3393 Concilii
2097 3331 2447 3392 Tridentini
2482 3333 2895 3409 decretorum,
2930 3351 3075 3393 cum

457 3436 521 3497 in
554 3438 863 3516 omnibus,
896 3455 1030 3500 tum
1064 3440 1415 3519 praesertim
1453 3439 1517 3499 in
1552 3439 1911 3499 residentiae
1944 3455 2222 3513 munere,
2255 3438 2555 3517 executio,
2580 3458 2740 3519 quae
2772 3439 2920 3498 item
2943 3439 3078 3518 piae

457 3545 958 3623 consuetudines,
990 3563 1047 3606 et
1080 3546 1189 3626 qui
1221 3546 1509 3609 omnium
1543 3544 1814 3625 denique
1849 3544 1912 3603 in
1946 3544 2038 3604 via
2061 3542 2317 3604 Domini
2339 3544 2459 3604 sint
2483 3563 2864 3624 progressus,
2900 3544 3076 3624 ipsis·

457 3671 578 3731 que
613 3654 713 3713 det
744 3653 943 3714 literas
975 3672 1047 3713 ex
1082 3653 1350 3714 formula
1384 3652 1749 3733 praescripta
1782 3650 1848 3711 in
1882 3650 2307 3711 testimonium
2357 3651 2561 3711 obitae
2595 3670 2701 3732 per
2733 3670 2839 3711 eos
2873 3650 3077 3711 visita-

458 3758 641 3820 tionis
672 3759 963 3821 liminum
996 3760 1370 3822 Sanctorum
1403 3761 1770 3821 eorumdem
1802 3758 2271 3839 Apostolorum.
2327 3758 2566 3819 Habeat
2598 3758 2760 3818 idem
2796 3758 3076 3835 Congre-

456 3866 622 3943 gatio
668 3868 1094 3929 auctoritatem
1141 3867 1556 3947 promovendi
1600 3865 2106 3927 reformationem
2141 3864 2307 3926 Cleri
2352 3881 2410 3926 et
2456 3864 2697 3946 Populi,
2743 3865 2977 3925 nedum
3012 3865 3075 3926 in

458 3973 643 4052 Urbe,
695 3990 751 4035 et
799 3976 971 4036 Statu
1005 3974 1430 4036 Ecclesiastico
1481 3972 1823 4053 temporali,
1874 3972 1982 4032 sed
2034 3971 2213 4032 etiam
2268 3971 2332 4032 in
2384 3971 2672 4032 universo
2723 3972 3073 4033 Christiano

458 4078 645 4155 Orbe,
694 4081 755 4141 in
802 4081 873 4141 iis
921 4101 1081 4161 quae
1114 4081 1417 4161 pertinent
1449 4081 1524 4141 ad
1557 4080 1841 4141 divinum
1876 4078 2114 4140 cultum
2149 4078 2644 4159 propagandum,
2679 4078 3074 4139 devotionem

457 4188 860 4265 excitandam,
909 4203 968 4248 et
1019 4207 1224 4249 mores
1257 4188 1589 4250 Christiani
1636 4189 1854 4271 populi
1901 4189 1977 4249 ad
2024 4187 2465 4268 praescriptum
2498 4184 2781 4262 ejusdem
2814 4185 3077 4248 Concilii

456 4298 950 4379 componendos,
986 4313 1169 4376 atque
1202 4298 1277 4357 ad
1314 4298 1580 4358 rationes
1614 4296 1991 4358 difficillimis
2026 4297 2141 4372 his,
2173 4296 2663 4376 perturbatisque
2684 4296 3068 4377 temporibus

458 4406 825 4467 necessarias
873 4405 1355 4482 confirmandos,
1405 4423 1531 4485 quo
1580 4405 1829 4466 uberius
1877 4406 2120 4466 divinae
2152 4405 2606 4465 misericordiae
2640 4405 2765 4465 vim
2798 4404 2863 4465 in
2897 4387 3076 4466 nobis

456 4513 812 4591 sentiamus,
849 4511 1200 4592 justamque
1233 4512 1407 4589 iram,
1441 4527 1625 4592 atque
1658 4512 2260 4573 animadversionem
2293 4511 2683 4592 effugiamus

562 4683 622 4743 C
625 4684 980 4763 angregatio
1014 4680 1123 4742 IX.
1136 4728 1159 4756 ,
1177 4691 1300 4763 pro
1333 4681 1542 4742 Status
1576 4679 2009 4741 Ecclesiastici
2037 4679 2526 4742 Gravaminibus
2557 4681 2967 4743 sublevandis

673 4828 801 4889 Nec
847 4847 994 4888 vero
1043 4842 1334 4908 paternus
1368 4841 1578 4887 noster
1609 4826 1883 4905 affectus,
1920 4846 2108 4906 quem
2143 4845 2284 4906 erga
2319 4826 2593 4908 populos
2624 4825 2804 4887 nobis
2838 4840 2897 4885 et
2929 4824 3078 4887 huic

456 4952 701 4997 sanctae
733 4935 878 4997 Sedi
912 4934 1237 5016 subjectos,
1284 4951 1604 5016 tamquam
1640 4954 1781 5014 erga
1816 4935 2157 5016 peculiares
2191 4935 2351 4997 filios
2382 4935 2674 5016 gerimus,
2709 4955 2785 4996 eo
2820 4950 3077 4996 conten-

2653 5036 2755 5108 33*
