3684 5416
473 1539 523 1571 to

473 2073 520 2116 ¹5

464 2607 521 2639 20

464 3142 518 3185 25

463 3677 522 3721 30

466 4214 517 4258 35

578 374 648 445 78
1216 375 1478 430 Potestas
1518 373 1901 429 ecclesiastica
1942 386 1997 430 et
2036 375 2346 460 imperium
2386 376 2563 433 civile.

581 530 813 616 Οὐδὲν
855 553 993 631 γὰρ
1038 556 1351 630 στάσεως
1384 553 1594 633 ἔργον
1625 551 1859 616 ἑπιδεῖ-
1913 558 2081 619 enim
2127 580 2160 620 a
2207 560 2576 622 Christianis
2626 560 2910 622 seditiose
2963 560 3187 622 factum

581 662 1193 739 ξαιΧριστιανῶνὸ
1216 662 1510 738 Κέλσος,
1544 661 1585 740 ἢ
1619 660 1858 742 οἱὸμο-
1915 666 2237 727 ostendere
2284 667 2598 747 potuerint
2644 682 2751 727 aut
2796 667 3035 744 Celsus,
3086 681 3192 727 aut

577 771 900 846 νοοῦντες
962 768 1145 849 αὐτῷ
1205 766 1632 845 δυνήσονται·
1697 767 1859 830 Καί-

578 896 764 954 τοιγε
798 877 854 938 εἰ
900 876 1140 952 στάσις
1176 876 1260 954 ἦν
1302 878 1422 954 τῆς
1455 876 1859 953 συστάσεως

580 984 1013 1060 Χριστιανοίς
1046 985 1085 1062 ἡ
1109 982 1306 1056 αἰτία,
1340 981 1461 1059 τὴν
1481 981 1699 1060 ἀρχὴν
1719 972 1856 1044 ἀπὸ

582 1089 930 1151 Ἰουδαίων
976 1088 1345 1169 εἰληφόσιν,
1391 1087 1495 1165 οἷς
1541 1087 1701 1166 ἐξῆν
1742 1087 1856 1151 καὶ

578 1198 756 1258 ὃπλα
800 1197 970 1274 ὑπὲρ
1016 1197 1148 1258 τῶν
1188 1194 1453 1258 οἰκείων
1484 1197 1858 1280 ἀναλαβεῖν

576 1305 688 1365 καὶ
708 1302 1070 1385 πολεμίους
1089 1305 1410 1381 ἀναιρεῖν·
1439 1304 1569 1365 οὑκ
1584 1304 1671 1365 ἂν
1689 1303 1730 1363 ὁ
1750 1324 1855 1364 νο·

577 1411 867 1492 μοθέτης
899 1410 1321 1488 Χριστιανῶν
1356 1410 1569 1488 πάντη
1603 1408 1856 1487 ἀνείρε-

578 1532 685 1579 σιν
730 1514 1096 1594 ἀνθρώπου
1144 1515 1554 1596 ἀπηγόρευε,
1604 1515 1857 1598 μήποτε

577 1623 842 1685 δίκαιον
873 1623 1043 1686 εἶναι
1075 1621 1423 1686 διδάσκων
1453 1622 1532 1686 τὸ
1563 1623 1707 1685 κατ’
1746 1627 1854 1686 ἀν-

576 1730 856 1809 θρώπου
906 1731 1209 1813 τόλμημα
1255 1732 1388 1792 τῶν
1437 1730 1690 1792 ἑαυτοῦ
1742 1749 1854 1811 μα·

574 1839 818 1917 θητῶν,
861 1837 993 1901 κᾶν
1036 1835 1454 1914 ἀδικώτατος
1487 1839 1750 1915 ἐκεῖνος
1780 1836 1821 1917 ᾖ
1840 1858 1855 1871 ·

576 1947 661 2008 ού
722 1946 861 2024 γὰρ
908 1946 1183 2024 πρέπειν
1231 1946 1459 2024 ἡγεῖτο
1507 1947 1584 2023 τῆ
1637 1945 1852 2026 ἐνθέῳ

579 2052 829 2114 ἑαυτοῦ
888 2050 1262 2134 νομοθεσίᾳ
1321 2050 1400 2113 τὸ
1475 2055 1853 2130 συγχωρεῖν

576 2157 1074 2238 ὁποιανδηποτε
1094 2156 1461 2236 ἀνθρώπου
1483 2156 1851 2235 ἀναίρεσιν·

575 2265 712 2328 οὔτ’
739 2269 825 2329 ἀν
844 2265 1256 2344 Χριστιανοὶ,
1290 2264 1354 2327 οἱ
1379 2263 1515 2326 ἀπὸ
1539 2265 1852 2339 στάσεως

576 2375 964 2455 ἀρξάμενοι,
1010 2371 1172 2449 τοὺς
1205 2372 1306 2434 ἐπὶ
1340 2374 1674 2433 τοσοῦτον
1704 2370 1851 2452 ἡμέ-

575 2501 745 2560 ρους
775 2479 1212 2559 προσήκαντο
1241 2478 1516 2559 νόμους,
1538 2476 1620 2540 δι’
1645 2475 1740 2538 ὠν
1759 2478 1854 2554 ὡς

573 2589 891 2671 πρόβατα
953 2585 1073 2668 μὲν
1134 2586 1565 2663 ἀναιρεῖσθαι
1621 2587 1855 2662 αὐτοῖς

574 2695 897 2773 ἐγίγνετο,
955 2693 1289 2776 μηδέποτε
1338 2691 1418 2755 δὲ
1467 2690 1856 2775 ἀμύνασθαι

575 2799 706 2864 οἷοί
737 2801 791 2864 τ’
824 2801 1002 2879 ἦσαν
1046 2799 1204 2877 τοὺς
1237 2797 1630 2876 διώκοντας.
1693 2799 1856 2860 Καί-

574 2929 759 2987 τοιγε
827 2906 1209 2993 βαθύτερον
1289 2908 1695 2982 ἐξετάζοντα
1769 2907 1856 2969 τὰ

574 3016 957 3096 πράγματα,
990 3013 1169 3077 ἔστιν
1190 3016 1396 3077 εἰπεῖν
1415 3013 1564 3092 περὶ
1586 3013 1704 3095 μὲν
1723 3015 1856 3076 τῶν

575 3120 1080 3200 ἐξεληλυθότων
1107 3125 1187 3183 ἐκ
1204 3124 1332 3201 γῆς
1350 3119 1717 3200 Αἰγύπτου,
1753 3122 1853 3183 ὃτι

574 3228 989 3306 παραδόξως
1020 3228 1060 3289 ὁ
1094 3231 1227 3306 πᾶς
1258 3227 1432 3306 λεὼς
1463 3227 1671 3290 οἱονεὶ
1704 3230 1852 3292 θεο-

576 3334 884 3413 δώρητον
916 3335 1272 3397 διάλεκτον
1300 3335 1579 3414 ἀθρόως
1599 3335 1853 3412 ἀνείλη-

576 3463 663 3522 φε
709 3440 828 3520 τὴν
871 3442 1295 3522 καλουμένην
1333 3439 1692 3526 Ἑβραίαν·
1758 3442 1853 3520 ὡς

574 3549 685 3610 καὶ
732 3550 863 3611 τῶν
905 3549 1061 3627 παρ’
1100 3550 1333 3626 αὐτοῖς
1377 3569 1475 3626 τις
1523 3547 1665 3610 εἶπε
1695 3568 1851 3627 προ-

575 3656 820 3737 φητῶν,
852 3656 952 3718 ὅτι
993 3655 1148 3717 «Ἐν
1166 3656 1257 3737 τῷ
1279 3654 1579 3729 ἐξελθεῖν
1597 3654 1853 3733 αὐτοὺς

574 3766 650 3825 ἐκ
685 3766 811 3842 γῆς
842 3762 1191 3843 Αἰγύπτου
1223 3763 1566 3842 γλῶσσαν,
1609 3761 1691 3841 ἣν
1723 3765 1852 3825 οὐκ

575 3869 769 3948 ἔγνω,
804 3869 1173 3950 ἤκουσαν».

665 3980 810 4042 V111.
847 3983 951 4061 65.
1017 3974 1215 4058 εΗμῖν
1258 3978 1479 4059 μέντοι
1526 3996 1608 4056 γε
1650 3995 1850 4038 κατα-

573 4084 955 4166 φρονητέον
976 4085 1455 4165 ἑξευμενισμοῦ
1475 4082 1851 4161 ἀνθρώπων

572 4192 683 4253 καὶ
709 4191 1063 4275 βασιλέων,
1081 4192 1164 4253 οὺ
1186 4190 1397 4272 μόνον
1416 4190 1539 4252 ἐὰν
1558 4188 1674 4252 διὰ
1693 4211 1851 4272 μιαι-

574 4298 844 4378 φονιὼν,
875 4297 989 4360 καὶ
1023 4298 1416 4374 ἀσελγειῶν,
1454 4297 1567 4360 καὶ
1599 4298 1850 4379 ὠμοτά-

573 4425 704 4466 των
753 4405 1067 4483 πράξεων
1116 4402 1690 4487 ἑξευμενιζώμεθα
1739 4406 1850 4467 αὑ-

574 4510 756 4587 τοὺς,
797 4512 974 4574 ἀλλὰ
1003 4510 1117 4573 καὶ
1151 4510 1275 4572 ἐὰν
1306 4508 1422 4572 διὰ
1451 4514 1572 4589 τῆς
1605 4512 1702 4587 εἰς
1733 4509 1854 4573 τὸν

575 4616 761 4679 Θεὸν
804 4618 935 4678 τῶν
980 4618 1160 4679 ὅλων
1205 4616 1553 4702 ἀσεβείας,
1600 4616 1640 4697 ἤ
1673 4638 1853 4694 τινος

574 4725 743 4807 μετὰ
790 4722 1331 4802 δουλοπρεπείας
1378 4724 1491 4787 καὶ
1555 4724 1852 4787 ταπεινό-

573 4853 773 4911 τητος
817 4834 1055 4915 φονῆς,
1103 4830 1469 4910 ἀλλοτρίας
1519 4831 1854 4911 ἀνδρείων

572 4941 683 5003 καὶ
725 4938 1218 5023 μεγαλοψύχων
1251 4938 1541 5017 ἀνδρῶν,
1586 4937 1700 5001 καὶ
1732 4937 1853 5018 τὴν

1913 771 2023 851 qui
2055 772 2270 833 eadem
2302 792 2448 833 curn
2481 772 2588 834 illo
2619 771 2907 834 sentiunt.
2943 773 3015 834 Et
3046 792 3192 834 vero

1912 878 1961 938 si
1995 877 2215 939 seditio
2248 879 2456 939 locum
2508 878 2775 939 dedisset
2805 878 3191 941 Christiano-

1913 1003 2052 1045 rum
2101 985 2372 1046 societati
2418 985 2527 1066 qui
2576 1004 2750 1046 suam
2800 1001 3029 1046 traxere
3067 985 3189 1047 ori·

1911 1091 2119 1170 ginem
2153 1111 2186 1151 a
2216 1092 2482 1161 Judaeis‚
2513 1092 2741 1172 quibus
2773 1091 2990 1153 licebat
3007 1091 3189 1152 armis

1912 1218 2021 1259 sua
2054 1197 2385 1260 defendere
2405 1215 2464 1260 et
2483 1199 2862 1260 adversarios
2881 1198 3185 1270 occidere;

1911 1321 2070 1367 certe
2131 1306 2624 1368 Christianorum
2687 1305 2996 1388 legislator
3055 1324 3189 1366 non

1912 1412 2327 1493 prohibuisset
2372 1413 2631 1474 omnino
2682 1412 2874 1473 ullam
2915 1411 3189 1473 hominis

1909 1519 2318 1590 occisionem3
2385 1539 2499 1581 nec
2545 1519 2855 1580 docuisset
2899 1519 3022 1579 vim
3071 1519 3189 1580 ho-

1912 1625 2065 1686 mini
2098 1644 2423 1706 nunquam
2457 1625 2612 1702 juste
2644 1646 2676 1686 a
2710 1625 2838 1686 suis
2870 1624 3189 1706 discipulis

1912 1731 2117 1793 inferri
2165 1751 2366 1813 posse,
2415 1732 2702 1812 quamvis
2747 1729 3184 1806 injustissimo;

1909 1839 2275 1900 indecorum
2325 1838 2492 1899 enim
2527 1839 2776 1918 putabat
2806 1838 3029 1898 divinis
3059 1838 3188 1898 suis

1909 1946 2148 2024 legibus
2169 1944 2434 2026 permitti
2453 1944 2706 2005 caedem
2724 1944 3013 2023 hominiS,
3032 1965 3187 2025 qua·

1908 2052 2226 2132 liscunque
2277 2051 2525 2112 tandem
2579 2050 2678 2112 illa
2727 2066 2915 2113 esset:
2980 2069 3188 2131 neque

1907 2159 2089 2220 etiam
2109 2158 2441 2220 Christiani
2462 2177 2640 2220 suam
2672 2179 2706 2219 a
2739 2157 3042 2220 seditione
3065 2159 3185 2218 du-

1907 2282 2111 2326 centes
2154 2265 2462 2346 originem
2492 2265 2660 2347 leges
2691 2264 3075 2327 admisissent
3105 2264 3186 2325 ita

1910 2371 2208 2453 pacificas,
2244 2389 2310 2433 ut
2342 2388 2588 2454 propter
2620 2393 2722 2433 eas
2753 2372 2981 2433 factum
3004 2371 3186 2432 fuerit

1908 2496 1976 2540 ut
2007 2479 2195 2541 veluti
2227 2499 2375 2540 oves
2406 2479 2908 2554 interficerentur,
2942 2498 3056 2539 nec
3077 2497 3186 2559 per

1910 2607 2009 2649 eas
2056 2588 2261 2649 liceret
2306 2588 2382 2648 de
2415 2587 2912 2668 persecutoribus
2941 2605 3187 2648 sumere

1911 2694 2303 2778 supplicium.
2368 2693 2492 2756 Sed
2538 2711 2596 2755 et
2630 2694 2736 2775 qui
2771 2714 2902 2756 rem
2932 2693 3187 2756 scrutari

1910 2803 2089 2864 altius
2133 2802 2415 2879 voluerit,
2463 2802 2513 2863 is
2560 2802 2760 2863 dicere
2800 2802 3023 2883 poterit
3054 2821 3186 2863 non

1909 2909 2040 2970 sine
2087 2909 2385 2970 miraculo
2436 2908 2785 2987 contigisse,
2837 2924 2908 2969 ut
2956 2909 3065 2989 qui
3114 2928 3187 2969 ex

1910 3021 2199 3097 Aegypto
2231 3016 2495 3093 exibant,
2519 3015 2722 3076 statim
2743 3031 2801 3076 et
2820 3016 2993 3095 quasi
3020 3016 3186 3075 Deus

1910 3122 2276 3203 inspirasset,
2317 3122 2592 3202 linguam
2628 3138 2995 3204 usurparent
3026 3141 3184 3202 quae

1910 3231 2209 3291 Hebraica
2229 3230 2544 3292 vocitatur.
2570 3229 2721 3305 Quo
2742 3230 3003 3311 pertinet
3022 3229 3184 3290 istud

1911 3338 2099 3398 unius
2149 3356 2220 3397 ex
2281 3355 2502 3398 eorum
2565 3336 2909 3418 prophetis:
2983 3336 3182 3398 «Cum

1909 3444 2142 3505 exirent
2191 3443 2267 3504 de
2318 3458 2474 3504 terra
2507 3442 2774 3525 Aegypti
2819 3461 2946 3517 eos,
2994 3462 3183 3524 quam

1910 3570 2037 3612 non
2116 3566 2411 3611 noverant
2486 3550 2798 3631 linguam,
2862 3547 3186 3610 audivisse.

1908 3654 2086 3738 (Psal.
2104 3657 2350 3718 LXXX.
2371 3657 2491 3733 6.)»
2523 3655 2580 3736 [l.
2603 3676 2651 3717 c.
2675 3656 2813 3719 Col.
2834 3654 3183 3736 927—3o.]

1996 3978 2144 4039 V111.
2181 3980 2282 4057 65.
2344 3978 2539 4053 Quod
2586 3978 2662 4038 ad
2709 3978 3042 4039 hominum
3087 3997 3182 4039 re-

1905 4105 2185 4166 gumque
2217 4085 2488 4147 favorem
2524 4084 2747 4161 attinet,
2781 4084 2829 4146 is
2862 4084 3044 4146 etiam
3068 4104 3183 4146 no·-

1907 4193 2000 4253 bis
2045 4192 2545 4254 contemnendus
2578 4208 2685 4269 est,
2733 4210 2863 4252 non
2894 4192 3100 4253 solum
3130 4191 3180 4252 si

1907 4299 2215 4378 caedibuS,
2248 4299 2556 4380 spurcitiis
2585 4298 2906 4379 saevisque
2948 4298 3182 4360 facino-

1907 4407 2095 4483 ribus,
2130 4406 2237 4467 sed
2270 4406 2450 4467 etiarn
2481 4405 2532 4466 si
2551 4405 2858 4486 impietate
2879 4424 3021 4485 erga
3043 4404 3180 4465 uni-

1908 4532 2226 4574 versorum
2260 4512 2488 4589 Deum,
2517 4512 2613 4572 vel
2645 4511 2842 4572 servili
2877 4511 3182 4592 obsequio

1908 4636 1967 4681 et
1997 4621 2100 4682 vili
2138 4619 2491 4681 adulatione
2536 4636 2945 4699 comparatur.
3011 4618 3181 4679 Nihil

1907 4728 2075 4789 enim
2111 4727 2425 4806 indignius
2453 4727 2594 4787 viris
2613 4725 2929 4806 generosis
2961 4741 3017 4785 et
3048 4745 3179 4786 ma·

1906 4835 2219 4914 gnanirnis
2251 4834 2484 4916 quique
2507 4832 2952 4909 fortitudinem,
2975 4847 3041 4894 ut
3058 4831 3180 4892 vir-

1905 4959 2100 5003 tutem
2149 4942 2499 5018 maximam,
2546 4939 2795 5001 caeteris
2828 4939 2955 5000 suis
2984 4939 3181 5000 virtu-
