3684 5416
508 1520 558 1552 10

512 2055 557 2097 ¹5

507 2591 561 2622 20

510 3127 560 3170 25

507 3663 561 3708 30

506 4195 557 4239 ‘45

613 349 716 421 586
1774 344 2059 429 Episcopi.

613 424 1373 432 —ffl-‚ffl—d—-j—*m
1420 424 1481 429 .-..
1502 425 1535 429 ἡ,
1592 424 1827 429 -ᾠ-Ἶῌ·
2175 422 2512 428 --ῌ-Μ
2535 420 3226 427 ——-—-————.-——-

824 533 922 593 IV.
974 532 1353 593 Absolvendi
1399 553 1431 592 a
1480 532 1755 593 censuris
1790 534 1872 592 ob
1907 531 2166 593 incursis
2200 530 2598 591 violationem
2633 530 2949 590 clausurae
2984 530 3227 610 regula-

613 640 774 700 rium
822 639 1143 719 utriusque
1189 660 1390 715 sexuS,
1441 640 1792 700 dummodo
1841 658 1971 699 non
2020 638 2203 699 fuerit
2235 636 2565 698 commissa
2598 656 2742 698 cum
2776 636 3114 698 intentione
3148 638 3227 698 ad

611 747 846 807 malum
895 746 1105 820 finem,
1152 746 1332 806 etiam
1381 746 1600 807 effectu
1636 766 1764 807 non
1798 760 2035 821 secum,
2072 763 2186 805 nec
2218 763 2396 805 casus
2431 744 2656 804 fuerint
2687 745 2764 804 ad
2799 744 3006 804 forum
3039 743 3225 805 Ordi-

613 852 765 913 narii
814 853 1092 925 deducti;
1144 871 1287 913 cum
1337 872 1613 931 congrua
1662 852 2040 933 poenitentia
2088 851 2355 912 salutari.
2440 852 2516 912 Et
2567 851 2818 932 insuper
2866 851 3230 912 absolvendi

611 958 902 1019 mulieres
949 974 1190 1019 tantum
1236 979 1269 1019 a
1317 958 1591 1019 censuris
1639 974 1698 1019 et
1731 958 1949 1039 poenis
1981 956 2400 1019 ecclesiasticis
2433 959 2514 1017 ob
2548 957 2952 1019 violationem
2983 959 3062 1018 ad
3095 977 3223 1019 ma-

609 1066 743 1126 lum
779 1066 968 1126 finem
1003 1067 1318 1127 clausurae
1351 1066 1624 1126 virorum
1660 1064 2095 1145 religiosorum
2129 1064 2406 1139 incursis,
2441 1064 2792 1126 dummodo
2824 1080 3030 1127 tamen
3051 1086 3229 1126 casus

610 1174 835 1236 occulti
867 1188 1255 1246 remaneant;
1307 1172 1577 1247 injuncta
1610 1173 1777 1251 gravi
1813 1172 2188 1253 poenitentia
2220 1170 2467 1231 salutari
2502 1191 2647 1231 curn
2678 1173 3095 1252 prohibitione
3128 1193 3229 1233 ac-

614 1282 873 1342 cedendi
907 1281 984 1341 ad
1019 1280 1334 1341 ecclesiam
1369 1295 1473 1341 aut
1506 1296 1884 1340 conventum
1908 1300 2014 1340 seu
2041 1280 2422 1341 coenobium
2456 1279 2761 1340 dictorum
2797 1281 3230 1359 religiosorum

612 1389 871 1448 durante
905 1385 1227 1447 occasione
1260 1385 1570 1465 peccandi.

827 1494 899 1554 V.
950 1494 1328 1555 Absolvendi
1360 1515 1394 1554 a
1427 1494 1702 1555 censuris
1735 1496 1816 1553 ob
1852 1493 2258 1554 retentionem
2293 1509 2351 1554 et
2383 1494 2711 1555 lectionem
2745 1495 3045 1556 librorum
3081 1516 3225 1578 pro-

613 1601 949 1661 hibitorum
1002 1600 1276 1675 incursiS,
1325 1598 1597 1678 injuncta
1645 1619 1921 1679 congrua
1968 1600 2344 1681 poenitentia
2396 1601 2663 1677 salutari,
2712 1620 2828 1661 nec
2871 1622 3000 1664 non
3051 1603 3236 1664 firma·

614 1707 989 1786 obligatione
1037 1708 1331 1777 tradendi,
1379 1723 1564 1789 prout
1610 1709 1686 1768 de
1735 1707 1884 1785 jure,
1918 1709 2044 1768 sive
2079 1728 2188 1789 per
2219 1728 2282 1768 se
2314 1708 2438 1769 sive
2473 1729 2582 1789 per
2613 1710 2805 1770 alium
2838 1712 3071 1790 absque
3107 1711 3229 1771 nlla

616 1834 789 1876 mora
840 1833 897 1876 et
945 1831 1250 1895 quantum
1299 1816 1427 1876 fieri
1477 1815 1698 1895 poterit
1743 1831 1884 1875 ante
1931 1817 2409 1891 absolutionem,
2457 1815 2645 1875 libros
2685 1816 3033 1896 prohibitos
3065 1836 3241 1897 quos¹

615 1923 934 2004 poenitens
968 1923 1031 1982 in
1063 1944 1171 1985 sua
1208 1938 1504 2004 potestate
1538 1923 1805 1983 retineat.

830 2030 923 2090 Vl.
976 2029 1355 2089 Absolvendi
1388 2051 1420 2089 a
1455 2050 1596 2089 casu
1634 2028 1776 2089 Sedi
1813 2029 2204 2110 Apostolicae
2236 2044 2542 2089 reservato
2575 2030 2657 2089 ob
2691 2045 2934 2110 accepta
2968 2048 3227 2090 munera

612 2157 644 2196 a
698 2136 1077 2215 regularibus
1131 2135 1451 2215 utriusque
1503 2156 1704 2212 sexus,
1760 2135 2035 2213 injuncta
2088 2135 2464 2215 poenitentia
2515 2136 2794 2203 salutari:
2864 2152 2921 2197 et
2969 2138 3230 2216 quando

613 2242 811 2321 agitur
844 2243 919 2301 de
952 2243 1312 2303 muneribus
1346 2262 1504 2321 quae
1538 2242 1808 2303 valorem
1842 2243 2057 2302 decem
2090 2257 2472 2303 scutatorum
2505 2261 2633 2303 non
2663 2244 2988 2320 excedunt,
3022 2244 3226 2323 impo-

614 2349 723 2409 sita
771 2349 978 2428 aliqua
1026 2349 1422 2429 eleemosyna
1456 2350 1828 2410 absolventis
1865 2347 2090 2425 judicio
2123 2349 2384 2409 taxanda
2419 2364 2477 2409 et
2509 2364 2684 2410 caute
2719 2350 3048 2430 eroganda,
3085 2370 3230 2410 cum

613 2459 887 2539 primum
942 2457 1182 2538 poterit,
1236 2457 1297 2517 in
1350 2456 1721 2517 beneficium
1770 2454 2083 2534 religionis
2114 2470 2217 2515 aut
2251 2470 2595 2515 conventus
2629 2456 2726 2516 cui
2764 2456 3039 2517 facienda
3070 2473 3229 2517 esset

614 2565 945 2631 restitutio:
998 2565 1347 2625 dummodo
1382 2581 1583 2625 tamen
1619 2583 1751 2625 non
1783 2579 2018 2625 constet
2051 2564 2220 2643 quod
2256 2563 2356 2623 illa
2392 2563 2617 2623 fuerint
2649 2564 2725 2624 de
2759 2564 2941 2624 bonis
2965 2563 3231 2645 propriis

613 2672 960 2752 religionis:
1011 2688 1314 2753 quatenus
1368 2691 1514 2733 vero
1561 2686 1801 2752 accepta
1852 2689 2109 2732 munera
2141 2671 2237 2732 vel
2273 2669 2500 2731 fuerint
2535 2670 2690 2731 ultra
2724 2672 2995 2733 valorem
3028 2686 3229 2732 scuta-

613 2796 819 2840 torum
857 2781 1093 2858 decem,
1127 2781 1223 2841 vel
1258 2796 1492 2840 constet
1530 2780 1713 2839 fuisse
1746 2779 1822 2838 de
1859 2779 2041 2838 bonis
2075 2778 2340 2859 propriis
2373 2777 2703 2858 religionis,
2744 2778 2895 2839 facta
2930 2779 3099 2859 prius
3133 2799 3231 2839 re-

615 2887 951 2962 stitutione,
1001 2908 1190 2967 quam
1240 2888 1288 2947 si
1337 2889 1412 2948 de
1448 2885 1748 2968 praesenti
1784 2885 2107 2965 poenitens
2139 2885 2474 2965 adimplere
2508 2901 2790 2965 nequeat,
2823 2885 3042 2946 emissa
3075 2886 3228 2945 seria

617 2993 1022 3072 promissione
1060 2994 1420 3054 restituendi
1456 2993 1609 3054 infra
1645 2993 1975 3052 terminum
2009 2992 2380 3053 absolventis
2415 2992 2664 3053 arbitrio
2697 2991 3222 3073 praefiniendum;

618 3100 764 3161 alias
797 3103 913 3161 sub
948 3101 1361 3160 reincidentia.

831 3207 954 3267 Vll.
1004 3208 1384 3268 Absolvendi
1432 3228 1463 3266 a
1511 3206 1785 3267 censuris
1832 3223 1890 3267 et
1927 3206 2143 3286 poenis
2177 3206 2596 3266 ecclesiasticis
2630 3225 2738 3266 eos
2772 3206 2876 3285 qui
2912 3206 3088 3267 sectis
3125 3227 3227 3265 ve-

613 3313 736 3374 titis
787 3315 1173 3388 massonicis,
1226 3330 1330 3375 aut
1381 3313 1769 3382 carbonariiS,
1821 3331 1926 3374 aut
1973 3313 2104 3373 aliis
2154 3312 2434 3389 ejusdem
2486 3313 2725 3391 generis
2772 3314 2947 3374 sectis
2995 3331 3229 3375 nornen

615 3422 939 3492 dederunt,
986 3439 1089 3482 aut
1122 3423 1641 3502 qualemcumque
1681 3421 1950 3481 favorem
1985 3420 2447 3501 praestiterunt:
2498 3421 2577 3480 ita
2611 3436 2816 3482 tamen
2854 3436 2921 3482 ut
2954 3442 2986 3482 a
3021 3440 3228 3501 respe-

615 3528 769 3589 ctiva
823 3546 983 3590 secta
1035 3530 1299 3590 omnino
1352 3550 1415 3590 se
1467 3546 1749 3609 separent
1795 3547 2059 3608 eamque
2109 3526 2407 3605 abjurent,
2456 3527 2663 3598 libros,
2713 3527 3126 3609 manuscripta
3160 3547 3232 3588 ac

614 3636 788 3714 signa
834 3653 1061 3697 sectam
1110 3636 1507 3717 respicientia,
1556 3636 1605 3696 si
1652 3656 1808 3716 quae
1859 3635 2176 3712 retineant,
2228 3635 2292 3694 in
2325 3654 2550 3695 manus
2582 3634 2956 3696 absolventis
2989 3635 3232 3696 tradant

613 3744 691 3804 ad
724 3743 1105 3803 ordinarium
1141 3762 1329 3822 quam
1366 3743 1635 3823 primum
1673 3758 1848 3802 caute
1883 3742 2368 3818 transmittenda,
2404 3757 2509 3802 aut
2540 3741 2771 3817 saltem,
2806 3742 2854 3801 si
2879 3740 3071 3819 justae
3090 3761 3229 3818 gra-

614 3868 843 3929 vesque
895 3871 1112 3911 causae
1163 3851 1222 3910 id
1276 3851 1606 3931 postulent,
1653 3851 2108 3910 comburenda:
2174 3850 2442 3927 injuncta
2496 3868 2606 3929 pro
2659 3849 2851 3910 modo
2904 3850 3226 3930 culparum

613 3957 781 4036 gravi
815 3957 1184 4037 poenitentia
1219 3957 1459 4018 salutari
1495 3977 1639 4016 cum
1674 3956 2013 4036 frequentia
2047 3956 2503 4017 sacramentalis
2538 3955 2942 4017 confessionis
2962 3956 3221 4035 aliisque

615 4062 906 4141 injunctis
940 4066 1014 4125 de
1050 4064 1179 4140 jure
1214 4064 1640 4142 injungendis:
1690 4085 1803 4125 nec
1853 4084 1981 4125 non
2017 4064 2379 4124 absolvendi
2414 4083 2522 4123 eos
2556 4063 2663 4143 qui
2699 4063 3007 4140 ejusmodi
3040 4078 3227 4123 secta-

616 4189 755 4230 rum
803 4172 993 4232 duces
1041 4188 1098 4232 et
1132 4173 1495 4253 coriphaeos
1528 4171 1805 4232 occultos
1838 4171 2214 4232 denunciare
2249 4170 2637 4250 culpabiliter
2669 4170 3081 4250 neglexerint:
3133 4170 3228 4230 in-

616 4274 818 4352 juncta
871 4279 1091 4357 pariter
1141 4279 1387 4340 salutari
1436 4278 1812 4360 poenitentia
1865 4295 1921 4339 et
1974 4278 2146 4338 firma
2215 4277 2592 4356 obligatione
2653 4280 2769 4338 sub
2831 4276 3227 4338 reincidentia

613 4383 867 4444 eosdem
902 4384 1075 4444 vobis
1107 4385 1201 4445 vel
1234 4386 1384 4460 aliis,
1420 4388 1495 4447 ad
1532 4406 1693 4466 quos
1727 4401 1973 4465 spectat,
2012 4400 2195 4465 prout
2229 4385 2304 4444 de
2341 4383 2470 4461 jure
2506 4384 2942 4446 denunciandi.

833 4491 977 4551 VlII.
1031 4492 1411 4553 Absolvendi
1445 4494 1764 4573 religiosos
1798 4491 2251 4570 cujuscumque
2272 4490 2508 4552 ordinis
2542 4491 2746 4566 (etiam
2765 4490 3084 4566 moniales,
3118 4510 3225 4570 per

613 4598 1017 4661 confessarios
1058 4614 1262 4659 tamen
1312 4619 1424 4679 pro
1456 4601 1603 4681 ipsis
1636 4624 1667 4661 a
1702 4601 1876 4661 vobis
1907 4602 2279 4681 approbatos
2312 4601 2407 4661 vel
2440 4600 2777 4680 specialiter
2809 4598 3224 4679 deputandos)

612 4726 741 4767 non
792 4707 1000 4767 solum
1049 4728 1082 4766 a
1148 4707 1513 4786 praemissis,
1563 4710 1670 4768 sed
1717 4708 1898 4769 etiam
1949 4730 1979 4768 a
2015 4708 2255 4769 casibus
2288 4723 2347 4767 et
2379 4706 2654 4767 censuris
2686 4706 2750 4766 in
2784 4726 2894 4766 sua
2926 4704 3229 4784 religione

613 4815 950 4892 reservatiS,
999 4814 1349 4875 dummodo
1397 4814 1666 4894 religiosi
1699 4816 1867 4896 apud
1902 4815 2347 4877 confessarium
2382 4814 2852 4892 subdelegatum
2888 4811 3222 4891 legitimam

614 4923 940 4982 habuerint
973 4921 1277 4983 licentiam
1314 4922 1646 5002 peragendi
1683 4923 2136 4983 confessionem
2171 4920 2694 4982 sacramentalem.
