3684 5416
651 352 752 406 300
1277 334 1542 388 Potestas
1583 332 1963 388 ecclesiastica
2005 346 2062 388 et
2101 333 2399 403 imperium
2443 332 2619 387 civile.

647 518 886 580 actibus
936 518 1247 591 collocati,
1298 519 1397 578 vel
1441 519 1709 579 admissi
1755 521 1938 578 etiam
1991 538 2196 580 coram
2252 518 2558 591 Pontiftce
2614 522 2950 595 extiterint,
3004 523 3263 598 nullum,

648 630 801 709 ipsis
848 649 920 686 ex
962 625 1277 686 similibus
1311 625 1548 686 actibus
1584 628 1646 686 in
1683 628 1894 704 regnis
1926 631 1986 685 et
2016 624 2427 705 dignitatibus
2462 625 2816 704 hujusmodi
2825 628 2940 706 jus
2972 632 3265 710 quomodo

648 735 798 795 libet
840 735 914 794 de
960 754 1110 794 novo
1143 736 1527 812 acquiratur,
1562 733 1666 792 vel
1687 733 1838 793 aliis
1853 732 1969 810 jus
2002 731 2363 792 habentibus
2387 732 2845 813 praejudicium
2880 734 3135 817 aliquod
3161 739 3264 797 in·-

627 845 899 919 feratur.

568 974 589 1012 :a
864 948 1027 1008 Hinc
1072 947 1147 1007 ad
1197 946 1613 1028 praestitutam
1666 946 1830 1007 hisce
1864 945 2436 1008 Constitutionibus
2483 964 2768 1005 normam
2799 948 3101 1027 superiori
3136 971 3265 1011 sae-

647 1055 788 1116 culo
840 1054 1133 1115 Clemens
1185 1054 1281 1117 XI.
1335 1053 1699 1114 immortalis
1751 1054 2090 1115 memoriae
2142 1052 2421 1114 Pontifex
2473 1053 2703 1113 nedum
2757 1053 2936 1114 titulo
2985 1057 3264 1118 catholici

649 1162 808 1242 regis
840 1161 1309 1223 serenissimum
1334 1161 1616 1221 Austriae
1637 1161 2032 1222 archiducem
2054 1160 2351 1221 Carolum
2388 1158 2784 1239 nuncupavit,
2806 1161 2911 1220 sed
2946 1177 3004 1221 et
3017 1162 3265 1241 jurium

649 1268 755 1329 illi
784 1269 1160 1331 adnexarum
1195 1287 1394 1341 usum,
1444 1269 1608 1347 quod
1636 1269 1927 1341 ditiones,
1973 1287 2126 1347 quas
2160 1266 2423 1339 tenebat,
2454 1286 2559 1326 seu
2572 1270 2803 1343 forsan
2837 1269 3034 1348 ipsum
3067 1270 3141 1328 de
3171 1292 3266 1330 ce·-

650 1382 777 1434 tero
823 1381 1025 1435 tenere
1056 1375 1438 1452 contigisset,
1472 1376 1721 1434 minime
1754 1377 1817 1435 in
1842 1381 2157 1455 posterum
2190 1393 2255 1432 se
2288 1373 2726 1452 denegaturum
2759 1379 3016 1448 monuit,
3048 1375 3266 1437 diserte

547 1501 597 1532 ιο
653 1480 713 1540 in
746 1480 1083 1543 consitorio
1117 1479 1451 1560 professus,
1501 1500 1564 1541 se
1599 1481 2052 1560 praenuntiatas
2086 1481 2627 1560 praedecessorum
2660 1480 3129 1544 constitutiones
3160 1485 3267 1545 ad-

651 1588 929 1666 probare,
975 1602 1034 1646 et
1079 1587 1398 1663 innovare,
1454 1602 1520 1648 ut
1553 1587 1630 1647 ita
1667 1574 1795 1663 jura
1831 1607 2050 1648 eorum
2085 1586 2460 1667 praesertim,
2496 1586 2603 1665 qui
2639 1587 2715 1646 de
2749 1587 3063 1668 Hispanici
3099 1591 3269 1669 regni

651 1692 1035 1755 successione
1073 1693 1553 1770 contendebant,
1589 1694 1932 1774 aequaliter
1962 1694 2134 1755 salva
2168 1708 2573 1754 remanerent.

872 1800 1104 1860 Verum
1156 1800 1205 1860 si
1258 1801 1375 1860 hoc
1410 1799 1519 1861 fuit
1557 1819 1802 1880 semper
1836 1800 1901 1861 in
1936 1819 2109 1861 more
2143 1799 2437 1881 positum,
2468 1799 2871 1880 institutoque
2903 1801 3267 1881 apostolicae

653 1906 844 1981 Sedis,
899 1908 1012 1966 sub
1065 1907 1420 1968 memoratis
1471 1906 1934 1968 conditionibus
1989 1922 2183 1968 rectae
2235 1926 2547 1967 sacrarum
2597 1926 2804 1969 rerum
2854 1908 3269 1987 procurationi

548 2035 592 2078 ¹5
651 2013 885 2093 ubique
919 2013 1160 2089 instare,
1195 2014 1348 2093 quin
1382 2013 1479 2074 illa
1514 2014 1659 2075 inde
1694 2034 1805 2093 pro
1827 2013 2294 2093 cognoscendis,
2318 2012 2791 2075 decernendisve
2813 2015 3266 2076 dominantium
3323 2065 3332 2075 .

653 2119 891 2196 juribus
933 2119 1160 2181 sancita
1206 2136 1557 2182 censeretur
1603 2120 1964 2202 dispositio;
2020 2120 2078 2180 id
2114 2134 2273 2180 certe
2306 2119 2510 2181 multo
2545 2121 2739 2201 magis
2773 2122 2833 2181 in
2867 2126 3029 2183 ta‘nta
3063 2141 3270 2184 rerum

652 2226 1041 2308 publicarum
1087 2227 1445 2303 mobilitate,
1495 2244 1679 2308 atque
1727 2227 1789 2287 in
1822 2226 2048 2287 crebris
2082 2226 2355 2307 ipsarum
2389 2227 2897 2289 conversionibus
2929 2229 3271 2289 curandum

654 2335 832 2395 nobis
865 2351 972 2411 est,
1023 2354 1102 2395 ne
1136 2335 1427 2396 humanis
1460 2355 1532 2396 ex
1565 2334 1909 2396 rationibus
1941 2334 2220 2394 deserere
2255 2333 2728 2413 quodammodo
2763 2335 3063 2396 Ecclesiae
3095 2355 3271 2398 caus-

649 2461 780 2502 sam
820 2442 1153 2502 videamur.

544 2579 596 2610 ao
867 2548 1080 2623 Quare
1127 2549 1334 2609 audita
1384 2549 1608 2609 selecta
1660 2547 2108 2609 venerabilium
2155 2547 2411 2608 fratrum
2459 2562 2740 2607 nostrum
2776 2547 2835 2609 S.
2872 2548 2944 2608 R.
2980 2546 3046 2607 E.
3079 2548 3273 2609 cardi-

655 2655 886 2717 nalium
937 2655 1437 2735 congregatione,
1486 2656 1562 2716 de
1595 2655 1970 2737 apostolicae
2004 2654 2319 2736 potestatis
2352 2653 2758 2737 plenitudine,
2794 2669 2969 2715 motu
3004 2654 3274 2735 propri0,

652 2784 726 2824 ac
754 2764 829 2823 de
864 2780 1099 2824 matura
1132 2763 1596 2840 deliberatione,
1651 2764 2022 2843 praedictam
2071 2763 2576 2824 constitutionem
2612 2761 2803 2823 felicis
2837 2761 3275 2822 recordationis

653 2870 993 2930 Clementis
1029 2871 1098 2931 V.
1133 2871 1626 2950 praedecessoris
1674 2870 1885 2947 nostri,
1936 2890 2122 2951 quam
2160 2870 2485 2933 occasione
2520 2889 2651 2931 non
2683 2870 3058 2931 absimilium
3092 2889 3275 2950 super

654 2976 867 3055 aliquo
902 2975 1243 3056 principatu
1288 2977 1765 3038 contentionum
1798 2978 1979 3038 ceteri
2012 2979 2516 3059 praedecessores
2550 2977 2739 3038 nostri
2774 2977 3037 3039 loannes
3070 2977 3277 3052 XXII„

547 3111 597 3154 25
655 3084 799 3143 Pius
831 3083 913 3160 11,
963 3085 1177 3145 Xistus
1227 3085 1324 3145 lV.
1376 3100 1435 3144 et
1466 3086 1759 3147 Clemens
1810 3086 1914 3147 XI.
1949 3090 2372 3168 approbarunt
2423 3103 2481 3147 et
2532 3087 2931 3160 innovarunt,
2964 3082 3276 3165 ‘exemplis

655 3190 1020 3251 eorumdem
1056 3191 1311 3267 inducti,
1344 3192 1542 3272 iisque
1578 3212 1828 3273 prorsus
1861 3193 2270 3268 inhaerentes,
2293 3193 2570 3255 similiter
2601 3194 3037 3274 approbamuS‚
3068 3210 3139 3251 ac
3168 3189 3264 3250 de·

659 3316 782 3359 nue
830 3298 1162 3373 sancimus,
1210 3299 1584 3360 declarantes
1634 3319 1748 3380 pro
1797 3299 2021 3361 futuris
2055 3320 2310 3380 quoque
2342 3301 2748 3381 temporibus,
2784 3300 2952 3380 quod
2989 3298 3038 3359 si
3072 3297 3211 3378 quis
3243 3319 3275 3357 a

657 3403 837 3464 nobis
871 3404 967 3465 vel
999 3426 1032 3466 a
1064 3405 1521 3467 successoribus
1556 3407 1802 3485 nostriS,
1839 3408 1916 3468 ad
1952 3407 2280 3488 spiritualis
2314 3408 2709 3468 ecclesiarum
2743 3405 3147 3485 fideliumque
3181 3423 3275 3464 re-

655 3511 906 3591 giminis
957 3512 1202 3592 negotia
1254 3515 1714 3593 componenda,
1768 3515 1947 3576 titulo
2001 3513 2328 3592 cujuslibet
2376 3513 2681 3594 dignitatis
2727 3513 2906 3573 etiam
2955 3511 3172 3589 regalis
3204 3531 3276 3571 ex

549 3645 601 3688 30
656 3634 814 3679 certa
848 3619 1119 3690 scientia,
1168 3621 1377 3693 verbo,
1425 3621 1888 3698 constitutione,
1926 3621 2017 3682 vel
2054 3621 2241 3681 literis
2276 3636 2388 3681 aut
2423 3620 2635 3700 legatis
2668 3637 2925 3699 quoque
2957 3617 3104 3678 hinc
3136 3617 3278 3678 inde

655 3727 1001 3787 oratoribus
1050 3726 1428 3803 nominetur,
1477 3728 1838 3805 honoretur,
1870 3721 1994 3811 [seu
2044 3728 2265 3808 quovis
2310 3727 2437 3788 alio
2472 3728 2683 3804 mod0,
2717 3741 2949 3801 actuve,
2985 3743 3116 3804 quo
3147 3724 3280 3783 talis

656 3834 717 3893 in
766 3853 841 3892 eo
888 3832 1150 3907 dignitas
1197 3832 1359 3894 facto
1410 3851 1799 3913 agnoscatur,
1852 3851 1953 3895 aut
1987 3835 2035 3895 si
2071 3836 2286 3895 eadem
2325 3837 2408 3895 ob
2445 3853 2687 3894 caussas
2720 3852 2865 3894 cum
2900 3830 2988 3905 iis,
3020 3830 3129 3911 qui
3159 3829 3280 3891 alio

657 3959 1061 4020 quocumque
1096 3940 1563 4020 gubernationis
1595 3960 1820 4018 genere
1860 3943 1944 4002 rei
1979 3940 2257 4021 publicae
2292 3958 2601 4022 praesunt,
2630 3939 2890 4008 tractari,
2923 3954 3027 3999 aut
3058 3937 3279 3999 sanciri

657 4046 888 4125 aliquid
940 4045 1280 4126 contigerit,
1334 4047 1571 4108 nullam
1622 4068 1694 4108 ex
1743 4047 1999 4128 actibuS,
2052 4047 2548 4108 ordinationibus
2580 4063 2639 4107 et
2671 4045 3186 4107 conventionibus
3216 4043 3276 4104 id

551 4179 599 4222 35
657 4154 896 4233 generis
931 4153 1027 4214 ius
1063 4153 1280 4214 iisdem
1315 4155 1694 4230 attributum,
1726 4154 2119 4234 acquisitum,
2170 4156 2629 4234 probatumque
2662 4154 2757 4222 sit,
2791 4172 2860 4213 ac
2893 4151 3137 4213 nullum
3171 4150 3279 4210 ad-

660 4280 870 4321 versus
916 4275 1260 4322 ceterorum
1307 4259 1438 4320 iura
1472 4275 1529 4319 et
1563 4260 1876 4341 privilegia
1911 4281 1980 4321 ac
2015 4275 2371 4341 patronatus
2405 4260 2754 4335 discrimen,
2802 4260 3189 4338 iacturaeque
3223 4273 3283 4316 et

659 4366 1101 4427 immutationis
1133 4383 1574 4444 argumentum
1610 4367 1844 4427 illatum
1879 4367 2110 4428 censeri
2148 4368 2340 4446 possit
2379 4386 2448 4426 ac
2483 4368 2731 4428 debeat:
2786 4386 2973 4446 quam
3022 4364 3277 4445 quidem

660 4476 735 4536 de
769 4473 998 4533 iurium
1035 4472 1301 4553 partium
1336 4473 1754 4535 incolumitate
1788 4474 2210 4535 conditionem
2244 4493 2357 4555 pro
2400 4473 2629 4535 adiecta
2663 4474 2897 4535 actibus
2918 4473 3091 4533 istius
3112 4470 3280 4531 modi

660 4580 1006 4640 habendam
1053 4598 1297 4659 semper
1343 4600 1472 4640 esse
1519 4579 1839 4656 edicimuS,
1889 4577 2298 4654 decernimus,
2357 4595 2413 4638 et
2448 4580 2840 4657 mandamus,
2875 4579 3026 4640 illud
3059 4578 3278 4639 iterum

551 4711 603 4750 40
660 4701 870 4755 nostro
918 4706 986 4746 ac
1034 4705 1438 4747 romanorum
1489 4687 1856 4768 pontificum
1889 4705 2317 4748 successorum
2354 4703 2711 4747 nostrorum
2748 4687 3002 4747 nomine
3036 4686 3281 4746 denun-

659 4792 896 4869 tianteS,
946 4791 1011 4852 in
1058 4792 1315 4853 huiusce
1352 4794 1521 4855 modi
1556 4810 1929 4875 temporum,
1964 4793 2266 4870 locorum,
2299 4812 2846 4874 personarumque
2881 4794 3283 4854 circumstan-

661 4900 754 4960 tiis
806 4919 874 4960 ea
925 4916 1161 4961 tantum
1214 4902 1449 4980 quaeri,
1499 4921 1658 4981 quae
1692 4900 1924 4963 Christi
1968 4916 2133 4978 sunt,
2191 4917 2373 4980 atque
2409 4900 2606 4977 unice,
2640 4900 2830 4961 veluti⁴
2855 4914 3283 4981 susceptorum
