<?xml version="1.0" encoding="UTF-8"?>
<!DOCTYPE html PUBLIC "-//W3C//DTD XHTML 1.0 Transitional//EN"
    "http://www.w3.org/TR/xhtml1/DTD/xhtml1-transitional.dtd">
<html xmlns="http://www.w3.org/1999/xhtml" xml:lang="en" lang="en">
 <head>
  <title>
</title>
<meta http-equiv="Content-Type" content="text/html;charset=utf-8" />
  <meta name='ocr-system' content='tesseract 3.04.00' />
  <meta name='ocr-capabilities' content='ocr_page ocr_carea ocr_par ocr_line ocrx_word'/>
</head>
<body>
  <div class='ocr_page' id='page_1' title='image "./fontesiuriscano00unkngoog/fontesiuriscano00unkngoog_0194.png"; bbox 0 0 3684 5416; ppageno 0'>
   <div class='ocr_carea' id='block_1_1' title="bbox 522 1545 571 1578">
    <p class='ocr_par' dir='ltr' id='par_1_1' title="bbox 522 1545 571 1578">
     <span class='ocr_line' id='line_1_1' title="bbox 522 1545 571 1578; baseline -0.061 0"><span class='ocrx_word' id='word_1_1' title='bbox 522 1545 571 1578; x_wconf 77' lang='lat' dir='ltr'>lo</span> 
     </span>
    </p>
   </div>
   <div class='ocr_carea' id='block_1_2' title="bbox 522 2080 567 2124">
    <p class='ocr_par' dir='ltr' id='par_1_2' title="bbox 522 2080 567 2124">
     <span class='ocr_line' id='line_1_2' title="bbox 522 2080 567 2124; baseline 0 0"><span class='ocrx_word' id='word_1_2' title='bbox 522 2080 567 2124; x_wconf 79' lang='grc' dir='ltr'>ι5</span> 
     </span>
    </p>
   </div>
   <div class='ocr_carea' id='block_1_3' title="bbox 517 2616 572 2648">
    <p class='ocr_par' dir='ltr' id='par_1_3' title="bbox 517 2616 572 2648">
     <span class='ocr_line' id='line_1_3' title="bbox 517 2616 572 2648; baseline -0.036 0"><span class='ocrx_word' id='word_1_3' title='bbox 517 2616 572 2648; x_wconf 81' lang='lat'>20</span> 
     </span>
    </p>
   </div>
   <div class='ocr_carea' id='block_1_4' title="bbox 519 3151 569 3195">
    <p class='ocr_par' dir='ltr' id='par_1_4' title="bbox 519 3151 569 3195">
     <span class='ocr_line' id='line_1_4' title="bbox 519 3151 569 3195; baseline 0 0"><span class='ocrx_word' id='word_1_4' title='bbox 519 3151 569 3195; x_wconf 84' lang='lat'>25</span> 
     </span>
    </p>
   </div>
   <div class='ocr_carea' id='block_1_5' title="bbox 520 3685 573 3729">
    <p class='ocr_par' dir='ltr' id='par_1_5' title="bbox 520 3685 573 3729">
     <span class='ocr_line' id='line_1_5' title="bbox 520 3685 573 3729; baseline 0 -12"><span class='ocrx_word' id='word_1_5' title='bbox 520 3685 573 3729; x_wconf 85' lang='lat'>30</span> 
     </span>
    </p>
   </div>
   <div class='ocr_carea' id='block_1_6' title="bbox 521 4218 569 4263">
    <p class='ocr_par' dir='ltr' id='par_1_6' title="bbox 521 4218 569 4263">
     <span class='ocr_line' id='line_1_6' title="bbox 521 4218 569 4263; baseline -0.021 0"><span class='ocrx_word' id='word_1_6' title='bbox 521 4218 569 4263; x_wconf 83' lang='lat'>35</span> 
     </span>
    </p>
   </div>
   <div class='ocr_carea' id='block_1_7' title="bbox 635 368 2604 446">
    <p class='ocr_par' dir='ltr' id='par_1_7' title="bbox 635 368 2604 446">
     <span class='ocr_line' id='line_1_7' title="bbox 635 368 2604 446; baseline -0.004 -18"><span class='ocrx_word' id='word_1_7' title='bbox 635 391 736 446; x_wconf 79' lang='lat'>¹54</span> <span class='ocrx_word' id='word_1_8' title='bbox 1258 372 1523 427; x_wconf 84' lang='lat' dir='ltr'>Potestas</span> <span class='ocrx_word' id='word_1_9' title='bbox 1563 370 1945 427; x_wconf 88' lang='lat' dir='ltr'>ecclesiastica</span> <span class='ocrx_word' id='word_1_10' title='bbox 1985 382 2041 425; x_wconf 92' lang='lat' dir='ltr'>et</span> <span class='ocrx_word' id='word_1_11' title='bbox 2077 368 2388 441; x_wconf 85' lang='lat' dir='ltr'>imperium</span> <span class='ocrx_word' id='word_1_12' title='bbox 2427 368 2604 424; x_wconf 86' lang='lat' dir='ltr'>civile.</span> 
     </span>
    </p>
   </div>
   <div class='ocr_carea' id='block_1_8' title="bbox 622 552 3246 4920">
    <p class='ocr_par' dir='ltr' id='par_1_8' title="bbox 622 552 3246 4598">
     <span class='ocr_line' id='line_1_8' title="bbox 628 552 3246 640; baseline -0.001 -20"><span class='ocrx_word' id='word_1_13' title='bbox 628 574 922 640; x_wconf 79' lang='lat' dir='ltr'>potestate</span> <span class='ocrx_word' id='word_1_14' title='bbox 951 565 1150 639; x_wconf 73' lang='lat' dir='ltr'>&#39;atque</span> <span class='ocrx_word' id='word_1_15' title='bbox 1200 556 1443 619; x_wconf 89' lang='lat' dir='ltr'>dicione</span> <span class='ocrx_word' id='word_1_16' title='bbox 1488 555 1771 618; x_wconf 90' lang='lat' dir='ltr'>tenuistis</span> <span class='ocrx_word' id='word_1_17' title='bbox 1803 571 1864 617; x_wconf 88' lang='lat' dir='ltr'>et</span> <span class='ocrx_word' id='word_1_18' title='bbox 1908 552 2329 636; x_wconf 85' lang='lat' dir='ltr'>disposuistis:</span> <span class='ocrx_word' id='word_1_19' title='bbox 2380 554 2682 616; x_wconf 85' lang='lat' dir='ltr'>civitatem</span> <span class='ocrx_word' id='word_1_20' title='bbox 2718 555 3068 617; x_wconf 78' lang='lat' dir='ltr'>Romanam</span> <span class='ocrx_word' id='word_1_21' title='bbox 3100 575 3246 618; x_wconf 90' lang='lat' dir='ltr'>cum</span> 
     </span>
     <span class='ocr_line' id='line_1_9' title="bbox 625 661 3246 743; baseline -0.002 -15"><span class='ocrx_word' id='word_1_22' title='bbox 625 667 851 729; x_wconf 88' lang='lat' dir='ltr'>ducatu</span> <span class='ocrx_word' id='word_1_23' title='bbox 883 683 1003 727; x_wconf 90' lang='lat' dir='ltr'>suo</span> <span class='ocrx_word' id='word_1_24' title='bbox 1034 681 1092 726; x_wconf 91' lang='lat' dir='ltr'>et</span> <span class='ocrx_word' id='word_1_25' title='bbox 1124 663 1495 726; x_wconf 89' lang='lat' dir='ltr'>suburbanis</span> <span class='ocrx_word' id='word_1_26' title='bbox 1527 662 1653 724; x_wconf 87' lang='lat' dir='ltr'>suis</span> <span class='ocrx_word' id='word_1_27' title='bbox 1685 679 1872 743; x_wconf 89' lang='lat' dir='ltr'>atque</span> <span class='ocrx_word' id='word_1_28' title='bbox 1904 662 2119 724; x_wconf 82' lang='lat' dir='ltr'>viculis</span> <span class='ocrx_word' id='word_1_29' title='bbox 2151 662 2442 723; x_wconf 90' lang='lat' dir='ltr'>omnibus</span> <span class='ocrx_word' id='word_1_30' title='bbox 2468 677 2527 723; x_wconf 90' lang='lat' dir='ltr'>et</span> <span class='ocrx_word' id='word_1_31' title='bbox 2547 661 2862 725; x_wconf 78' lang='lat' dir='ltr'>territoriis</span> <span class='ocrx_word' id='word_1_32' title='bbox 2882 662 3035 741; x_wconf 90' lang='lat' dir='ltr'>eius,</span> <span class='ocrx_word' id='word_1_33' title='bbox 3058 682 3246 725; x_wconf 89' lang='lat' dir='ltr'>mon-</span> 
     </span>
     <span class='ocr_line' id='line_1_10' title="bbox 625 767 3243 851; baseline -0.001 -17"><span class='ocrx_word' id='word_1_34' title='bbox 625 772 779 834; x_wconf 91' lang='lat' dir='ltr'>tanis</span> <span class='ocrx_word' id='word_1_35' title='bbox 811 793 881 835; x_wconf 89' lang='lat' dir='ltr'>ac</span> <span class='ocrx_word' id='word_1_36' title='bbox 914 771 1253 849; x_wconf 86' lang='lat' dir='ltr'>maritimis,</span> <span class='ocrx_word' id='word_1_37' title='bbox 1283 770 1564 832; x_wconf 84' lang='lat' dir='ltr'>litoribus</span> <span class='ocrx_word' id='word_1_38' title='bbox 1594 788 1664 830; x_wconf 92' lang='lat' dir='ltr'>ac</span> <span class='ocrx_word' id='word_1_39' title='bbox 1698 772 2022 851; x_wconf 87' lang='lat' dir='ltr'>portubus,</span> <span class='ocrx_word' id='word_1_40' title='bbox 2069 767 2150 850; x_wconf 87' lang='lat'>[2]</span> <span class='ocrx_word' id='word_1_41' title='bbox 2188 789 2300 832; x_wconf 90' lang='lat' dir='ltr'>seu</span> <span class='ocrx_word' id='word_1_42' title='bbox 2335 768 2573 831; x_wconf 86' lang='lat' dir='ltr'>cunctis</span> <span class='ocrx_word' id='word_1_43' title='bbox 2604 769 2949 832; x_wconf 88' lang='lat' dir='ltr'>civitatibus</span> <span class='ocrx_word' id='word_1_44' title='bbox 2980 770 3243 832; x_wconf 83' lang='lat' dir='ltr'>castellis</span> 
     </span>
     <span class='ocr_line' id='line_1_11' title="bbox 625 875 3245 962; baseline -0.002 -21"><span class='ocrx_word' id='word_1_45' title='bbox 625 879 870 962; x_wconf 89' lang='lat' dir='ltr'>oppidis</span> <span class='ocrx_word' id='word_1_46' title='bbox 916 899 985 941; x_wconf 88' lang='lat' dir='ltr'>ac</span> <span class='ocrx_word' id='word_1_47' title='bbox 1030 878 1248 941; x_wconf 89' lang='lat' dir='ltr'>viculis</span> <span class='ocrx_word' id='word_1_48' title='bbox 1278 877 1542 939; x_wconf 87' lang='lat' dir='ltr'>Tusciae</span> <span class='ocrx_word' id='word_1_49' title='bbox 1590 876 1884 958; x_wconf 73' lang='lat' dir='ltr'>partibUS,</span> <span class='ocrx_word' id='word_1_50' title='bbox 1934 877 1997 938; x_wconf 93' lang='lat' dir='ltr'>id</span> <span class='ocrx_word' id='word_1_51' title='bbox 2044 891 2135 938; x_wconf 90' lang='lat' dir='ltr'>est</span> <span class='ocrx_word' id='word_1_52' title='bbox 2167 877 2445 953; x_wconf 89' lang='lat' dir='ltr'>Portum,</span> <span class='ocrx_word' id='word_1_53' title='bbox 2492 875 2967 954; x_wconf 84' lang='lat' dir='ltr'>Centumcellas,</span> <span class='ocrx_word' id='word_1_54' title='bbox 3001 878 3245 954; x_wconf 90' lang='lat' dir='ltr'>Cerem,</span> 
     </span>
     <span class='ocr_line' id='line_1_12' title="bbox 625 983 3246 1066; baseline -0.002 -16"><span class='ocrx_word' id='word_1_55' title='bbox 625 987 899 1065; x_wconf 87' lang='lat' dir='ltr'>Bledam,</span> <span class='ocrx_word' id='word_1_56' title='bbox 944 985 1416 1060; x_wconf 87' lang='lat' dir='ltr'>Marturianum,</span> <span class='ocrx_word' id='word_1_57' title='bbox 1464 983 1753 1055; x_wconf 86' lang='lat' dir='ltr'>Sutriam,</span> <span class='ocrx_word' id='word_1_58' title='bbox 1799 984 2065 1066; x_wconf 91' lang='lat' dir='ltr'>Nepem,</span> <span class='ocrx_word' id='word_1_59' title='bbox 2101 983 2424 1046; x_wconf 90' lang='lat' dir='ltr'>castellum</span> <span class='ocrx_word' id='word_1_60' title='bbox 2448 983 2773 1062; x_wconf 86' lang='lat' dir='ltr'>&#39;Gallisem,</span> <span class='ocrx_word' id='word_1_61' title='bbox 2808 983 3045 1062; x_wconf 86' lang='lat' dir='ltr'>Ortem,</span> <span class='ocrx_word' id='word_1_62' title='bbox 3079 984 3246 1045; x_wconf 90' lang='lat' dir='ltr'>Poli-</span> 
     </span>
     <span class='ocr_line' id='line_1_13' title="bbox 626 1090 3245 1172; baseline -0.002 -16"><span class='ocrx_word' id='word_1_63' title='bbox 626 1095 936 1169; x_wconf 85' lang='lat' dir='ltr'>martium,</span> <span class='ocrx_word' id='word_1_64' title='bbox 956 1093 1296 1172; x_wconf 86' lang='lat' dir='ltr'>Ameriam,</span> <span class='ocrx_word' id='word_1_65' title='bbox 1315 1093 1591 1168; x_wconf 90' lang='lat' dir='ltr'>Tudam,</span> <span class='ocrx_word' id='word_1_66' title='bbox 1622 1092 1938 1153; x_wconf 84' lang='lat' dir='ltr'>Perusiam</span> <span class='ocrx_word' id='word_1_67' title='bbox 1969 1111 2117 1154; x_wconf 90' lang='lat' dir='ltr'>cum</span> <span class='ocrx_word' id='word_1_68' title='bbox 2147 1092 2343 1154; x_wconf 86' lang='lat' dir='ltr'>tribus</span> <span class='ocrx_word' id='word_1_69' title='bbox 2375 1091 2591 1154; x_wconf 91' lang='lat' dir='ltr'>insulis</span> <span class='ocrx_word' id='word_1_70' title='bbox 2622 1090 2769 1167; x_wconf 88' lang='lat' dir='ltr'>suis,</span> <span class='ocrx_word' id='word_1_71' title='bbox 2801 1091 2862 1152; x_wconf 91' lang='lat' dir='ltr'>id</span> <span class='ocrx_word' id='word_1_72' title='bbox 2893 1106 2984 1152; x_wconf 91' lang='lat' dir='ltr'>est</span> <span class='ocrx_word' id='word_1_73' title='bbox 3013 1091 3245 1153; x_wconf 89' lang='lat' dir='ltr'>maiore</span> 
     </span>
     <span class='ocr_line' id='line_1_14' title="bbox 624 1197 3242 1280; baseline -0.002 -17"><span class='ocrx_word' id='word_1_74' title='bbox 624 1219 681 1263; x_wconf 93' lang='lat' dir='ltr'>et</span> <span class='ocrx_word' id='word_1_75' title='bbox 712 1202 973 1280; x_wconf 89' lang='lat' dir='ltr'>minore,</span> <span class='ocrx_word' id='word_1_76' title='bbox 1007 1200 1391 1278; x_wconf 89' lang='lat' dir='ltr'>Puluensim,</span> <span class='ocrx_word' id='word_1_77' title='bbox 1426 1197 1724 1261; x_wconf 85' lang='lat' dir='ltr'>Narniam</span> <span class='ocrx_word' id='word_1_78' title='bbox 1756 1215 1817 1260; x_wconf 85' lang='lat' dir='ltr'>et</span> <span class='ocrx_word' id='word_1_79' title='bbox 1848 1199 2217 1277; x_wconf 84' lang='lat' dir='ltr'>Utriculum,</span> <span class='ocrx_word' id='word_1_80' title='bbox 2263 1219 2409 1261; x_wconf 86' lang='lat' dir='ltr'>cum</span> <span class='ocrx_word' id='word_1_81' title='bbox 2440 1199 2733 1260; x_wconf 89' lang='lat' dir='ltr'>omnibus</span> <span class='ocrx_word' id='word_1_82' title='bbox 2765 1198 2995 1260; x_wconf 90' lang='lat' dir='ltr'>finibus</span> <span class='ocrx_word' id='word_1_83' title='bbox 3025 1219 3095 1260; x_wconf 93' lang='lat' dir='ltr'>ac</span> <span class='ocrx_word' id='word_1_84' title='bbox 3124 1214 3242 1260; x_wconf 89' lang='lat' dir='ltr'>ter-</span> 
     </span>
     <span class='ocr_line' id='line_1_15' title="bbox 622 1305 3244 1389; baseline -0.001 -20"><span class='ocrx_word' id='word_1_85' title='bbox 622 1308 844 1370; x_wconf 88' lang='lat' dir='ltr'>ritoriis</span> <span class='ocrx_word' id='word_1_86' title='bbox 875 1308 953 1370; x_wconf 89' lang='lat' dir='ltr'>ad</span> <span class='ocrx_word' id='word_1_87' title='bbox 985 1306 1419 1388; x_wconf 80' lang='lat' dir='ltr'>suprascriptas</span> <span class='ocrx_word' id='word_1_88' title='bbox 1452 1306 1728 1368; x_wconf 86' lang='lat' dir='ltr'>civitates</span> <span class='ocrx_word' id='word_1_89' title='bbox 1760 1306 2242 1387; x_wconf 85' lang='lat' dir='ltr'>pertinentibus;</span> <span class='ocrx_word' id='word_1_90' title='bbox 2297 1305 2378 1389; x_wconf 89' lang='lat'>[3]</span> <span class='ocrx_word' id='word_1_91' title='bbox 2415 1325 2664 1368; x_wconf 87' lang='lat' dir='ltr'>necnon</span> <span class='ocrx_word' id='word_1_92' title='bbox 2697 1306 3091 1367; x_wconf 83' lang='lat' dir='ltr'>exarchatum</span> <span class='ocrx_word' id='word_1_93' title='bbox 3124 1305 3244 1366; x_wconf 86' lang='lat' dir='ltr'>Ra-</span> 
     </span>
     <span class='ocr_line' id='line_1_16' title="bbox 624 1412 3244 1495; baseline -0 -21"><span class='ocrx_word' id='word_1_94' title='bbox 624 1431 935 1477; x_wconf 82' lang='lat' dir='ltr'>vernatem</span> <span class='ocrx_word' id='word_1_95' title='bbox 984 1417 1100 1476; x_wconf 88' lang='lat' dir='ltr'>sub</span> <span class='ocrx_word' id='word_1_96' title='bbox 1152 1413 1492 1493; x_wconf 78' lang='lat' dir='ltr'>integritate</span> <span class='ocrx_word' id='word_1_97' title='bbox 1538 1433 1683 1475; x_wconf 93' lang='lat' dir='ltr'>cum</span> <span class='ocrx_word' id='word_1_98' title='bbox 1733 1412 1990 1477; x_wconf 83' lang='lat' dir='ltr'>urbibus</span> <span class='ocrx_word' id='word_1_99' title='bbox 2022 1414 2366 1476; x_wconf 85' lang='lat' dir='ltr'>civitatibus</span> <span class='ocrx_word' id='word_1_100' title='bbox 2398 1412 2645 1495; x_wconf 91' lang='lat' dir='ltr'>oppidis</span> <span class='ocrx_word' id='word_1_101' title='bbox 2676 1427 2736 1475; x_wconf 92' lang='lat' dir='ltr'>et</span> <span class='ocrx_word' id='word_1_102' title='bbox 2766 1413 3043 1491; x_wconf 76' lang='lat' dir='ltr'>castelliS,</span> <span class='ocrx_word' id='word_1_103' title='bbox 3085 1431 3244 1493; x_wconf 85' lang='lat' dir='ltr'>quae</span> 
     </span>
     <span class='ocr_line' id='line_1_17' title="bbox 625 1519 3241 1603; baseline -0.001 -20"><span class='ocrx_word' id='word_1_104' title='bbox 625 1522 760 1603; x_wconf 91' lang='lat' dir='ltr'>piae</span> <span class='ocrx_word' id='word_1_105' title='bbox 806 1520 1243 1582; x_wconf 87' lang='lat' dir='ltr'>recordationis</span> <span class='ocrx_word' id='word_1_106' title='bbox 1288 1521 1558 1582; x_wconf 89' lang='lat' dir='ltr'>domnus</span> <span class='ocrx_word' id='word_1_107' title='bbox 1589 1520 1894 1603; x_wconf 89' lang='lat' dir='ltr'>Pippinus</span> <span class='ocrx_word' id='word_1_108' title='bbox 1938 1540 1998 1583; x_wconf 92' lang='lat' dir='ltr'>et</span> <span class='ocrx_word' id='word_1_109' title='bbox 2043 1521 2318 1583; x_wconf 91' lang='lat' dir='ltr'>domnus</span> <span class='ocrx_word' id='word_1_110' title='bbox 2351 1522 2575 1582; x_wconf 89' lang='lat' dir='ltr'>Karlus</span> <span class='ocrx_word' id='word_1_111' title='bbox 2607 1519 3098 1594; x_wconf 82' lang='lat' dir='ltr'>excellentissimi</span> <span class='ocrx_word' id='word_1_112' title='bbox 3128 1519 3241 1580; x_wconf 88' lang='lat' dir='ltr'>im·</span> 
     </span>
     <span class='ocr_line' id='line_1_18' title="bbox 624 1626 3241 1710; baseline -0.001 -20"><span class='ocrx_word' id='word_1_113' title='bbox 624 1643 951 1710; x_wconf 87' lang='lat' dir='ltr'>peratores,</span> <span class='ocrx_word' id='word_1_114' title='bbox 996 1627 1458 1710; x_wconf 89' lang='lat' dir='ltr'>predecessores</span> <span class='ocrx_word' id='word_1_115' title='bbox 1505 1626 1790 1689; x_wconf 78' lang='lat' dir='ltr'>videlicet</span> <span class='ocrx_word' id='word_1_116' title='bbox 1821 1627 2036 1706; x_wconf 84' lang='lat' dir='ltr'>nostri,</span> <span class='ocrx_word' id='word_1_117' title='bbox 2086 1631 2265 1689; x_wconf 88' lang='lat' dir='ltr'>beato</span> <span class='ocrx_word' id='word_1_118' title='bbox 2298 1628 2486 1689; x_wconf 90' lang='lat' dir='ltr'>Petro</span> <span class='ocrx_word' id='word_1_119' title='bbox 2520 1627 2803 1708; x_wconf 89' lang='lat' dir='ltr'>apostolo</span> <span class='ocrx_word' id='word_1_120' title='bbox 2834 1641 2893 1687; x_wconf 93' lang='lat' dir='ltr'>et</span> <span class='ocrx_word' id='word_1_121' title='bbox 2925 1627 3241 1708; x_wconf 88' lang='lat' dir='ltr'>predeces-</span> 
     </span>
     <span class='ocr_line' id='line_1_19' title="bbox 624 1732 3244 1817; baseline -0.001 -21"><span class='ocrx_word' id='word_1_122' title='bbox 624 1734 866 1796; x_wconf 90' lang='lat' dir='ltr'>soribus</span> <span class='ocrx_word' id='word_1_123' title='bbox 911 1732 1124 1796; x_wconf 88' lang='lat' dir='ltr'>vestris</span> <span class='ocrx_word' id='word_1_124' title='bbox 1167 1733 1292 1794; x_wconf 88' lang='lat' dir='ltr'>iam</span> <span class='ocrx_word' id='word_1_125' title='bbox 1335 1734 1579 1795; x_wconf 89' lang='lat' dir='ltr'>dudum</span> <span class='ocrx_word' id='word_1_126' title='bbox 1627 1754 1737 1816; x_wconf 89' lang='lat' dir='ltr'>per</span> <span class='ocrx_word' id='word_1_127' title='bbox 1781 1734 2139 1796; x_wconf 86' lang='lat' dir='ltr'>donationis</span> <span class='ocrx_word' id='word_1_128' title='bbox 2185 1734 2477 1817; x_wconf 84' lang='lat' dir='ltr'>paginam</span> <span class='ocrx_word' id='word_1_129' title='bbox 2523 1733 2941 1810; x_wconf 85' lang='lat' dir='ltr'>contulerunt,</span> <span class='ocrx_word' id='word_1_130' title='bbox 2991 1734 3113 1795; x_wconf 88' lang='lat' dir='ltr'>hoc</span> <span class='ocrx_word' id='word_1_131' title='bbox 3156 1748 3244 1795; x_wconf 88' lang='lat' dir='ltr'>est</span> 
     </span>
     <span class='ocr_line' id='line_1_20' title="bbox 624 1840 3242 1922; baseline 0 -20"><span class='ocrx_word' id='word_1_132' title='bbox 624 1841 929 1902; x_wconf 85' lang='lat' dir='ltr'>civitatem</span> <span class='ocrx_word' id='word_1_133' title='bbox 950 1841 1312 1902; x_wconf 88' lang='lat' dir='ltr'>Ravennam</span> <span class='ocrx_word' id='word_1_134' title='bbox 1344 1845 1412 1902; x_wconf 83' lang='lat' dir='ltr'>et&#39;</span> <span class='ocrx_word' id='word_1_135' title='bbox 1437 1840 1776 1903; x_wconf 87' lang='lat' dir='ltr'>Emeliam:</span> <span class='ocrx_word' id='word_1_136' title='bbox 1811 1841 2107 1920; x_wconf 89' lang='lat' dir='ltr'>Bobium,</span> <span class='ocrx_word' id='word_1_137' title='bbox 2129 1840 2457 1912; x_wconf 72' lang='lat' dir='ltr'>Cesenam,</span> <span class='ocrx_word' id='word_1_138' title='bbox 2482 1840 2957 1922; x_wconf 87' lang='lat' dir='ltr'>Forumpopuli,</span> <span class='ocrx_word' id='word_1_139' title='bbox 2981 1841 3242 1902; x_wconf 87' lang='lat' dir='ltr'>Forum-</span> 
     </span>
     <span class='ocr_line' id='line_1_21' title="bbox 623 1946 3242 2026; baseline 0 -16"><span class='ocrx_word' id='word_1_140' title='bbox 623 1947 746 2025; x_wconf 87' lang='lat' dir='ltr'>livi,</span> <span class='ocrx_word' id='word_1_141' title='bbox 793 1947 1164 2024; x_wconf 86' lang='lat' dir='ltr'>Faventiam,</span> <span class='ocrx_word' id='word_1_142' title='bbox 1207 1947 1552 2022; x_wconf 82' lang='lat' dir='ltr'>Immolam,</span> <span class='ocrx_word' id='word_1_143' title='bbox 1597 1948 1969 2025; x_wconf 88' lang='lat' dir='ltr'>Bononiam,</span> <span class='ocrx_word' id='word_1_144' title='bbox 2010 1948 2378 2026; x_wconf 84' lang='lat' dir='ltr'>Ferrariam,</span> <span class='ocrx_word' id='word_1_145' title='bbox 2413 1946 2828 2010; x_wconf 90' lang='lat' dir='ltr'>Comiiaclum</span> <span class='ocrx_word' id='word_1_146' title='bbox 2870 1964 2930 2010; x_wconf 90' lang='lat' dir='ltr'>et</span> <span class='ocrx_word' id='word_1_147' title='bbox 2958 1948 3242 2010; x_wconf 76' lang='lat' dir='ltr'>Adrianis</span> 
     </span>
     <span class='ocr_line' id='line_1_22' title="bbox 624 2053 3244 2135; baseline 0 -20"><span class='ocrx_word' id='word_1_148' title='bbox 624 2070 809 2135; x_wconf 87' lang='lat' dir='ltr'>atque</span> <span class='ocrx_word' id='word_1_149' title='bbox 843 2054 1173 2117; x_wconf 87' lang='lat' dir='ltr'>Gabellum</span> <span class='ocrx_word' id='word_1_150' title='bbox 1206 2074 1353 2116; x_wconf 90' lang='lat' dir='ltr'>cum</span> <span class='ocrx_word' id='word_1_151' title='bbox 1382 2054 1677 2117; x_wconf 88' lang='lat' dir='ltr'>omnibus</span> <span class='ocrx_word' id='word_1_152' title='bbox 1708 2054 1937 2116; x_wconf 88' lang='lat' dir='ltr'>finibus</span> <span class='ocrx_word' id='word_1_153' title='bbox 1966 2054 2288 2117; x_wconf 84' lang='lat' dir='ltr'>territoriis</span> <span class='ocrx_word' id='word_1_154' title='bbox 2319 2069 2420 2135; x_wconf 91' lang='lat' dir='ltr'>atq</span> <span class='ocrx_word' id='word_1_155' title='bbox 2434 2074 2513 2115; x_wconf 89' lang='lat' dir='ltr'>ue</span> <span class='ocrx_word' id='word_1_156' title='bbox 2544 2053 2761 2116; x_wconf 91' lang='lat' dir='ltr'>insulis</span> <span class='ocrx_word' id='word_1_157' title='bbox 2791 2069 2945 2116; x_wconf 88' lang='lat' dir='ltr'>terra</span> <span class='ocrx_word' id='word_1_158' title='bbox 2967 2055 3244 2135; x_wconf 88' lang='lat' dir='ltr'>marique</span> 
     </span>
     <span class='ocr_line' id='line_1_23' title="bbox 625 2159 3240 2244; baseline -0 -21"><span class='ocrx_word' id='word_1_159' title='bbox 625 2163 700 2224; x_wconf 90' lang='lat' dir='ltr'>ad</span> <span class='ocrx_word' id='word_1_160' title='bbox 733 2162 1110 2244; x_wconf 89' lang='lat' dir='ltr'>supradictas</span> <span class='ocrx_word' id='word_1_161' title='bbox 1142 2162 1411 2224; x_wconf 87' lang='lat' dir='ltr'>civitates</span> <span class='ocrx_word' id='word_1_162' title='bbox 1443 2162 1924 2244; x_wconf 87' lang='lat' dir='ltr'>pertinentibus;</span> <span class='ocrx_word' id='word_1_163' title='bbox 1964 2159 2047 2242; x_wconf 92' lang='lat'>[4]</span> <span class='ocrx_word' id='word_1_164' title='bbox 2080 2162 2271 2225; x_wconf 87' lang='lat' dir='ltr'>simul</span> <span class='ocrx_word' id='word_1_165' title='bbox 2307 2177 2366 2223; x_wconf 91' lang='lat' dir='ltr'>et</span> <span class='ocrx_word' id='word_1_166' title='bbox 2385 2161 2788 2243; x_wconf 87' lang='lat' dir='ltr'>Pentapolim,</span> <span class='ocrx_word' id='word_1_167' title='bbox 2808 2159 3089 2221; x_wconf 83' lang='lat' dir='ltr'>videlicet</span> <span class='ocrx_word' id='word_1_168' title='bbox 3107 2159 3240 2222; x_wconf 84' lang='lat' dir='ltr'>Ari-</span> 
     </span>
     <span class='ocr_line' id='line_1_24' title="bbox 625 2267 3246 2350; baseline -0.001 -19"><span class='ocrx_word' id='word_1_169' title='bbox 625 2269 892 2350; x_wconf 88' lang='lat' dir='ltr'>minum,</span> <span class='ocrx_word' id='word_1_170' title='bbox 914 2270 1312 2347; x_wconf 88' lang='lat' dir='ltr'>Peusaurum,</span> <span class='ocrx_word' id='word_1_171' title='bbox 1331 2269 1635 2346; x_wconf 78' lang='lat' dir='ltr'>phanum,</span> <span class='ocrx_word' id='word_1_172' title='bbox 1655 2267 2091 2348; x_wconf 82' lang='lat' dir='ltr'>Senogalliam,</span> <span class='ocrx_word' id='word_1_173' title='bbox 2112 2273 2464 2346; x_wconf 85' lang='lat' dir='ltr'>Anconam,</span> <span class='ocrx_word' id='word_1_174' title='bbox 2488 2268 2845 2344; x_wconf 86' lang='lat' dir='ltr'>Ausimum,</span> <span class='ocrx_word' id='word_1_175' title='bbox 2869 2268 3246 2346; x_wconf 86' lang='lat' dir='ltr'>Humanam,</span> 
     </span>
     <span class='ocr_line' id='line_1_25' title="bbox 627 2374 3237 2473; baseline -0 -35"><span class='ocrx_word' id='word_1_176' title='bbox 627 2376 862 2452; x_wconf 89' lang='lat' dir='ltr'>Hesim,</span> <span class='ocrx_word' id='word_1_177' title='bbox 907 2375 1487 2458; x_wconf 84' lang='lat' dir='ltr'>Forumsimpronii‚</span> <span class='ocrx_word' id='word_1_178' title='bbox 1535 2375 1997 2456; x_wconf 84' lang='lat' dir='ltr'>Montemfeltri,</span> <span class='ocrx_word' id='word_1_179' title='bbox 2032 2375 2363 2439; x_wconf 89' lang='lat' dir='ltr'>Urbanum</span> <span class='ocrx_word' id='word_1_180' title='bbox 2408 2391 2467 2436; x_wconf 91' lang='lat' dir='ltr'>et</span> <span class='ocrx_word' id='word_1_181' title='bbox 2510 2375 2884 2437; x_wconf 88' lang='lat' dir='ltr'>territorium</span> <span class='ocrx_word' id='word_1_182' title='bbox 2917 2374 3237 2473; x_wconf 68' lang='lat' dir='ltr'>Balnense‚</span> 
     </span>
     <span class='ocr_line' id='line_1_26' title="bbox 625 2481 3239 2563; baseline -0 -17"><span class='ocrx_word' id='word_1_183' title='bbox 625 2483 833 2559; x_wconf 86' lang='lat' dir='ltr'>Callis,</span> <span class='ocrx_word' id='word_1_184' title='bbox 864 2482 1136 2546; x_wconf 89' lang='lat' dir='ltr'>Luciolis</span> <span class='ocrx_word' id='word_1_185' title='bbox 1162 2485 1226 2544; x_wconf 75' lang='lat' dir='ltr'>‘et</span> <span class='ocrx_word' id='word_1_186' title='bbox 1249 2482 1632 2563; x_wconf 86' lang='lat' dir='ltr'>Eugubium,</span> <span class='ocrx_word' id='word_1_187' title='bbox 1666 2501 1813 2544; x_wconf 91' lang='lat' dir='ltr'>cum</span> <span class='ocrx_word' id='word_1_188' title='bbox 1845 2483 2138 2545; x_wconf 90' lang='lat' dir='ltr'>omnibus</span> <span class='ocrx_word' id='word_1_189' title='bbox 2172 2483 2407 2545; x_wconf 90' lang='lat' dir='ltr'>finibus</span> <span class='ocrx_word' id='word_1_190' title='bbox 2442 2502 2515 2544; x_wconf 92' lang='lat' dir='ltr'>ac</span> <span class='ocrx_word' id='word_1_191' title='bbox 2543 2481 2857 2544; x_wconf 87' lang='lat' dir='ltr'>territoriis</span> <span class='ocrx_word' id='word_1_192' title='bbox 2887 2483 2963 2543; x_wconf 91' lang='lat' dir='ltr'>ad</span> <span class='ocrx_word' id='word_1_193' title='bbox 2992 2484 3239 2545; x_wconf 87' lang='lat' dir='ltr'>easdem</span> 
     </span>
     <span class='ocr_line' id='line_1_27' title="bbox 626 2587 3239 2671; baseline 0 -20"><span class='ocrx_word' id='word_1_194' title='bbox 626 2591 895 2652; x_wconf 85' lang='lat' dir='ltr'>civitates</span> <span class='ocrx_word' id='word_1_195' title='bbox 926 2589 1404 2671; x_wconf 87' lang='lat' dir='ltr'>pertinentibus;</span> <span class='ocrx_word' id='word_1_196' title='bbox 1441 2587 1522 2670; x_wconf 83' lang='lat'>[5]</span> <span class='ocrx_word' id='word_1_197' title='bbox 1558 2590 1782 2651; x_wconf 88' lang='lat' dir='ltr'>eodem</span> <span class='ocrx_word' id='word_1_198' title='bbox 1801 2591 1997 2652; x_wconf 93' lang='lat' dir='ltr'>modo</span> <span class='ocrx_word' id='word_1_199' title='bbox 2016 2589 2395 2652; x_wconf 86' lang='lat' dir='ltr'>territorium</span> <span class='ocrx_word' id='word_1_200' title='bbox 2420 2589 2756 2652; x_wconf 88' lang='lat' dir='ltr'>Sabinense</span> <span class='ocrx_word' id='word_1_201' title='bbox 2775 2589 2933 2652; x_wconf 90' lang='lat' dir='ltr'>sicut</span> <span class='ocrx_word' id='word_1_202' title='bbox 2950 2610 2984 2650; x_wconf 91' lang='lat' dir='ltr'>a</span> <span class='ocrx_word' id='word_1_203' title='bbox 3006 2590 3239 2652; x_wconf 89' lang='lat' dir='ltr'>domno</span> 
     </span>
     <span class='ocr_line' id='line_1_28' title="bbox 627 2695 3241 2780; baseline -0.001 -20"><span class='ocrx_word' id='word_1_204' title='bbox 627 2698 818 2760; x_wconf 86' lang='lat' dir='ltr'>Karlo</span> <span class='ocrx_word' id='word_1_205' title='bbox 862 2696 1227 2779; x_wconf 89' lang='lat' dir='ltr'>imperatore</span> <span class='ocrx_word' id='word_1_206' title='bbox 1272 2712 1654 2760; x_wconf 88' lang='lat' dir='ltr'>antecessore</span> <span class='ocrx_word' id='word_1_207' title='bbox 1701 2714 1916 2760; x_wconf 88' lang='lat' dir='ltr'>nostro</span> <span class='ocrx_word' id='word_1_208' title='bbox 1960 2700 2139 2761; x_wconf 90' lang='lat' dir='ltr'>beato</span> <span class='ocrx_word' id='word_1_209' title='bbox 2188 2698 2366 2760; x_wconf 88' lang='lat' dir='ltr'>Petro</span> <span class='ocrx_word' id='word_1_210' title='bbox 2411 2696 2695 2780; x_wconf 88' lang='lat' dir='ltr'>apostolo</span> <span class='ocrx_word' id='word_1_211' title='bbox 2742 2717 2852 2779; x_wconf 87' lang='lat' dir='ltr'>per</span> <span class='ocrx_word' id='word_1_212' title='bbox 2896 2695 3241 2760; x_wconf 87' lang='lat' dir='ltr'>donationis</span> 
     </span>
     <span class='ocr_line' id='line_1_29' title="bbox 628 2803 3241 2887; baseline 0 -21"><span class='ocrx_word' id='word_1_213' title='bbox 628 2806 928 2886; x_wconf 90' lang='lat' dir='ltr'>scriptum</span> <span class='ocrx_word' id='word_1_214' title='bbox 974 2822 1341 2865; x_wconf 86' lang='lat' dir='ltr'>concessum</span> <span class='ocrx_word' id='word_1_215' title='bbox 1372 2820 1462 2865; x_wconf 58' lang='lat' dir='ltr'>est</span> <span class='ocrx_word' id='word_1_216' title='bbox 1491 2806 1608 2866; x_wconf 90' lang='lat' dir='ltr'>sub</span> <span class='ocrx_word' id='word_1_217' title='bbox 1640 2805 2013 2887; x_wconf 77' lang='lat' dir='ltr'>integritate3</span> <span class='ocrx_word' id='word_1_218' title='bbox 2082 2803 2163 2885; x_wconf 88' lang='lat'>[6]</span> <span class='ocrx_word' id='word_1_219' title='bbox 2198 2805 2345 2866; x_wconf 90' lang='lat' dir='ltr'>item</span> <span class='ocrx_word' id='word_1_220' title='bbox 2376 2804 2440 2866; x_wconf 90' lang='lat' dir='ltr'>in</span> <span class='ocrx_word' id='word_1_221' title='bbox 2473 2804 2748 2885; x_wconf 89' lang='lat' dir='ltr'>partibus</span> <span class='ocrx_word' id='word_1_222' title='bbox 2778 2804 3043 2867; x_wconf 87' lang='lat' dir='ltr'>Tusciae</span> <span class='ocrx_word' id='word_1_223' title='bbox 3075 2805 3241 2867; x_wconf 87' lang='lat' dir='ltr'>Lon-</span> 
     </span>
     <span class='ocr_line' id='line_1_30' title="bbox 626 2910 3238 2992; baseline 0 -19"><span class='ocrx_word' id='word_1_224' title='bbox 626 2911 1048 2991; x_wconf 87' lang='lat' dir='ltr'>gobardorum</span> <span class='ocrx_word' id='word_1_225' title='bbox 1080 2910 1398 2973; x_wconf 71' lang='lat' dir='ltr'>castenum</span> <span class='ocrx_word' id='word_1_226' title='bbox 1432 2911 1772 2990; x_wconf 87' lang='lat' dir='ltr'>Felicitatis,</span> <span class='ocrx_word' id='word_1_227' title='bbox 1806 2911 2046 2975; x_wconf 90' lang='lat' dir='ltr'>Urbem</span> <span class='ocrx_word' id='word_1_228' title='bbox 2077 2928 2366 2992; x_wconf 85' lang='lat' dir='ltr'>veterem,</span> <span class='ocrx_word' id='word_1_229' title='bbox 2415 2912 2719 2975; x_wconf 89' lang='lat' dir='ltr'>Balneum</span> <span class='ocrx_word' id='word_1_230' title='bbox 2752 2912 2930 2991; x_wconf 81' lang='lat' dir='ltr'>regis,</span> <span class='ocrx_word' id='word_1_231' title='bbox 2979 2911 3238 2989; x_wconf 88' lang='lat' dir='ltr'>Ferenti,</span> 
     </span>
     <span class='ocr_line' id='line_1_31' title="bbox 627 3016 3241 3101; baseline 0.002 -23"><span class='ocrx_word' id='word_1_232' title='bbox 627 3018 973 3092; x_wconf 82' lang='lat' dir='ltr'>Viterbu&#39;m,</span> <span class='ocrx_word' id='word_1_233' title='bbox 1021 3016 1316 3098; x_wconf 89' lang='lat' dir='ltr'>Orchem,</span> <span class='ocrx_word' id='word_1_234' title='bbox 1379 3019 1670 3097; x_wconf 88' lang='lat' dir='ltr'>Marcam,</span> <span class='ocrx_word' id='word_1_235' title='bbox 1713 3019 2092 3098; x_wconf 90' lang='lat' dir='ltr'>Tuscanam,</span> <span class='ocrx_word' id='word_1_236' title='bbox 2143 3018 2432 3097; x_wconf 90' lang='lat' dir='ltr'>Suanam,</span> <span class='ocrx_word' id='word_1_237' title='bbox 2478 3020 2918 3101; x_wconf 88' lang='lat' dir='ltr'>Popolonium,</span> <span class='ocrx_word' id='word_1_238' title='bbox 2968 3019 3241 3082; x_wconf 87' lang='lat' dir='ltr'>Roselles</span> 
     </span>
     <span class='ocr_line' id='line_1_32' title="bbox 629 3124 3242 3208; baseline 0 -21"><span class='ocrx_word' id='word_1_239' title='bbox 629 3144 773 3187; x_wconf 91' lang='lat' dir='ltr'>cum</span> <span class='ocrx_word' id='word_1_240' title='bbox 807 3124 1176 3186; x_wconf 89' lang='lat' dir='ltr'>suburbanis</span> <span class='ocrx_word' id='word_1_241' title='bbox 1207 3141 1391 3206; x_wconf 89' lang='lat' dir='ltr'>atque</span> <span class='ocrx_word' id='word_1_242' title='bbox 1424 3126 1637 3187; x_wconf 89' lang='lat' dir='ltr'>viculis</span> <span class='ocrx_word' id='word_1_243' title='bbox 1668 3126 1965 3187; x_wconf 90' lang='lat' dir='ltr'>omnibus</span> <span class='ocrx_word' id='word_1_244' title='bbox 1996 3142 2055 3187; x_wconf 91' lang='lat' dir='ltr'>et</span> <span class='ocrx_word' id='word_1_245' title='bbox 2084 3127 2401 3189; x_wconf 86' lang='lat' dir='ltr'>territoriis</span> <span class='ocrx_word' id='word_1_246' title='bbox 2432 3147 2503 3188; x_wconf 88' lang='lat' dir='ltr'>ac</span> <span class='ocrx_word' id='word_1_247' title='bbox 2533 3125 2874 3205; x_wconf 89' lang='lat' dir='ltr'>maritimis,</span> <span class='ocrx_word' id='word_1_248' title='bbox 2908 3127 3154 3208; x_wconf 90' lang='lat' dir='ltr'>oppidis</span> <span class='ocrx_word' id='word_1_249' title='bbox 3173 3144 3242 3188; x_wconf 91' lang='lat' dir='ltr'>ac</span> 
     </span>
     <span class='ocr_line' id='line_1_33' title="bbox 630 3230 3241 3314; baseline 0.002 -25"><span class='ocrx_word' id='word_1_250' title='bbox 630 3231 842 3294; x_wconf 86' lang='lat' dir='ltr'>viculis</span> <span class='ocrx_word' id='word_1_251' title='bbox 874 3252 985 3292; x_wconf 88' lang='lat' dir='ltr'>seu</span> <span class='ocrx_word' id='word_1_252' title='bbox 1018 3231 1248 3294; x_wconf 89' lang='lat' dir='ltr'>finibus</span> <span class='ocrx_word' id='word_1_253' title='bbox 1280 3233 1607 3309; x_wconf 72' lang='lat' dir='ltr'>omnibus:</span> <span class='ocrx_word' id='word_1_254' title='bbox 1643 3230 1727 3313; x_wconf 90' lang='lat'>[7]</span> <span class='ocrx_word' id='word_1_255' title='bbox 1763 3233 2037 3314; x_wconf 88' lang='lat' dir='ltr'>itemque</span> <span class='ocrx_word' id='word_1_256' title='bbox 2070 3254 2102 3294; x_wconf 89' lang='lat' dir='ltr'>a</span> <span class='ocrx_word' id='word_1_257' title='bbox 2123 3234 2320 3296; x_wconf 88' lang='lat' dir='ltr'>Lunis</span> <span class='ocrx_word' id='word_1_258' title='bbox 2340 3254 2491 3296; x_wconf 90' lang='lat' dir='ltr'>cum</span> <span class='ocrx_word' id='word_1_259' title='bbox 2509 3233 2710 3296; x_wconf 87' lang='lat' dir='ltr'>insula</span> <span class='ocrx_word' id='word_1_260' title='bbox 2732 3233 3000 3312; x_wconf 89' lang='lat' dir='ltr'>Corsica,</span> <span class='ocrx_word' id='word_1_261' title='bbox 3020 3233 3241 3295; x_wconf 90' lang='lat' dir='ltr'>deinde</span> 
     </span>
     <span class='ocr_line' id='line_1_34' title="bbox 627 3337 3231 3418; baseline 0.001 -19"><span class='ocrx_word' id='word_1_262' title='bbox 627 3339 690 3399; x_wconf 88' lang='lat' dir='ltr'>in</span> <span class='ocrx_word' id='word_1_263' title='bbox 721 3337 1009 3417; x_wconf 88' lang='lat' dir='ltr'>Suriano,</span> <span class='ocrx_word' id='word_1_264' title='bbox 1044 3338 1265 3400; x_wconf 91' lang='lat' dir='ltr'>deinde</span> <span class='ocrx_word' id='word_1_265' title='bbox 1297 3338 1362 3401; x_wconf 89' lang='lat' dir='ltr'>in</span> <span class='ocrx_word' id='word_1_266' title='bbox 1394 3355 1604 3401; x_wconf 90' lang='lat' dir='ltr'>monte</span> <span class='ocrx_word' id='word_1_267' title='bbox 1638 3339 1961 3418; x_wconf 91' lang='lat' dir='ltr'>Bardonis,</span> <span class='ocrx_word' id='word_1_268' title='bbox 1996 3340 2217 3402; x_wconf 89' lang='lat' dir='ltr'>deinde</span> <span class='ocrx_word' id='word_1_269' title='bbox 2249 3340 2313 3402; x_wconf 90' lang='lat' dir='ltr'>in</span> <span class='ocrx_word' id='word_1_270' title='bbox 2346 3341 2622 3412; x_wconf 89' lang='lat' dir='ltr'>Bercet0‚</span> <span class='ocrx_word' id='word_1_271' title='bbox 2656 3340 2878 3402; x_wconf 81' lang='lat' dir='ltr'>exinde</span> <span class='ocrx_word' id='word_1_272' title='bbox 2913 3340 2979 3402; x_wconf 91' lang='lat' dir='ltr'>in</span> <span class='ocrx_word' id='word_1_273' title='bbox 3000 3338 3231 3418; x_wconf 89' lang='lat' dir='ltr'>Parma,</span> 
     </span>
     <span class='ocr_line' id='line_1_35' title="bbox 627 3444 3237 3529; baseline 0.001 -23"><span class='ocrx_word' id='word_1_274' title='bbox 627 3445 851 3507; x_wconf 92' lang='lat' dir='ltr'>deinde</span> <span class='ocrx_word' id='word_1_275' title='bbox 897 3444 962 3506; x_wconf 93' lang='lat' dir='ltr'>in</span> <span class='ocrx_word' id='word_1_276' title='bbox 993 3444 1204 3528; x_wconf 82' lang='lat' dir='ltr'>Regia,</span> <span class='ocrx_word' id='word_1_277' title='bbox 1249 3444 1469 3506; x_wconf 82' lang='lat' dir='ltr'>exinde</span> <span class='ocrx_word' id='word_1_278' title='bbox 1514 3445 1577 3508; x_wconf 92' lang='lat' dir='ltr'>in</span> <span class='ocrx_word' id='word_1_279' title='bbox 1608 3446 1865 3508; x_wconf 88' lang='lat' dir='ltr'>Mantua</span> <span class='ocrx_word' id='word_1_280' title='bbox 1910 3462 2095 3527; x_wconf 89' lang='lat' dir='ltr'>atque</span> <span class='ocrx_word' id='word_1_281' title='bbox 2141 3448 2204 3508; x_wconf 93' lang='lat' dir='ltr'>in</span> <span class='ocrx_word' id='word_1_282' title='bbox 2236 3462 2450 3509; x_wconf 91' lang='lat' dir='ltr'>monte</span> <span class='ocrx_word' id='word_1_283' title='bbox 2483 3446 2679 3509; x_wconf 91' lang='lat' dir='ltr'>Silicis</span> <span class='ocrx_word' id='word_1_284' title='bbox 2711 3463 2894 3529; x_wconf 89' lang='lat' dir='ltr'>atque</span> <span class='ocrx_word' id='word_1_285' title='bbox 2925 3447 3237 3529; x_wconf 86' lang='lat' dir='ltr'>provincia</span> 
     </span>
     <span class='ocr_line' id='line_1_36' title="bbox 626 3544 3238 3637; baseline 0 -23"><span class='ocrx_word' id='word_1_286' title='bbox 626 3553 1026 3616; x_wconf 82' lang='lat' dir='ltr'>venetiarum</span> <span class='ocrx_word' id='word_1_287' title='bbox 1071 3569 1131 3615; x_wconf 91' lang='lat' dir='ltr'>et</span> <span class='ocrx_word' id='word_1_288' title='bbox 1172 3553 1338 3616; x_wconf 90' lang='lat' dir='ltr'>Istria</span> <span class='ocrx_word' id='word_1_289' title='bbox 1384 3574 1630 3616; x_wconf 90' lang='lat' dir='ltr'>necnon</span> <span class='ocrx_word' id='word_1_290' title='bbox 1678 3571 1735 3617; x_wconf 90' lang='lat' dir='ltr'>et</span> <span class='ocrx_word' id='word_1_291' title='bbox 1781 3572 2080 3617; x_wconf 90' lang='lat' dir='ltr'>cunctum</span> <span class='ocrx_word' id='word_1_292' title='bbox 2126 3555 2421 3617; x_wconf 89' lang='lat' dir='ltr'>ducatum</span> <span class='ocrx_word' id='word_1_293' title='bbox 2460 3555 2853 3637; x_wconf 88' lang='lat' dir='ltr'>Spolitanum</span> <span class='ocrx_word' id='word_1_294' title='bbox 2899 3544 3011 3615; x_wconf 86' lang='lat' dir='ltr'>seu</span> <span class='ocrx_word' id='word_1_295' title='bbox 3044 3555 3238 3615; x_wconf 90' lang='lat' dir='ltr'>Bene-</span> 
     </span>
     <span class='ocr_line' id='line_1_37' title="bbox 626 3660 3238 3745; baseline 0.001 -25"><span class='ocrx_word' id='word_1_296' title='bbox 626 3677 964 3722; x_wconf 85' lang='lat' dir='ltr'>ventanum</span> <span class='ocrx_word' id='word_1_297' title='bbox 1011 3680 1136 3723; x_wconf 87' lang='lat' dir='ltr'>una</span> <span class='ocrx_word' id='word_1_298' title='bbox 1182 3680 1328 3723; x_wconf 91' lang='lat' dir='ltr'>cum</span> <span class='ocrx_word' id='word_1_299' title='bbox 1359 3661 1610 3723; x_wconf 89' lang='lat' dir='ltr'>ecclesia</span> <span class='ocrx_word' id='word_1_300' title='bbox 1643 3678 1888 3724; x_wconf 89' lang='lat' dir='ltr'>sanctae</span> <span class='ocrx_word' id='word_1_301' title='bbox 1919 3662 2306 3724; x_wconf 87' lang='lat' dir='ltr'>Christianae</span> <span class='ocrx_word' id='word_1_302' title='bbox 2338 3661 2533 3744; x_wconf 89' lang='lat' dir='ltr'>posita</span> <span class='ocrx_word' id='word_1_303' title='bbox 2567 3681 2761 3745; x_wconf 92' lang='lat' dir='ltr'>prope</span> <span class='ocrx_word' id='word_1_304' title='bbox 2797 3660 3049 3743; x_wconf 90' lang='lat' dir='ltr'>Papiam</span> <span class='ocrx_word' id='word_1_305' title='bbox 3080 3660 3238 3723; x_wconf 84' lang='lat' dir='ltr'>iuxta</span> 
     </span>
     <span class='ocr_line' id='line_1_38' title="bbox 628 3766 3240 3851; baseline 0 -23"><span class='ocrx_word' id='word_1_306' title='bbox 628 3767 868 3829; x_wconf 88' lang='lat' dir='ltr'>Padum</span> <span class='ocrx_word' id='word_1_307' title='bbox 899 3782 1122 3849; x_wconf 89' lang='lat' dir='ltr'>quarto</span> <span class='ocrx_word' id='word_1_308' title='bbox 1153 3768 1448 3843; x_wconf 89' lang='lat' dir='ltr'>miliario;</span> <span class='ocrx_word' id='word_1_309' title='bbox 1486 3766 1567 3848; x_wconf 89' lang='lat'>[8]</span> <span class='ocrx_word' id='word_1_310' title='bbox 1603 3768 1748 3829; x_wconf 91' lang='lat' dir='ltr'>item</span> <span class='ocrx_word' id='word_1_311' title='bbox 1767 3768 1831 3831; x_wconf 91' lang='lat' dir='ltr'>in</span> <span class='ocrx_word' id='word_1_312' title='bbox 1854 3769 2128 3851; x_wconf 90' lang='lat' dir='ltr'>partibus</span> <span class='ocrx_word' id='word_1_313' title='bbox 2148 3769 2527 3850; x_wconf 89' lang='lat' dir='ltr'>Campaniae</span> <span class='ocrx_word' id='word_1_314' title='bbox 2547 3768 2788 3847; x_wconf 90' lang='lat' dir='ltr'>Soram,</span> <span class='ocrx_word' id='word_1_315' title='bbox 2810 3773 3020 3846; x_wconf 86' lang='lat' dir='ltr'>Arces‚</span> <span class='ocrx_word' id='word_1_316' title='bbox 3044 3766 3240 3849; x_wconf 84' lang='lat' dir='ltr'>Aqui-</span> 
     </span>
     <span class='ocr_line' id='line_1_39' title="bbox 628 3872 3238 3959; baseline -0.001 -23"><span class='ocrx_word' id='word_1_317' title='bbox 628 3894 805 3953; x_wconf 90' lang='lat' dir='ltr'>num,</span> <span class='ocrx_word' id='word_1_318' title='bbox 840 3874 1173 3952; x_wconf 88' lang='lat' dir='ltr'>Arbinum‚</span> <span class='ocrx_word' id='word_1_319' title='bbox 1206 3873 1495 3935; x_wconf 90' lang='lat' dir='ltr'>Teanum</span> <span class='ocrx_word' id='word_1_320' title='bbox 1528 3890 1586 3936; x_wconf 90' lang='lat' dir='ltr'>et</span> <span class='ocrx_word' id='word_1_321' title='bbox 1610 3875 1939 3959; x_wconf 82' lang='lat' dir='ltr'>Capuam:</span> <span class='ocrx_word' id='word_1_322' title='bbox 1989 3872 2069 3954; x_wconf 91' lang='lat'>[9]</span> <span class='ocrx_word' id='word_1_323' title='bbox 2105 3894 2352 3936; x_wconf 90' lang='lat' dir='ltr'>necnon</span> <span class='ocrx_word' id='word_1_324' title='bbox 2385 3891 2443 3937; x_wconf 90' lang='lat' dir='ltr'>et</span> <span class='ocrx_word' id='word_1_325' title='bbox 2475 3874 2838 3956; x_wconf 89' lang='lat' dir='ltr'>patrimonia</span> <span class='ocrx_word' id='word_1_326' title='bbox 2870 3875 2946 3936; x_wconf 89' lang='lat' dir='ltr'>ad</span> <span class='ocrx_word' id='word_1_327' title='bbox 2981 3888 3238 3956; x_wconf 88' lang='lat' dir='ltr'>potesta-</span> 
     </span>
     <span class='ocr_line' id='line_1_40' title="bbox 627 3980 3238 4063; baseline -0.001 -20"><span class='ocrx_word' id='word_1_328' title='bbox 627 3998 751 4043; x_wconf 91' lang='lat' dir='ltr'>tem</span> <span class='ocrx_word' id='word_1_329' title='bbox 784 3998 842 4042; x_wconf 90' lang='lat' dir='ltr'>et</span> <span class='ocrx_word' id='word_1_330' title='bbox 874 3981 1178 4043; x_wconf 90' lang='lat' dir='ltr'>ditionem</span> <span class='ocrx_word' id='word_1_331' title='bbox 1210 3995 1475 4042; x_wconf 89' lang='lat' dir='ltr'>vestram</span> <span class='ocrx_word' id='word_1_332' title='bbox 1508 3980 1890 4062; x_wconf 86' lang='lat' dir='ltr'>pertinentia,</span> <span class='ocrx_word' id='word_1_333' title='bbox 1937 3980 2094 4043; x_wconf 89' lang='lat' dir='ltr'>sicut</span> <span class='ocrx_word' id='word_1_334' title='bbox 2137 3997 2227 4043; x_wconf 90' lang='lat' dir='ltr'>est</span> <span class='ocrx_word' id='word_1_335' title='bbox 2258 3982 2704 4063; x_wconf 88' lang='lat' dir='ltr'>patrimonium</span> <span class='ocrx_word' id='word_1_336' title='bbox 2735 3982 3238 4043; x_wconf 87' lang='lat' dir='ltr'>Beneventanum</span> 
     </span>
     <span class='ocr_line' id='line_1_41' title="bbox 629 4085 3241 4170; baseline -0.001 -20"><span class='ocrx_word' id='word_1_337' title='bbox 629 4104 687 4150; x_wconf 90' lang='lat' dir='ltr'>et</span> <span class='ocrx_word' id='word_1_338' title='bbox 720 4087 1168 4170; x_wconf 88' lang='lat' dir='ltr'>patrimonium</span> <span class='ocrx_word' id='word_1_339' title='bbox 1197 4085 1678 4168; x_wconf 88' lang='lat' dir='ltr'>Neapolitanum</span> <span class='ocrx_word' id='word_1_340' title='bbox 1723 4104 1908 4168; x_wconf 88' lang='lat' dir='ltr'>atque</span> <span class='ocrx_word' id='word_1_341' title='bbox 1940 4088 2306 4170; x_wconf 89' lang='lat' dir='ltr'>patrimonia</span> <span class='ocrx_word' id='word_1_342' title='bbox 2339 4088 2657 4150; x_wconf 88' lang='lat' dir='ltr'>Calabriae</span> <span class='ocrx_word' id='word_1_343' title='bbox 2689 4087 3024 4169; x_wconf 88' lang='lat' dir='ltr'>superioris</span> <span class='ocrx_word' id='word_1_344' title='bbox 3055 4103 3115 4148; x_wconf 92' lang='lat' dir='ltr'>et</span> <span class='ocrx_word' id='word_1_345' title='bbox 3145 4087 3241 4149; x_wconf 89' lang='lat' dir='ltr'>in-</span> 
     </span>
     <span class='ocr_line' id='line_1_42' title="bbox 631 4194 3238 4279; baseline 0 -23"><span class='ocrx_word' id='word_1_346' title='bbox 631 4195 867 4256; x_wconf 89' lang='lat' dir='ltr'>ferioris</span> <span class='ocrx_word' id='word_1_347' title='bbox 907 4230 977 4239; x_wconf 96' lang='lat'><strong>—</strong></span> <span class='ocrx_word' id='word_1_348' title='bbox 1018 4195 1094 4256; x_wconf 91' lang='lat' dir='ltr'>de</span> <span class='ocrx_word' id='word_1_349' title='bbox 1128 4194 1365 4257; x_wconf 86' lang='lat' dir='ltr'>civitate</span> <span class='ocrx_word' id='word_1_350' title='bbox 1396 4212 1600 4258; x_wconf 90' lang='lat' dir='ltr'>autem</span> <span class='ocrx_word' id='word_1_351' title='bbox 1636 4196 2041 4279; x_wconf 88' lang='lat' dir='ltr'>Neapolitana</span> <span class='ocrx_word' id='word_1_352' title='bbox 2091 4217 2233 4259; x_wconf 90' lang='lat' dir='ltr'>cum</span> <span class='ocrx_word' id='word_1_353' title='bbox 2274 4198 2533 4259; x_wconf 88' lang='lat' dir='ltr'>castellis</span> <span class='ocrx_word' id='word_1_354' title='bbox 2566 4214 2625 4259; x_wconf 93' lang='lat' dir='ltr'>et</span> <span class='ocrx_word' id='word_1_355' title='bbox 2654 4196 2968 4259; x_wconf 89' lang='lat' dir='ltr'>territoriis</span> <span class='ocrx_word' id='word_1_356' title='bbox 2998 4216 3070 4257; x_wconf 91' lang='lat' dir='ltr'>ac</span> <span class='ocrx_word' id='word_1_357' title='bbox 3100 4194 3238 4257; x_wconf 89' lang='lat' dir='ltr'>fini-</span> 
     </span>
     <span class='ocr_line' id='line_1_43' title="bbox 631 4301 3239 4387; baseline 0.002 -27"><span class='ocrx_word' id='word_1_358' title='bbox 631 4303 747 4363; x_wconf 90' lang='lat' dir='ltr'>bus</span> <span class='ocrx_word' id='word_1_359' title='bbox 779 4316 838 4362; x_wconf 92' lang='lat' dir='ltr'>et</span> <span class='ocrx_word' id='word_1_360' title='bbox 869 4301 1087 4365; x_wconf 84' lang='lat' dir='ltr'>insulis</span> <span class='ocrx_word' id='word_1_361' title='bbox 1120 4302 1248 4363; x_wconf 87' lang='lat' dir='ltr'>suis</span> <span class='ocrx_word' id='word_1_362' title='bbox 1279 4302 1901 4385; x_wconf 70' lang='lat' dir='ltr'>sibi&#39;pertinentibus,</span> <span class='ocrx_word' id='word_1_363' title='bbox 1934 4305 2114 4366; x_wconf 91' lang='lat' dir='ltr'>sicuti</span> <span class='ocrx_word' id='word_1_364' title='bbox 2146 4304 2223 4365; x_wconf 91' lang='lat' dir='ltr'>ad</span> <span class='ocrx_word' id='word_1_365' title='bbox 2256 4305 2505 4366; x_wconf 88' lang='lat' dir='ltr'>easdem</span> <span class='ocrx_word' id='word_1_366' title='bbox 2537 4305 2807 4387; x_wconf 89' lang='lat' dir='ltr'>aspicere</span> <span class='ocrx_word' id='word_1_367' title='bbox 2839 4304 3126 4366; x_wconf 87' lang='lat' dir='ltr'>videntur</span> <span class='ocrx_word' id='word_1_368' title='bbox 3155 4335 3239 4346; x_wconf 92' lang='lat'>-—</span> 
     </span>
     <span class='ocr_line' id='line_1_44' title="bbox 629 4406 3233 4491; baseline 0.002 -23"><span class='ocrx_word' id='word_1_369' title='bbox 629 4426 874 4469; x_wconf 89' lang='lat' dir='ltr'>necnon</span> <span class='ocrx_word' id='word_1_370' title='bbox 906 4408 1350 4490; x_wconf 88' lang='lat' dir='ltr'>patrimonium</span> <span class='ocrx_word' id='word_1_371' title='bbox 1381 4411 1640 4487; x_wconf 89' lang='lat' dir='ltr'>Siciliae,</span> <span class='ocrx_word' id='word_1_372' title='bbox 1673 4411 1724 4472; x_wconf 92' lang='lat' dir='ltr'>si</span> <span class='ocrx_word' id='word_1_373' title='bbox 1755 4412 1913 4473; x_wconf 91' lang='lat' dir='ltr'>deus</span> <span class='ocrx_word' id='word_1_374' title='bbox 1943 4411 2164 4473; x_wconf 91' lang='lat' dir='ltr'>nostris</span> <span class='ocrx_word' id='word_1_375' title='bbox 2195 4411 2353 4473; x_wconf 91' lang='lat' dir='ltr'>illud</span> <span class='ocrx_word' id='word_1_376' title='bbox 2382 4411 2704 4473; x_wconf 89' lang='lat' dir='ltr'>tradiderit</span> <span class='ocrx_word' id='word_1_377' title='bbox 2732 4410 3061 4478; x_wconf 83' lang='lat' dir='ltr'>manibus:</span> <span class='ocrx_word' id='word_1_378' title='bbox 3113 4406 3233 4491; x_wconf 80' lang='lat' dir='ltr'>[to]</span> 
     </span>
     <span class='ocr_line' id='line_1_45' title="bbox 631 4514 3237 4598; baseline 0.001 -24"><span class='ocrx_word' id='word_1_379' title='bbox 631 4514 814 4576; x_wconf 88' lang='lat' dir='ltr'>simili</span> <span class='ocrx_word' id='word_1_380' title='bbox 849 4516 1041 4577; x_wconf 92' lang='lat' dir='ltr'>modo</span> <span class='ocrx_word' id='word_1_381' title='bbox 1073 4515 1377 4579; x_wconf 88' lang='lat' dir='ltr'>civitatem</span> <span class='ocrx_word' id='word_1_382' title='bbox 1397 4517 1677 4579; x_wconf 90' lang='lat' dir='ltr'>Gaietam</span> <span class='ocrx_word' id='word_1_383' title='bbox 1709 4534 1766 4580; x_wconf 94' lang='lat' dir='ltr'>et</span> <span class='ocrx_word' id='word_1_384' title='bbox 1790 4518 2061 4579; x_wconf 88' lang='lat' dir='ltr'>Fundim</span> <span class='ocrx_word' id='word_1_385' title='bbox 2095 4537 2244 4581; x_wconf 89' lang='lat' dir='ltr'>cum</span> <span class='ocrx_word' id='word_1_386' title='bbox 2278 4518 2575 4580; x_wconf 89' lang='lat' dir='ltr'>omnibus</span> <span class='ocrx_word' id='word_1_387' title='bbox 2609 4536 2822 4579; x_wconf 88' lang='lat' dir='ltr'>earum</span> <span class='ocrx_word' id='word_1_388' title='bbox 2844 4515 3237 4598; x_wconf 90' lang='lat' dir='ltr'>pertinentiis.</span> 
     </span>
    </p>

    <p class='ocr_par' dir='ltr' id='par_1_9' title="bbox 629 4620 3238 4920">
     <span class='ocr_line' id='line_1_46' title="bbox 848 4620 3237 4706; baseline 0 -23"><span class='ocrx_word' id='word_1_389' title='bbox 848 4620 896 4701; x_wconf 86' lang='lat'>[1</span> <span class='ocrx_word' id='word_1_390' title='bbox 922 4620 971 4702; x_wconf 86' lang='lat'>1]</span> <span class='ocrx_word' id='word_1_391' title='bbox 1006 4623 1259 4705; x_wconf 87' lang='lat' dir='ltr'>Insuper</span> <span class='ocrx_word' id='word_1_392' title='bbox 1290 4624 1608 4687; x_wconf 82' lang='lat' dir='ltr'>offerimus</span> <span class='ocrx_word' id='word_1_393' title='bbox 1637 4625 1766 4706; x_wconf 91' lang='lat' dir='ltr'>tibi,</span> <span class='ocrx_word' id='word_1_394' title='bbox 1788 4628 1959 4686; x_wconf 88' lang='lat' dir='ltr'>beate</span> <span class='ocrx_word' id='word_1_395' title='bbox 1983 4626 2155 4686; x_wconf 89' lang='lat' dir='ltr'>Petre</span> <span class='ocrx_word' id='word_1_396' title='bbox 2178 4625 2474 4706; x_wconf 89' lang='lat' dir='ltr'>apostole,</span> <span class='ocrx_word' id='word_1_397' title='bbox 2497 4624 2850 4705; x_wconf 87' lang='lat' dir='ltr'>vicarioque</span> <span class='ocrx_word' id='word_1_398' title='bbox 2871 4639 2983 4686; x_wconf 91' lang='lat' dir='ltr'>tuo</span> <span class='ocrx_word' id='word_1_399' title='bbox 3004 4624 3237 4685; x_wconf 90' lang='lat' dir='ltr'>domno</span> 
     </span>
     <span class='ocr_line' id='line_1_47' title="bbox 629 4728 3238 4813; baseline 0.001 -25"><span class='ocrx_word' id='word_1_400' title='bbox 629 4728 890 4791; x_wconf 82' lang='lat' dir='ltr'>Iohanni</span> <span class='ocrx_word' id='word_1_401' title='bbox 934 4749 1128 4811; x_wconf 88' lang='lat' dir='ltr'>papae</span> <span class='ocrx_word' id='word_1_402' title='bbox 1160 4746 1219 4791; x_wconf 94' lang='lat' dir='ltr'>et</span> <span class='ocrx_word' id='word_1_403' title='bbox 1249 4732 1710 4793; x_wconf 89' lang='lat' dir='ltr'>successoribus</span> <span class='ocrx_word' id='word_1_404' title='bbox 1749 4730 1881 4793; x_wconf 90' lang='lat' dir='ltr'>eius</span> <span class='ocrx_word' id='word_1_405' title='bbox 1918 4751 2031 4813; x_wconf 91' lang='lat' dir='ltr'>pro</span> <span class='ocrx_word' id='word_1_406' title='bbox 2064 4747 2307 4793; x_wconf 90' lang='lat' dir='ltr'>nostrae</span> <span class='ocrx_word' id='word_1_407' title='bbox 2340 4732 2584 4792; x_wconf 89' lang='lat' dir='ltr'>animae</span> <span class='ocrx_word' id='word_1_408' title='bbox 2617 4731 2892 4792; x_wconf 90' lang='lat' dir='ltr'>remedio</span> <span class='ocrx_word' id='word_1_409' title='bbox 2924 4730 3238 4811; x_wconf 89' lang='lat' dir='ltr'>nostrique</span> 
     </span>
     <span class='ocr_line' id='line_1_48' title="bbox 631 4836 3237 4920; baseline 0 -24"><span class='ocrx_word' id='word_1_410' title='bbox 631 4836 737 4897; x_wconf 84' lang='lat' dir='ltr'>filii</span> <span class='ocrx_word' id='word_1_411' title='bbox 782 4852 841 4898; x_wconf 91' lang='lat' dir='ltr'>et</span> <span class='ocrx_word' id='word_1_412' title='bbox 885 4853 1241 4899; x_wconf 89' lang='lat' dir='ltr'>nostrorum</span> <span class='ocrx_word' id='word_1_413' title='bbox 1288 4855 1614 4919; x_wconf 89' lang='lat' dir='ltr'>parentum</span> <span class='ocrx_word' id='word_1_414' title='bbox 1661 4840 1737 4900; x_wconf 91' lang='lat' dir='ltr'>de</span> <span class='ocrx_word' id='word_1_415' title='bbox 1783 4837 2036 4919; x_wconf 90' lang='lat' dir='ltr'>proprio</span> <span class='ocrx_word' id='word_1_416' title='bbox 2084 4853 2296 4898; x_wconf 90' lang='lat' dir='ltr'>nostro</span> <span class='ocrx_word' id='word_1_417' title='bbox 2343 4856 2538 4917; x_wconf 86' lang='lat' dir='ltr'>regno</span> <span class='ocrx_word' id='word_1_418' title='bbox 2585 4837 2852 4900; x_wconf 89' lang='lat' dir='ltr'>civitates</span> <span class='ocrx_word' id='word_1_419' title='bbox 2908 4853 2967 4899; x_wconf 93' lang='lat' dir='ltr'>et</span> <span class='ocrx_word' id='word_1_420' title='bbox 3018 4836 3237 4920; x_wconf 90' lang='lat' dir='ltr'>oppida</span> 
     </span>
    </p>
   </div>
  </div>
 </body>
</html>
