3684 5416
507 1529 554 1560 10

505 2064 548 2108 ¹5

498 2602 550 2635 20

495 3137 545 3180 25

494 3670 547 3715 30

491 4203 540 4247 35

487 4738 542 4778 40

618 362 720 416 266

615 563 672 607 et
718 546 965 627 piorum
1001 548 1402 611 fundatorum
1433 548 1752 611 voluntati.
1818 551 1893 610 Et

615 652 665 713 si
713 672 995 734 unquam
1044 656 1282 716 bonum
1330 655 1643 736 religionis
1689 677 1758 718 ac
1791 677 1890 717 ec-

612 760 826 822 clesiae
859 762 1228 824 desideraret
1260 763 1323 823 in
1355 763 1636 826 futurum
1672 785 1891 845 quam-

614 868 779 947 piam
839 871 1360 950 suppressionem,
1430 892 1681 933 oramus
1746 870 1889 950 Maj.

615 973 820 1052 Vram,
851 975 996 1036 velit
1027 996 1091 1038 se
1124 976 1357 1057 regulis
1390 979 1704 1040 canonicis
1736 999 1889 1040 con-

610 1078 895 1143 formare.

741 1209 835 1270 13.
931 1190 1341 1272 Imploramus
1405 1190 1889 1252 misericordiam

608 1296 922 1374 Eiusdem,
954 1314 1261 1378 quatenus
1288 1296 1587 1379 Religiosi
1619 1319 1687 1358 ac
1723 1297 1888 1359 Reli-

608 1403 818 1483 giosae
865 1424 937 1466 ex
983 1405 1072 1481 iis,
1120 1405 1227 1485 qui
1274 1404 1372 1466 via
1407 1404 1544 1466 facti
1575 1404 1888 1486 suppressi

610 1526 771 1587 sunt,
820 1511 1078 1592 possint,
1131 1532 1195 1573 se
1241 1511 1484 1574 reunire
1529 1511 1595 1573 in
1630 1511 1885 1592 quibus-

611 1618 753 1678 dam
800 1617 1227 1680 Conventibus
1290 1619 1366 1680 ad
1428 1618 1492 1680 id
1553 1617 1884 1696 destinatis,

610 1723 819 1804 ibique
865 1724 1144 1787 residuos
1189 1725 1343 1786 vitae
1390 1726 1520 1787 dies
1565 1745 1743 1805 agere
1788 1745 1885 1785 se-

609 1832 890 1893 cundum
937 1833 1178 1911 regulas
1210 1832 1496 1909 Instituti,
1532 1833 1704 1913 quod
1739 1852 1885 1914 pro-

609 1936 968 2015 fitebantur3
1041 1939 1101 2017 ii,
1155 1938 1265 2019 qui
1315 1939 1619 2018 legitimas
1671 1958 1885 2000 causas

609 2044 935 2105 habuerint
980 2065 1095 2126 pro
1141 2045 1537 2108 translatione
1585 2046 1661 2107 ad
1707 2065 1886 2107 secu-

606 2150 757 2229 lum,
825 2151 988 2214 iuxta
1053 2152 1420 2232 exigentiam
1472 2172 1731 2215 casuum
1778 2172 1887 2234 per

607 2275 724 2319 nos
785 2258 1341 2338 dispensabuntur:
1408 2278 1552 2320 curn
1610 2259 1673 2320 in
1726 2258 1885 2320 votis

606 2364 976 2425 solennibus
1021 2365 1420 2447 dispensandi
1455 2367 1708 2427 facultas
1740 2365 1882 2426 nul-

603 2469 843 2532 latenus
876 2473 1159 2553 usurpari
1181 2472 1373 2554 possit
1394 2492 1501 2554 per
1521 2473 1885 2534 Ordinarios

602 2578 910 2641 locorum.

703 2705 797 2766 14.
865 2685 1173 2747 Volumus
1219 2706 1482 2768 sperare,
1517 2685 1659 2766 Maj.
1692 2687 1883 2748 Vram

601 2792 885 2854 lubenter
929 2793 993 2853 in
1043 2793 1106 2854 id
1150 2813 1618 2872 consensuram,
1663 2811 1731 2856 ut
1761 2811 1883 2855 sta-

602 2899 799 2959 biliter
829 2900 1114 2962 subsistat
1146 2902 1471 2982 quaepiam
1507 2921 1540 2961 e
1574 2902 1883 2962 Domibus

601 3005 759 3065 vitae
805 3005 1312 3087 contemplativae
1360 3001 1693 3086 destinatis,
1753 3028 1883 3088 quo

601 3110 686 3171 sic
736 3111 995 3189 animae,
1048 3132 1210 3193 quae
1255 3114 1317 3175 id
1363 3135 1397 3175 a
1443 3116 1580 3176 Deo
1635 3132 1883 3176 vocatae

601 3232 765 3296 sunt,
811 3217 1046 3298 possint
1084 3239 1200 3300 pro
1246 3220 1568 3281 communi
1600 3221 1881 3282 aedifica—

600 3326 770 3386 tione
803 3325 1109 3387 vocationi
1142 3347 1288 3388 suae
1320 3328 1714 3408 respondere.

698 3775 789 3833 15.
828 3754 1226 3816 Exemtiones
1259 3753 1574 3816 Ordinum
1605 3771 1710 3816 aut
1744 3756 1877 3816 Do-

600 3880 820 3922 muum
844 3861 1246 3941 Regularium
1277 3862 1564 3941 gravibus
1598 3863 1877 3924 niteban-

598 3983 697 4028 tur
729 3968 993 4046 motivis,
1042 3987 1201 4048 quae
1241 3970 1691 4030 concernebant
1722 3971 1877 4030 sub-

597 4074 930 4135 sistentiam
982 4093 1051 4135 ac
1085 4074 1575 4135 uniformitatem
1609 4075 1877 4157 discipli-

599 4199 713 4241 nae
746 4181 1041 4261 ipsorum,
1072 4195 1495 4242 conservatam
1528 4182 1591 4242 in
1611 4181 1877 4242 Ecclesia

598 4302 782 4367 atque
814 4288 1156 4366 regulatam
1188 4309 1255 4349 ea
1277 4287 1535 4365 ratione,
1555 4304 1622 4349 ut
1643 4289 1878 4350 nullam

597 4394 821 4455 iustam
855 4393 1173 4475 querelam
1206 4409 1460 4455 eatenus
1494 4395 1757 4476 amplius
1790 4393 1878 4455 al-

596 4500 797 4579 legare
876 4499 1118 4561 valeant
1180 4500 1466 4562 locorum
1529 4500 1873 4577 Ordinarii;

597 4606 824 4687 quodsi
858 4607 918 4669 in
953 4608 1072 4669 hoc
1101 4607 1237 4689 ipso
1260 4610 1488 4670 abusus
1507 4608 1879 4691 irrepserint,

597 4733 704 4775 eos
756 4733 887 4775 non
932 4720 1137 4776 solum
1184 4715 1628 4795 revocabimus,
1661 4734 1879 4776 verum

596 4820 883 4882 dabimus
937 4841 1193 4903 quoque
1243 4842 1496 4905 operam
1547 4840 1613 4884 ut
1662 4841 1878 4884 emen—

597 4929 835 4989 dentur.

1243 365 1509 418 Potestas
1549 363 1932 419 ecclesiastica
1970 375 2026 420 et
2062 363 2365 437 imperium
2406 367 2579 423 civile.

2037 1193 2133 1252 Ad
2177 1212 2268 1272 ¹3·
2344 1194 2682 1256 lndividuis
2741 1216 3222 1277 suppressorum

1946 1298 2468 1362 Monasteriorum
2506 1300 2688 1382 plena
2721 1302 2857 1363 data
2890 1303 3004 1364 fuit
3036 1304 3219 1366 liber-

1944 1418 2034 1464 tas
2066 1404 2333 1484 eligendi
2368 1427 2400 1467 e
2433 1423 2702 1487 quatuor
2721 1409 2976 1470 diversis
2997 1410 3226 1489 modiS,

1944 1511 2173 1589 quibus
2222 1512 2410 1574 vitam
2460 1530 2803 1577 sustentare
2866 1516 3101 1598 possint
3151 1518 3216 1580 in

1943 1618 2126 1698 plena
2171 1620 2606 1701 tranquillitate
2658 1623 3083 1684 conscientiae.
3151 1624 3216 1685 Si

1944 1725 2242 1787 Sanctitas
2308 1729 2515 1789 Vestra
2579 1729 2897 1791 informari
2959 1730 3224 1792 voluerit

1943 1852 2130 1914 super
2173 1833 2410 1895 delectu
2458 1851 2512 1895 et
2547 1835 3059 1897 determinatione
3092 1838 3221 1899 sin-

1943 1939 2202 2021 gillativa
2225 1941 2675 2022 suprafatamm
2694 1961 3101 2024 personarum
3122 1963 3219 2005 re-

1942 2046 2302 2126 ligiosarum
2349 2048 2670 2130 utriusque
2715 2070 2916 2128 sexuS,
2951 2050 3217 2112 inveniet

1941 2154 2245 2235 stipendia
2293 2173 2423 2215 non
2469 2155 2675 2217 solum
2740 2156 3213 2233 misericordiae,

1942 2279 2130 2341 quam
2193 2260 2498 2342 implorat,
2558 2281 2774 2324 verum
2824 2278 2883 2325 et
2930 2279 3221 2345 paternae

1941 2386 2121 2427 curae
2154 2386 2326 2428 meae
2358 2368 2515 2429 circa
2547 2369 2700 2447 illas,
2728 2370 2806 2431 ad
2840 2372 3086 2452 quasvis
3118 2391 3219 2433 ea-

1941 2494 2080 2535 rum
2115 2474 2500 2536 necessitates
2531 2496 2595 2537 se
2628 2477 3024 2539 extendentis,

2030 2688 2128 2749 Ad
2173 2708 2265 2769 14.
2341 2688 2507 2751 Cum
2568 2690 2633 2752 in
2695 2691 2825 2752 aliis
2889 2691 3219 2773 provinciis

1941 2811 2104 2856 extra
2155 2815 2330 2858 meos
2362 2797 2567 2859 Status
2599 2798 2854 2861 existant
2886 2797 3218 2860 sufficienti

1943 2921 2207 2963 numero
2257 2901 2648 2984 ConventuS,
2700 2905 2765 2966 in
2816 2899 3050 2987 quibus
3096 2906 3216 2966 vita

1939 3009 2411 3090 contemplativa
2455 3011 2734 3074 ducitur:
2786 3013 3216 3094 quodcunque

1943 3115 2335 3177 individuum
2367 3117 2818 3197 existimaverit,
2850 3139 2915 3179 se
2934 3136 3065 3179 non
3085 3136 3216 3178 esse

1941 3237 2157 3283 natum
2191 3224 2268 3284 ad
2299 3223 2561 3302 labores,
2591 3224 2697 3285 sed
2731 3224 2935 3304 urgeri
2966 3224 3042 3284 ad
3064 3241 3215 3304 ope-

1939 3329 2195 3389 randam
2227 3330 2312 3390 sal
2321 3344 2489 3391 utem
2509 3349 2688 3391 suam
2707 3330 2771 3391 in
2789 3330 2892 3391 tali
2914 3330 3216 3405 institutO,

1936 3434 2110 3496 facile
2174 3435 2475 3498 obtinebit
2537 3435 2851 3497 indultum
2902 3457 2974 3497 ex
3025 3434 3216 3517 patria

1937 3543 2292 3620 excedendi,
2342 3558 2401 3604 et
2449 3542 2683 3604 dictum
2734 3542 3084 3604 institutum
3116 3541 3211 3602 in-

1934 3649 2273 3731 grediendi.

2024 3756 2121 3817 Ad
2156 3777 2246 3836 ¹5·
2282 3756 2482 3836 Super
2514 3755 2864 3818 exemtione
2897 3753 3211 3817 Ordinum

1935 3877 2039 3924 aut
2070 3863 2395 3923 Domuum
2444 3861 2844 3943 Regularium
2891 3882 2924 3922 a
2971 3860 3216 3922 iurisdi-

1935 3969 2137 4030 ctione
2169 3970 2493 4052 Epporum
2534 3970 2680 4031 tanti
2713 3968 3052 4031 doctissimi
3084 3967 3215 4029 Viri

1935 4094 2124 4137 omne
2175 4077 2256 4153 id,
2304 4078 2475 4157 quod
2528 4093 2781 4138 eatenus
2830 4075 2948 4137 dici
2999 4090 3216 4156 potest,

1934 4183 2054 4243 iam
2089 4183 2393 4262 dixerunt,
2429 4199 2496 4244 ut
2528 4184 2614 4245 nil
2648 4183 2787 4265 plus
2806 4181 2884 4243 de
2905 4201 2981 4243 eo
3003 4181 3215 4242 dicen-

1934 4288 2085 4350 dum
2136 4291 2232 4369 sit,
2282 4291 2455 4371 quod
2501 4291 2579 4351 de
2625 4290 2783 4351 facto
2828 4288 3107 4349 videmus
3152 4287 3215 4349 in

1935 4394 2263 4476 provinciis
2296 4417 2328 4458 a
2363 4412 2573 4459 centro
2605 4398 2893 4458 Romano
2927 4393 3211 4468 remotis;

1933 4519 2317 4564 sacrosancta
2365 4520 2423 4565 et
2464 4502 2797 4566 necessaria
2831 4517 2921 4564 est
2952 4502 3214 4584 proinde

1935 4610 2027 4671 lex
2061 4630 2093 4669 a
2126 4628 2226 4671 me
2258 4610 2394 4671 lata.
