3684 5416
435 1472 483 1503 to

435 2016 477 2059 15

430 2549 480 2581 20

425 3083 475 3127 ²5

425 3626 476 3670 30

422 4160 470 4204 35

1613 307 1783 361 Curia
1824 325 2086 362 romana.
3053 331 3155 383 507

756 499 785 559 5
826 511 876 570 5.
913 489 1277 551 Abstineant
1313 490 1569 552 ulterius
1602 491 2025 553 Referendarii
2059 496 2134 553 ab
2155 494 2542 576 appositione
2564 514 2868 557 manuum
2897 496 2960 556 in
2983 515 3156 556 com-

552 597 953 658 missionibus
1001 596 1373 675 nullitatum‚
1419 614 1476 657 et
1508 612 1965 676 attentatorum,
1999 599 2115 660 nisi
2150 601 2568 681 exprimantur
2601 602 2911 662 nullitates
2943 622 3016 662 ex
3049 604 3152 663 de·

543 705 703 766 fectu
757 703 1209 782 jurisdictioniS,
1258 703 1581 775 citationiS,
1631 706 1725 766 vel
1776 706 2064 778 mandati,
2097 723 2156 766 et
2190 708 2319 788 ipsa
2353 723 2658 768 attentata.
2727 710 2801 769 Et
2836 710 3056 790 pariter
3092 710 3155 769 in

537 813 653 873 illis
684 811 749 872 in
782 810 1011 892 quibus
1044 826 1347 886 narratur,
1383 812 1871 892 pronunciatum
1905 811 2094 874 fuisse
2129 829 2313 894 prout
2346 815 2407 876 in
2438 815 2681 876 cedula.

749 929 777 990 5
814 922 872 981 6.
925 921 1055 980 Nec
1087 919 1270 979 etiarn
1304 938 1560 979 manum
1595 935 1867 1000 apponat
1901 919 1963 979 in
1996 921 2541 984 commissionibus
2575 922 3031 1002 prorogationis
3065 924 3151 983 fa-

536 1028 766 1102 talium,
803 1026 917 1088 nisi
952 1027 1013 1087 in
1047 1026 1276 1105 quibus
1310 1025 1506 1107 prima
1543 1025 1671 1087 vice
1705 1026 1833 1106 ipsa
1869 1027 2227 1108 prorogatio
2263 1028 2506 1109 petitur,
2541 1029 2672 1090 illas
2693 1050 2838 1090 vero
2859 1031 3150 1092 commis-

535 1136 739 1196 siones
772 1135 834 1196 in
866 1135 1098 1214 quibus
1133 1153 1245 1215 pro
1283 1133 1556 1195 ulteriori
1589 1134 2026 1215 prorogatione
2061 1135 2457 1216 supplicatur,
2494 1135 2557 1197 in
2581 1137 2904 1216 Signatum
2939 1154 3147 1198 nostra

535 1241 758 1323 gratiae
792 1257 1161 1322 proponant.

748 1358 777 1418 5
811 1369 869 1415 7.
915 1347 1154 1409 Causae
1202 1347 1566 1424 criminales,
1609 1363 1665 1408 et
1700 1347 2182 1410 matrimoniales
2216 1369 2347 1410 non
2380 1349 2776 1411 inferioribus
2812 1350 3151 1431 EpiscopiS,

536 1471 593 1515 et
639 1456 702 1515 in
749 1456 920 1516 terris
956 1454 1275 1532 Ecclesiae,
1324 1474 1540 1514 causae
1574 1454 1922 1516 criminales
1955 1455 2323 1518 clericorum
2358 1458 2421 1518 in
2456 1458 2639 1518 sacris
2657 1457 3150 1519 constitutorum

536 1561 884 1636 OrdinariO,
930 1562 1317 1642 reliquorum
1367 1580 1513 1621 vero
1560 1562 1947 1640 clericorum,
1996 1579 2055 1623 et
2087 1563 2404 1640 laicorum,
2435 1565 2720 1625 locorum
2757 1563 3149 1625 Gubernato-

536 1669 702 1730 ribus
735 1668 1215 1731 committantur.

747 1785 776 1845 5
811 1777 867 1836 8.
917 1777 990 1837 Et
1023 1792 1090 1837 ut
1121 1776 1254 1837 lites
1286 1792 1525 1856 quanto
1559 1775 1736 1836 citius
1774 1775 1903 1835 fieri
1936 1776 2148 1856 possit,
2183 1796 2254 1837 ac
2289 1777 2510 1839 minori
2537 1778 2803 1858 partium
2825 1778 3151 1858 dispendio

536 1884 951 1966 expediantur,
997 1884 1406 1961 decernimus,
1455 1883 1629 1963 quod
1678 1882 1934 1963 quilibet
1980 1883 2175 1945 Judex
2220 1885 2328 1965 qui
2377 1905 2593 1945 causae
2645 1885 3045 1946 restitutionis
3082 1888 3143 1947 in

535 1991 864 2070 integrum,
897 1991 1190 2053 nullitatis
1223 2007 1281 2052 et
1313 2006 1771 2066 attentatorum,
1808 1991 1883 2052 de
1919 2007 2157 2052 caetero
2190 1993 2672 2070 comminentur,
2708 1993 2900 2073 possit
2921 1997 3151 2073 absque

535 2098 782 2179 speciali
828 2098 1267 2159 commissione
1318 2098 1648 2179 praefigere
1684 2099 2024 2159 terminum
2059 2100 2136 2160 ad
2170 2100 2528 2160 docendum
2563 2100 2640 2161 de
2675 2100 2874 2161 causis
2907 2101 3148 2161 restitu-

536 2205 738 2281 tionis,
787 2225 854 2265 ac
887 2206 963 2266 de
995 2205 1187 2286 ipsius
1221 2204 1622 2278 nullitatibus‚
1672 2224 1782 2265 seu
1817 2205 2136 2284 attentatiS,
2168 2221 2229 2266 et
2260 2226 2336 2267 eo
2368 2207 2542 2287 lapso
2576 2220 2633 2266 et
2667 2225 2798 2267 non
2833 2207 3039 2279 docto,
3075 2207 3150 2265 ad

538 2314 768 2391 negotii
802 2313 1147 2395 principalis
1180 2312 1634 2394 expeditionem
1669 2314 2023 2393 procedere.

748 2429 777 2489 5
813 2441 871 2497 9.
923 2420 1211 2481 Similiter
1262 2420 1522 2500 quilibet
1552 2421 1747 2481 Judex
1797 2420 1860 2480 in
1906 2419 2280 2500 quibuslibet
2327 2420 2526 2482 causis
2577 2440 2782 2481 coram
2829 2440 2905 2481 eo
2953 2420 3148 2480 intro-

535 2527 750 2604 ductis,
786 2543 842 2587 et
876 2527 1357 2602 introducendiS,
1392 2542 1450 2587 et
1482 2527 1662 2587 etiam
1687 2527 1954 2588 Auditor
1975 2528 2188 2606 Rotae,
2222 2528 2285 2589 in
2318 2528 2516 2589 causis
2538 2542 2702 2589 extra
2727 2527 2953 2588 Rotam
2974 2545 3147 2586 com-

534 2633 751 2712 missis,
786 2634 1023 2717 possint
1055 2654 1273 2695 omnes
1305 2635 1600 2695 terminos
1631 2635 2063 2696 substantiales
2097 2637 2160 2696 in
2194 2636 2318 2697 vim
2351 2636 2806 2698 commissionis
2839 2657 2872 2696 a
2905 2634 3003 2696 fel.
3027 2653 3144 2695 rec.

536 2742 894 2803 Innocentio
917 2741 1076 2823 Papa
1097 2741 1246 2803 VIII.
1268 2742 1736 2822 praedecessore
1773 2759 2006 2821 nostr0,
2042 2763 2231 2823 quam
2266 2744 2342 2804 ad
2375 2763 2594 2804 omnes
2615 2744 2643 2803 J
2652 2743 2861 2804 udices
2883 2758 2941 2803 et
2962 2742 3143 2804 etiam

537 2849 866 2910 Auditores
897 2849 962 2909 in
996 2848 1194 2909 causis
1229 2848 1580 2929 praemissis
1612 2864 1828 2910 tenore
1863 2850 2281 2931 praesentium
2314 2850 2726 2927 extendimuS,
2767 2853 3000 2929 absque
3034 2850 3147 2909 alia

532 2956 774 3037 speciali
809 2955 1247 3018 commissione
1282 2957 1585 3020 reiterare.

746 3072 775 3133 5
833 3082 925 3126 xo,
986 3063 1306 3144 Quodque
1360 3066 1435 3124 ab
1486 3065 1787 3125 excessiva
1840 3067 2146 3126 taxatione
2194 3086 2622 3146 expensarum,
2673 3066 2863 3129 semel
2908 3081 3148 3125 tantum

534 3170 858 3251 appellatio
892 3172 1332 3250 committatur,
1365 3188 1422 3231 et
1454 3172 1612 3232 duae
1647 3172 1982 3233 sententiae
2018 3174 2279 3234 habeant
2312 3174 2439 3235 vim
2472 3174 2674 3236 trium.

746 3286 775 3347 5
820 3299 837 3338 1
865 3300 914 3339 1.
949 3280 1188 3340 Causae
1222 3278 1687 3341 discussionum
1723 3278 1878 3339 inter
1911 3280 2258 3358 creditoreS,
2292 3296 2350 3341 et
2383 3280 2675 3341 haeredes
2709 3280 3002 3355 defuncti,
3037 3299 3144 3338 seu

531 3384 774 3447 alterius
823 3386 1133 3462 debitoriS‚
1184 3387 1260 3446 de
1305 3383 1482 3461 cujus
1527 3385 1708 3446 bonis
1757 3385 1915 3446 inter
1962 3387 2128 3467 ipsos
2180 3387 2509 3448 creditores
2555 3386 2769 3463 agitur,
2817 3386 2972 3445 intra
3027 3402 3146 3445 tres

530 3510 788 3567 menses,
821 3494 1030 3573 quoad
1065 3508 1430 3574 praesenteS,
1466 3492 1673 3572 quoad
1709 3494 1990 3553 absentes
2025 3512 2189 3570 ver0,
2226 3493 2368 3553 citra
2403 3507 2644 3553 montes
2667 3491 2822 3551 intra
2843 3511 2946 3551 sex
2970 3510 3145 3551 men-

530 3618 641 3675 ses,
688 3600 842 3661 ultra
892 3616 1096 3660 autem
1147 3599 1303 3660 intra
1354 3618 1577 3660 novem
1628 3598 2052 3679 expediantur,
2105 3615 2161 3659 et
2211 3598 2387 3660 nullo
2435 3598 2628 3658 modo
2665 3597 2780 3657 nisi
2816 3617 2886 3658 ex
2922 3615 3147 3674 magna

530 3725 731 3783 causa,
767 3723 824 3767 et
857 3726 963 3787 per
996 3707 1388 3785 Signaturam
1425 3723 1696 3768 nostram
1734 3705 1976 3766 Gratiae
2011 3707 2292 3767 instantia
2327 3705 2632 3786 praedicta
2670 3721 3054 3785 prorogetur.

745 3822 774 3881 5
820 3834 915 3874 12.
959 3814 1033 3874 Et
1066 3835 1098 3874 a
1131 3814 1227 3874 die
1260 3815 1464 3876 obitus
1499 3813 1796 3875 debitoris
1831 3814 1986 3873 intra
2010 3814 2171 3874 duos
2194 3833 2437 3875 menses
2460 3813 2754 3873 haeredes
2778 3830 3144 3893 praesenteS,

531 3936 795 3982 assentes
840 3938 1047 3982 autem
1098 3921 1242 3981 citra
1274 3937 1520 3982 montes
1556 3921 1713 3981 intra
1747 3937 2037 4002 quatuor,
2076 3922 2230 3981 ultra
2265 3940 2408 3981 vero
2441 3936 2688 3980 montes
2724 3920 2878 3980 intra
2912 3938 3015 3977 sex
3049 3918 3145 3978 in-

531 4028 877 4088 ventarium
922 4026 1246 4104 conficere,
1295 4045 1353 4088 et
1397 4048 1476 4088 an
1525 4028 1707 4089 velint
1754 4029 2187 4089 haereditatem
2237 4028 2403 4088 adire
2436 4027 2770 4088 deliberare
2803 4041 3145 4086 teneantur.

746 4143 775 4203 5
820 4155 914 4214 13.
965 4134 1039 4194 Et
1070 4134 1315 4195 interim
1346 4134 1588 4196 Judices
1623 4155 1831 4196 coram
1867 4135 2094 4216 quibus
2128 4154 2340 4195 causas
2362 4132 2762 4195 discussionis
2785 4130 3145 4208 hujusmodi

533 4240 797 4320 pendere
844 4241 1184 4319 contigerit,
1233 4244 1399 4302 bona
1447 4242 1636 4323 ipsius
1682 4242 1976 4304 debitoris
2024 4242 2317 4321 defuncti,
2353 4241 2447 4301 vel
2481 4240 2820 4302 decoctoris
2853 4239 3149 4300 debitoris

530 4347 931 4408 creditoribus
980 4348 1348 4410 habentibus
1394 4350 1616 4411 credita
1668 4368 1890 4411 eorum
1927 4350 2161 4429 liquida
2196 4348 2436 4409 interim
2468 4363 2708 4429 recepta
2744 4348 2966 4408 idonea
3002 4367 3143 4407 cau-

528 4453 694 4514 tione
742 4455 818 4515 de
866 4454 1243 4516 restituendo
1292 4458 1660 4518 habentibus
1694 4457 1917 4538 priora,
1953 4472 2009 4517 et
2042 4457 2302 4537 potiora,
2337 4471 2395 4518 et
2428 4455 2880 4517 contribuendo
2916 4454 3146 4513 haben-

528 4560 691 4621 tibus
724 4563 1000 4642 aequalia
1035 4562 1167 4640 jura
1201 4564 1555 4644 consignari
1587 4566 1907 4642 mandent,
1941 4581 1999 4624 et
2034 4564 2273 4628 faciant.

743 4677 771 4738 5
817 4691 909 4749 14.
959 4671 1022 4731 Si
1069 4672 1209 4751 quis
1256 4688 1461 4732 autem
1512 4672 1937 4733 constitutioni
1973 4687 2216 4732 nostrae
2253 4671 2615 4748 hujusmodi
2650 4671 2712 4730 in
2746 4671 2958 4748 aliquo
2992 4689 3144 4729 con-

527 4776 873 4855 travenerit,
927 4777 1372 4859 indignationis
1427 4795 1689 4855 nostrae,
1732 4800 1798 4839 ac
1842 4780 1988 4839 alias
2020 4778 2247 4839 arbitrii
2283 4779 2472 4840 nostri
2507 4797 2736 4859 poenas
2770 4797 2844 4837 eo
2880 4775 3014 4856 ipso
3050 4776 3141 4835 in-

529 4903 748 4947 currat.
784 4886 861 4946 Et
894 4885 1304 4946 nihilominus
1338 4885 1813 4946 commissiones
1847 4903 2056 4947 contra
2091 4902 2369 4947 tenorem
2405 4883 2821 4966 praesentium
2856 4883 3147 4964 signatae,
