3684 5416
615 364 723 434 456
1631 358 1900 415 Pontifex
1939 376 2232 414 romanus

618 566 818 623 aurea,
852 564 1042 625 quam
1074 544 1341 625 legitime
1375 558 1668 605 certantes
1699 543 2024 626 accipiunt,
2055 543 2133 604 de
2166 563 2290 624 qua
2325 543 2469 604 dicit
2488 543 2784 605 Salomon
2804 543 2867 605 in
2888 545 3234 607 Pambotis:

618 654 813 726 Audi,
852 652 990 726 filii
1031 656 1176 727 mei,
1222 651 1618 733 disciplinam
1651 653 1868 732 patris
1913 652 2029 724 tui,
2075 657 2135 710 et
2176 671 2253 711 ne
2284 651 2561 711 dimittas
2593 651 2784 731 legem
2816 654 3038 713 matris
3070 659 3236 726 tuae,

616 769 686 824 ut
713 763 981 823 addatur
1002 762 1215 841 gratia
1248 763 1445 842 capiti
1473 767 1599 834 tu0,
1632 767 1692 821 et
1722 767 1967 841 torques
1999 759 2159 821 collo
2192 766 2292 821 tuo
2325 759 2523 834 (Prov.
2555 760 2626 834 ι).
2661 759 2755 821 Fit
2774 761 2943 821 enim
2975 760 3234 841 pallium

616 868 692 929 de
727 868 986 929 candida
1018 867 1153 928 lana
1188 882 1564 945 contextum,
1598 868 1832 928 habens
1866 867 2133 948 desuper
2163 867 2461 928 circulum
2485 867 2784 928 humeros
2802 866 3236 946 constringen-

541 998 562 1041 5
619 991 741 1036 tem
788 991 847 1036 et
891 976 1044 1037 duas
1089 975 1282 1036 lineas
1328 978 1403 1036 ab
1451 991 1712 1056 utraque
1763 989 1930 1054 parte
1963 974 2398 1056 dependentes,
2465 973 2755 1048 Quatuor
2786 990 2992 1035 autem
3024 991 3238 1034 cruces

619 1101 961 1163 purpureas
1006 1098 1146 1143 ante
1179 1098 1238 1143 et
1270 1098 1432 1144 retro
1464 1104 1497 1142 a
1531 1082 1755 1143 dextris
1788 1097 1846 1142 et
1878 1103 1909 1142 a
1943 1081 2230 1150 sinistris:
2280 1081 2389 1141 sed
2423 1101 2455 1140 a
2488 1080 2748 1141 sinistris
2779 1095 2870 1140 est
2898 1079 3145 1161 duplex,
3180 1095 3238 1140 et

618 1189 877 1268 simplex
924 1210 956 1249 a
1002 1188 1236 1249 destris.
1302 1189 1469 1250 Haec
1515 1188 1726 1250 omnia
1773 1187 2111 1249 moralibus
2144 1204 2291 1250 sunt
2321 1188 2538 1248 induta
2570 1187 2894 1268 mysteriis,
2926 1203 2982 1247 et
3015 1186 3239 1247 divinis

619 1296 867 1376 gravida
900 1297 1310 1359 sacramentis
1375 1295 1433 1375 [l.
1470 1317 1519 1358 e.
1554 1297 1668 1357 col.
1705 1294 1875 1375 797.]

620 1509 686 1570 b)
740 1504 1243 1560 Innocentius
1282 1503 1927 1575 Archiepiseopis
1968 1499 2565 1558 Belesbudiensi
2623 1514 2691 1556 et
2730 1499 3240 1557 Trinovitano

517 1601 565 1633 ¹⁰
1227 1584 1297 1641 in
1337 1602 1384 1641 c.
1419 1605 1458 1655 4
1494 1586 1563 1640 X.
1600 1588 1667 1640 de
1705 1588 2035 1640 auctoritate
2071 1591 2126 1638 et
2160 1602 2262 1638 usu
2293 1585 2472 1654 pallii.
2515 1583 2551 1636 Ι.
2591 1580 2641 1636 8.

834 1728 863 1757 ‘
917 1729 1077 1799 Corp.
1116 1731 1207 1783 iur
1243 1746 1362 1781 can.
1404 1729 1492 1782 ed.
1532 1727 1973 1796 Friedberg.
2024 1727 2423 1788 Potthast‚
2466 1743 2519 1780 n.
2562 1742 2720 1796 2145.

668 1851 964 1907 Romanus
996 1852 1262 1907 Pontifex
1289 1869 1521 1924 semper
1547 1865 1603 1908 et
1631 1853 1851 1925 ubique
1881 1851 2057 1906 utitur
2081 1850 2285 1923 palli03
2331 1849 2420 1904 alii
2446 1849 2503 1904 in
2530 1848 2782 1904 ecclesiis
2810 1847 2925 1903 suis
2954 1861 3011 1903 et
3037 1847 3204 1903 certis

1699 1932 1902 1988 diebus
1930 1944 2170 1988 tantum.

835 2047 929 2107 Ad
966 2047 1269 2108 honorem
1306 2045 1419 2106 Dei
1452 2046 1492 2121 †
1524 2043 1995 2128 [omnipotentis
2027 2053 2086 2105 et
2117 2045 2190 2106 B.
2226 2045 2475 2105 Mariae
2523 2044 2800 2123 Virginis
2838 2048 2899 2102 et
2927 2041 3235 2101 beatorum

520 2188 560 2229 ις
620 2153 1048 2235 Apostolorum
1082 2154 1259 2215 Petri
1298 2160 1358 2213 et
1386 2153 1574 2214 Pauli
1615 2160 1676 2213 et
1718 2154 1957 2212 domini
1985 2153 2197 2233 Papae
2228 2152 2579 2213 Innocentii
2607 2157 2667 2210 et
2701 2149 3013 2211 Romanae
3043 2147 3236 2207 eccle-

618 2262 771 2334 siae,
823 2281 934 2320 nec
982 2281 1100 2321 non
1152 2261 1446 2322 ecclesiae
1491 2260 1611 2320 tibi
1650 2263 2031 2332 commissae,
2078 2261 2381 2320 tradimus
2427 2258 2548 2318 tibi
2576 2256 2847 2338 pallium
2883 2256 2956 2315 de
2987 2263 3240 2335 corpore

620 2367 693 2428 Β.
736 2366 917 2427 Petri
963 2374 1286 2448 sumptum,
1334 2369 1579 2446 insigne
1627 2367 1915 2426 videlicet
1948 2366 2365 2446 plenitudinis
2401 2363 2795 2445 pontificalis
2845 2361 3065 2440 officii,
3122 2379 3238 2440 quo

618 2477 705 2537 ad
745 2477 1073 2536 missarum
1125 2475 1405 2535 solennia
1456 2477 1625 2553 infra
1676 2474 1966 2534 ecclesias
2017 2472 2135 2533 tibi
2181 2473 2482 2532 subiectas
2531 2474 2731 2532 utaris
2782 2473 2846 2530 in
2900 2469 3237 2529 Nativitate

618 2583 904 2656 Domini,
937 2586 1278 2660 festivitate
1308 2585 1785 2664 protomartyris
1832 2582 2154 2662 Stephani,
2201 2580 2695 2643 circumcisione
2740 2579 3026 2650 Domini,
3078 2575 3232 2657 Epi-

514 2722 565 2750 20
610 2690 874 2772 phania,
926 2692 1234 2753 dominica
1300 2693 1363 2752 in
1431 2693 1624 2752 ramis
1660 2690 2044 2771 palmarum,
2097 2687 2306 2751 Coena
2356 2687 2644 2761 Domini,
2696 2685 2947 2747 sabbato
2998 2687 3232 2754 sancta,

623 2796 890 2871 Pascha,
915 2800 1094 2876 feria
1142 2799 1408 2857 secunda
1427 2803 1579 2877 post
1605 2797 1876 2871 Pascha,
1911 2796 2287 2857 Ascensione
2317 2796 2603 2869 Domini,
2637 2794 3006 2865 Pentecoste,
3041 2790 3241 2851 tribus

608 2904 1065 2981 festivitatibus
1112 2906 1160 2964 S
1164 2949 1174 2960 .
1208 2905 1481 2978 Mariae,
1531 2905 1748 2965 Natali
1793 2904 1866 2965 Β.
1910 2904 2167 2965 Ioannis
2201 2903 2551 2984 Baptistae,
2600 2899 3072 2964 solennitatibus
3103 2918 3235 2958 om-

622 3014 792 3072 nium
843 3012 1301 3092 Apostolorum,
1366 3010 1960 3073 Commemoratione
2009 3014 2275 3072 omnium
2328 3019 2701 3084 sanctorum,
2753 3005 3239 3069 dedicationibus

622 3118 1045 3192 ecclesiarum,
1077 3117 1573 3178 ordinationibus
1604 3119 1994 3191 clericorum,
2016 3119 2308 3180 ecclesiae
2339 3126 2479 3180 tuae
2496 3115 2963 3199 principalibus
2976 3114 3236 3192 festivi—

517 3253 563 3293 25
624 3224 853 3284 tatibus
886 3231 946 3284 et
975 3226 1402 3285 anniversario
1435 3227 1915 3284 consecrationis
1950 3223 2144 3303 tuaeJ.
2197 3225 2356 3286 Sane
2390 3224 2559 3285 solus
2594 3226 2919 3285 Romanus
2953 3218 3232 3281 Pontifex

621 3329 683 3391 in
734 3329 1057 3391 missarum
1105 3329 1403 3392 solenniis
1451 3330 1636 3410 pallio
1668 3350 1911 3411 semper
1945 3332 2134 3392 utitur
2167 3348 2226 3393 et
2259 3333 2512 3412 ubique,
2548 3330 2847 3411 quoniam
2882 3343 3238 3407 assumptus

621 3455 711 3501 est
757 3440 821 3501 in
868 3439 1318 3520 plenitudinem
1367 3438 1803 3499 ecclesiasticae
1840 3438 2171 3519 potestatis,
2207 3458 2365 3518 quae
2400 3457 2507 3518 per
2540 3437 2794 3518 pallium
2829 3434 3234 3514 significatur;

620 3548 719 3609 alii
764 3563 971 3608 autem
1020 3568 1095 3608 eo
1132 3567 1244 3608 nec
1276 3565 1537 3627 semper,
1585 3566 1697 3606 nec
1747 3545 2000 3625 ubique,
2050 3546 2157 3605 sed
2207 3546 2267 3606 in
2301 3544 2547 3606 ecclesia
2581 3564 2709 3619 sua,
2740 3542 2806 3603 in
2840 3561 2962 3622 qua
2994 3539 3237 3601 iurisdi-

621 3656 890 3715 ctionem
927 3654 1391 3715 ecclesiasticam
1427 3669 1812 3733 acceperunt,
1850 3652 2023 3713 certis
2057 3653 2284 3713 debent
2316 3653 2404 3713 uti
2438 3651 2676 3727 diebuS‚
2708 3649 3008 3731 quoniam
3045 3648 3238 3708 vocati

516 3786 567 3828 30
620 3775 768 3821 sunt
802 3761 865 3820 in
901 3777 1132 3841 partem
1167 3760 1619 3835 sollicitudinis,
1658 3780 1783 3820 non
1818 3760 1882 3819 in
1919 3759 2361 3841 plenitudinem
2399 3758 2725 3839 potestatis.
