3684 5416
1160 384 1426 439 Potestas
1463 382 1845 439 ecclesiastica
1886 398 1944 440 et
1980 383 2286 457 imperium
2325 383 2500 441 civile.
3062 404 3130 457 77

517 565 765 627 teritum
799 566 1180 643 denuntiare,
1215 566 1325 628 sibi
1363 568 1623 630 mortuis
1655 575 1717 628 et
1744 568 2040 642 extinctis,
2073 568 2182 649 qui
2202 569 2358 631 sicut
2380 569 2690 632 nascimur
2710 586 2769 633 et
2788 570 3127 638 interimus.

518 674 934 736 aeternitatem
981 676 1432 757 repromittere!
1505 677 1649 738 inde
1697 676 1985 739 uidelicet
2030 693 2088 738 et
2133 694 2492 740 execrantur
2530 697 2716 758 rogos
2748 697 2805 740 et
2838 679 3137 740 damnant

520 778 758 859 ignium
801 777 1163 862 sepulturas,
1207 781 1383 863 quasi
1415 801 1548 843 non
1580 802 1769 845 omne
1800 801 2045 864 corpus,
2080 784 2190 845 etsi
2222 785 2489 846 flammis
2516 785 2926 860 subtrahatur,
2958 785 3137 845 annis

520 902 726 948 tamen
771 902 831 947 et
875 887 1173 950 aetatibus
1220 889 1283 950 in
1315 904 1536 950 terram
1570 889 1934 965 resoluatur,
1980 907 2094 951 nec
2126 890 2377 969 intersit,
2412 909 2621 953 utrum
2652 890 2811 953 ferae
2844 890 3137 972 diripiant

436 1019 461 1063 5
522 1010 602 1052 an
634 992 823 1053 maria
853 1010 1228 1055 consumant
1257 1014 1337 1056 an
1370 996 1602 1057 humus
1633 1011 1919 1076 contegat
1950 991 2027 1058 an
2059 996 2309 1059 flamma
2339 998 2663 1078 subducat,
2696 1017 2842 1059 cum
2871 998 3134 1060 cadaue-

524 1097 695 1159 ribus
738 1100 944 1161 omnis
989 1103 1317 1183 sepultura,
1361 1103 1409 1165 si
1458 1103 1746 1180 sentiunt,
1795 1122 1996 1185 poena
2040 1103 2137 1180 sit,
2183 1104 2234 1165 si
2281 1124 2410 1166 non
2457 1106 2746 1182 sentiunt,
2777 1105 2907 1187 ipsa
2939 1105 3135 1166 confi-

523 1205 720 1267 ciendi
764 1207 1062 1270 celeritate
1115 1211 1437 1273 medicina.
1503 1211 1626 1273 hoc
1671 1230 1877 1272 errore
1909 1211 2146 1293 decepti
2179 1214 2417 1273 beatam
2450 1212 2564 1274 sibi
2598 1228 2666 1275 ut
2696 1212 2874 1275 bonis
2908 1229 2966 1274 et
3000 1231 3138 1293 per-

523 1329 726 1397 petem
772 1315 964 1376 uitam
1009 1316 1269 1379 mortuis
1316 1317 1706 1398 pollicentur,
1754 1318 1967 1380 ceteris
2015 1335 2083 1380 ut
2114 1318 2351 1380 iniustis
2383 1338 2648 1400 poenam
2682 1319 3139 1402 sempiternam.

525 1419 717 1481 multa
750 1421 825 1482 ad
859 1422 1009 1483 haec
1039 1425 1399 1504 subpetunt,
1432 1424 1497 1486 ni
1531 1425 1770 1487 festinet
1801 1425 2018 1487 orati0.
2051 1425 2313 1487 iniustos
2345 1427 2514 1507 ipsos
2545 1427 2739 1506 magis
2760 1446 2876 1490 nec
2900 1427 3139 1500 laboro,

412 1554 468 1586 ιο
528 1527 648 1587 iam
693 1528 911 1590 docui:
962 1549 1363 1610 quamquam,
1411 1532 1521 1592 etsi
1568 1531 1765 1594 iustos
1796 1533 2031 1610 darem,
2078 1532 2325 1614 culpam
2357 1550 2560 1595 tamen
2593 1534 2694 1595 uel
2725 1533 3138 1595 innocentiam

527 1634 650 1696 fato
682 1633 864 1696 tribui
895 1636 1197 1698 sententia
1229 1653 1318 1697 est
1351 1636 1787 1718 plurimorum,
1819 1638 2002 1701 etiam
2035 1653 2237 1700 uestra
2271 1639 2599 1701 consensio
2631 1657 2737 1703 est.
2785 1659 2932 1701 nam
2964 1640 3141 1720 quic-

525 1740 676 1822 quid
709 1743 970 1823 agimus,
1005 1761 1071 1806 ut
1102 1745 1201 1807 alii
1236 1745 1380 1821 fat0,
1416 1747 1492 1808 ita
1526 1766 1642 1808 uos
1675 1748 1795 1809 deo
1828 1746 2133 1808 addicitis:
2166 1747 2252 1808 sic
2283 1762 2478 1808 sectae
2515 1763 2750 1810 uestrae
2783 1766 2915 1809 non
2949 1767 3138 1829 spon-

523 1866 740 1912 taneos
789 1869 1034 1933 cupere,
1082 1855 1191 1916 sed
1238 1856 1482 1917 electos.
1543 1856 1731 1936 igitur
1777 1855 2068 1935 iniquum
2114 1855 2385 1916 iudicem
2417 1855 2643 1934 fingitis
2674 1855 2783 1936 qui
2813 1873 3045 1918 sortem
3079 1858 3142 1917 in

528 1958 886 2020 hominibus
917 1961 1151 2042 puniat,
1197 1982 1324 2025 non
1358 1963 1762 2025 uoluntatem.
1833 1964 2059 2025 uellem
2091 1980 2297 2026 tamen
2329 1965 2635 2042 sciscitari,
2668 1980 2959 2026 utrumne
2994 1984 3137 2026 cum

417 2087 467 2132 ¹5
527 2066 889 2147 corporibus
934 2090 1013 2129 an
1061 2073 1196 2130 sine
1240 2071 1624 2152 corporibus,
1669 2086 1730 2131 et
1775 2070 2139 2151 corporibus
2171 2070 2416 2150 quibus,
2464 2071 2688 2152 ipsisne
2718 2089 2799 2132 an
2832 2071 3144 2133 innonatis

527 2179 917 2255 resurgatur?
950 2177 1083 2237 sine
1117 2182 1416 2259 corpore?
1475 2179 1616 2258 hoc,
1659 2179 1832 2259 quod
1864 2178 2075 2254 sciam,
2110 2197 2315 2259 neque
2348 2197 2525 2239 mens
2558 2197 2762 2259 neque
2794 2179 2997 2240 anima
3032 2200 3144 2241 nec

529 2279 652 2340 uita
684 2296 791 2342 est.
823 2281 961 2362 ipso
994 2290 1294 2365 corpore?
1326 2284 1436 2346 sed
1468 2285 1592 2345 iam
1624 2300 1767 2346 ante
1800 2284 2109 2365 dilapsum
2142 2299 2248 2345 est.
2281 2283 2400 2345 alio
2433 2290 2728 2365 corpore?
2761 2303 2910 2365 ergo
2945 2287 3142 2347 homo

527 2405 737 2448 nouus
771 2390 1057 2468 nascitur,
1093 2410 1224 2454 non
1258 2393 1430 2473 prior
1461 2393 1561 2454 ille
1595 2408 1925 2473 reparatur.
1979 2408 2036 2453 et
2068 2408 2274 2452 tamen
2305 2373 2471 2453 tanta
2502 2407 2664 2452 aetas
2693 2391 2859 2470 abiit,
2894 2394 3136 2454 saecula

526 2495 856 2557 innumera
887 2497 1232 2560 fluxerunt:
1295 2500 1437 2581 quis
1468 2518 1636 2560 unus
1670 2498 1834 2560 ullus
1870 2501 1946 2559 ab
1981 2498 2191 2560 inferis
2224 2499 2327 2560 uel
2361 2498 2673 2561 Protesilai
2705 2515 2870 2560 sorte
2903 2518 3137 2560 remea-

414 2621 473 2653 20
529 2601 638 2680 uit,
686 2603 982 2666 horarum
1029 2606 1345 2667 saltem**
1366 2606 1667 2688 permisso
1714 2620 2083 2683 commeatu,
2134 2606 2235 2666 uel
2286 2623 2352 2667 ut
2402 2605 2685 2687 exemplo
2715 2605 3144 2667 crederemus?

528 2710 739 2772 omnia
771 2711 879 2773 ista
911 2712 1205 2793 figmenta
1236 2714 1397 2774 male
1429 2732 1610 2774 sanae
1642 2713 1964 2794 opinionis
1995 2730 2055 2774 et
2089 2714 2292 2796 inepta
2312 2714 2533 2775 solacia
2555 2735 2589 2775 a
2610 2714 2805 2795 poetis
2827 2713 3146 2775 fallacibus

530 2817 595 2877 in
637 2817 1032 2880 dulcedinem
1079 2819 1364 2881 carminis
1409 2819 1543 2881 lusa
1588 2842 1621 2880 a
1672 2820 1855 2882 uobis
1904 2820 2169 2882 nimium
2217 2821 2484 2883 credulis
2528 2823 2593 2881 in
2642 2823 2833 2883 deum
2865 2836 3144 2882 uestrum

528 2925 784 3007 turpiter
816 2925 1138 2988 reformata
1169 2943 1329 2988 sunt.
1393 2925 1450 3007 [l.
1483 2948 1537 2993 c.
1572 2946 1709 3008 pag.
1753 2948 1822 3007 15
1855 2926 1871 3007 ]

1580 3127 1672 3181 18.
1710 3126 2111 3182 ORIGENES.

421 3298 473 3342 ²5
745 3279 773 3308 ‘
826 3279 1020 3351 Mign
1041 3295 1104 3347 e,
1152 3281 1301 3336 Patr.
1347 3282 1591 3334 Graeca.
1632 3279 1699 3333 T.
1729 3280 1821 3334 VI.
1866 3280 1974 3334 col.
2003 3297 2106 3351 9²7
2147 3296 2268 3350 seq.
2339 3278 2442 3333 Κο
2462 3290 2575 3332 ets
2594 3278 2725 3333 cha
2744 3296 2807 3347 u,
2858 3281 2959 3332 Die
2994 3281 3145 3348 grie-

527 3358 778 3412 chischen
829 3359 1175 3414 christlichen
1211 3360 1612 3430 Schrfftsteller
1660 3361 1762 3414 cler·
1811 3365 1993 3415 ersten
2032 3362 2158 3413 drei
2187 3359 2606 3429 Jahrhundert:
2656 3360 2947 3428 Origenes.
2996 3375 3146 3424 1—2,

529 3438 763 3511 Leipzig
809 3440 957 3513 1899.
1021 3441 1096 3495 Id
1114 3457 1144 3495 e
1162 3458 1220 3494 m
1236 3481 1251 3511 ,
1302 3442 1405 3495 Die
1448 3432 1872 3511 Uberlteferung
1907 3444 2009 3496 der
2044 3441 2264 3495 Bic‘clter
2299 3442 2394 3494 des
2431 3442 2703 3511 Origenes
2734 3457 2916 3510 gegen
2958 3440 3146 3493 Celsus

533 3521 718 3585 (Texte
741 3539 792 3574 u.
828 3522 1039 3579 Unters.
1069 3521 1161 3575 Vl.
1198 3526 1263 3589 1).
1315 3519 1547 3591 Leipzig
1582 3520 1729 3592 1889.
1795 3522 1848 3574 Κ
1865 3539 1892 3574 r
1909 3538 1939 3575 e
1957 3539 1992 3592 p
2009 3540 2045 3594 p
2064 3522 2160 3591 el,
2185 3523 2448 3591 Origene.
2491 3521 2649 3576 Paris
2686 3520 2859 3576 1886³.
2910 3521 2957 3574 B
2977 3538 3013 3573 o
3032 3537 3063 3574 e
3080 3520 3146 3572 h-

532 3600 641 3655 rin
659 3617 744 3671 ge
761 3620 819 3671 r,
855 3604 958 3656 Die
976 3602 1357 3672 griechischen
1392 3605 1557 3658 ther
1579 3604 1674 3655 des
1693 3620 1751 3675 3.
1779 3621 1831 3655 u.
1858 3620 1908 3671 4.
1936 3604 2133 3672 Jahrb.
2177 3602 2212 3656 1.
2259 3603 2506 3657 Clemens
2532 3622 2585 3655 u.
2612 3604 2900 3671 Origenes.
2939 3600 3146 3654 Zurich

421 3708 477 3753 30
539 3680 688 3753 1869.
728 3683 778 3736 A
795 3699 832 3736 u
849 3683 884 3737 b
904 3681 934 3737 ἐ
950 3723 967 3751 ,
993 3683 1134 3737 Hist.
1161 3684 1256 3736 des
1270 3685 1482 3755 persec.
1512 3682 1573 3736 11.
1601 3684 1677 3737 La
1694 3685 2002 3754 polemique
2025 3683 2059 3736 ἁ
2085 3687 2142 3736 la
2155 3686 2245 3754 fin
2271 3685 2345 3736 du
2370 3684 2441 3737 II.
2466 3685 2638 3736 siecle.
2692 3683 2740 3735 K
2760 3680 2897 3735 eim
2914 3720 2929 3749 ,
2957 3680 3148 3734 Celsus

529 3763 740 3818 wahres
776 3765 950 3818 Wort.
990 3760 1195 3817 Zurich
1233 3763 1381 3834 1873.
1435 3763 1478 3816 Ρ
1497 3762 1608 3817 ele
1626 3780 1662 3832 g
1679 3780 1711 3816 a
1729 3780 1764 3816 u
1783 3762 1848 3832 d,
1894 3763 2062 3817 Celse.
2090 3762 2250 3817 Paris
2284 3761 2431 3835 1879.
2484 3764 2528 3817 P
2546 3781 2578 3816 a
2598 3775 2618 3817 t
2635 3761 2821 3824 rick,
2879 3760 2980 3814 The
3004 3763 3148 3831 Apo-

529 3845 655 3913 logy
691 3843 765 3913 of
788 3845 1003 3914 Origen
1039 3846 1093 3897 in
1134 3846 1282 3915 reply
1319 3848 1375 3896 to
1412 3843 1618 3897 Celsus.
1657 3843 1910 3898 London
1947 3843 2093 3914 1892.
2164 3844 2395 3913 Muth,
2433 3847 2551 3898 Der
2589 3844 2811 3916 Kampf
2838 3844 2933 3896 des
2973 3842 3145 3895 henin.

531 3924 878 3996 Philosophen
919 3925 1112 3978 Celsus
1139 3942 1322 3994 gegen
1358 3925 1462 3977 das
1501 3923 1926 3977 Christentltum.
1980 3923 2167 3979 Mainz
2205 3922 2351 3995 1899.
2403 3924 2484 3978 Bi
2501 3941 2537 3995 g
2555 3924 2695 3978 elm
2713 3922 2847 3992 air,
2898 3922 3147 3977 Betleeili-

524 4022 688 4076 gang
710 4006 812 4059 der
837 4005 1090 4059 Christen
1113 4009 1214 4058 etc.
1253 4003 1495 4074 85,101‚
1533 4021 1645 4072 110,
1683 4020 1796 4075 135,
1833 4022 1945 4076 ¹70·
1996 4005 2377 4073 Harnack,
2404 4005 2617 4060 Altchr.
2644 4005 2744 4059 Lit.
2770 4004 2810 4073 1,
2835 4020 3145 4075 403-4053

418 4118 474 4165 35
530 4083 830 4159 835-842.
883 4084 1477 4153 Bardenhewer,
1517 4085 1662 4156 §49

915 4210 1109 4263 Κατὰ
1148 4209 1456 4262 Κέλσου.
2188 4209 2473 4263 Contra
2512 4207 2829 4263 Celsum.

621 4322 792 4388 lll.7.
832 4315 1127 4400 τΟμοιίιῡς
1147 4316 1229 4380 δὲ
1248 4316 1514 4401 ψεῦδος
1533 4317 1632 4390 τὸ,
1662 4317 1811 4379 «Αἰ-
1957 4321 2045 4382 111.
2079 4342 2137 4387 7.
2204 4321 2290 4381 Ut
2334 4338 2541 4381 autem
2588 4320 2810 4382 falsum
2850 4310 2938 4379 est
2980 4318 3147 4378 «He-

529 4424 852 4506 γυπτίους
894 4422 1103 4503 ὄντας
1148 4424 1284 4487 ἀπὸ
1334 4426 1646 4501 στάσεως
1695 4423 1815 4505 τὴν
1870 4432 2109 4503 bracos,
2158 4446 2300 4488 cum
2346 4426 2632 4508 Aegyptii
2664 4446 2891 4505 genere
2924 4441 3146 4495 essent,

533 4532 750 4613 ἀρχὴν
787 4533 1130 4615 εἰληφέναι
1170 4532 1331 4609 τοὺς
1363 4530 1769 4617 Ἑβραίους»
1797 4555 1810 4567 ·
1872 4538 2093 4597 debere
2140 4535 2429 4596 seditioni
2478 4554 2624 4596 suae
2675 4532 2980 4594 societatis
3032 4532 3150 4591 ini-

425 4669 484 4710 40
531 4640 645 4703 καὶ
694 4640 795 4703 τὸ·
839 4639 1262 4717 «Ἰουδαίους
1306 4639 1516 4718 ὄντας
1560 4640 1814 4715 ἄλλους
1870 4643 2097 4714 tium>›;
2134 4642 2212 4703 ita
2234 4662 2346 4704 nec
2366 4641 2426 4702 id
2448 4661 2706 4722 quoque
2724 4659 2963 4711 verum,
3006 4640 3148 4699 ‹Ju-

532 4748 711 4811 κατὰ
740 4745 904 4825 τοὺς
940 4749 1168 4828 Ἰησοῦ
1187 4746 1484 4827 χρόνους
1505 4743 1814 4810 ὲστασια-
1872 4750 2059 4812 dacos
2074 4751 2226 4811 alios
2241 4749 2383 4811 Jesu
2401 4765 2590 4809 aetate
2609 4747 2975 4809 seditionem
2997 4764 3149 4805 con-

532 4856 725 4919 κέναι
744 4854 919 4935 πρὸς
938 4856 1018 4919 τὸ
1037 4856 1271 4918 κοινὸν
1290 4856 1422 4917 τῶν
1445 4853 1813 4931 Ἰουδαίων,
1870 4875 1958 4919 tra
2002 4876 2340 4918 commune
2373 4856 2751 4917 Judaeorum
2784 4852 3149 4913 conscivisse

533 4962 647 5025 καὶ
692 4964 783 5046 τῷ
820 4963 1045 5043 Ἰησοῦ
1077 4962 1812 5043 κατηκολουθηκέναι».
1873 4980 1932 5026 et
1975 4965 2186 5025 Jesum
2237 4962 2424 5023 fuisse
2470 4974 2912 5022 consectatos».
2980 4958 3149 5018 Nihil
