3684 5416
325 1546 377 1577 10

1392 385 1645 442 Ecclesia
1673 388 2083 460 antiquissima.
2977 408 3042 463 23

430 566 679 627 Paulo
732 566 1022 628 Romae
1075 568 1457 631 fundatae
1506 587 1579 632 et
1629 572 2130 633 constitutae
2177 573 2602 647 ecclesiae,
2666 593 2803 634 eam
2855 591 3046 654 quarn

434 673 616 733 habet
661 675 737 734 ab
782 674 1074 754 apostolis
1104 676 1494 739 traditionem
1527 694 1585 739 et
1616 679 2046 740 annuntiatam
2081 679 2438 741 hominibus
2471 679 2679 757 fidem,
2714 699 2848 761 per
2878 699 3042 739 suc·

434 779 844 841 cessiones
890 781 1459 864 episcoporum
1511 785 1966 866 pervenientem
2015 806 2212 867 usque
2245 787 2322 848 ad
2356 807 2473 849 nos
2505 786 2860 861 indicanteS,
2893 804 3044 847 con-

436 886 754 948 fundimus
786 907 1008 949 omnes
1039 908 1163 963 eos,
1211 891 1321 970 qui
1352 911 1615 972 quoquo
1650 893 1863 969 modo,
1915 893 2009 953 vel
2043 913 2150 974 per
2181 893 2662 974 sibiplacentiam
2694 894 2790 954 vel
2822 910 3045 953 vanam

432 992 693 1072 gloriam
741 995 835 1056 vel
868 1014 975 1077 per
1007 996 1354 1060 caecitatem
1387 1014 1445 1060 et
1476 1000 1705 1061 malam
1738 1000 2104 1061 sententiam
2139 1016 2566 1081 praeterquam
2599 1013 2843 1080 oportet
2873 998 3045 1059 colli-

432 1116 602 1179 gunt.
666 1101 783 1162 Ad
829 1103 1271 1166 hancenim
1316 1106 1747 1168 ecclesiam
1794 1123 2125 1189 propter
2172 1107 2711 1188 potentiorem
2773 1102 3045 1187 [potio-

434 1205 652 1287 rem?]
690 1209 1382 1291 principalitatem
1432 1231 1763 1274 necesse
1809 1230 1926 1275 est
1979 1232 2288 1276 omnem
2332 1213 2767 1276 convenire
2800 1213 3045 1274 eccle-

431 1314 657 1389 siam,
709 1317 858 1378 hoc
906 1333 1051 1396 est,
1098 1338 1231 1380 eos
1276 1319 1643 1399 quisunt
1690 1321 2048 1402 undique
2095 1320 2416 1398 fideles,
2449 1320 2706 1401 inqua
2739 1338 3049 1400 semper

430 1424 520 1483 ab
567 1422 705 1497 his,
739 1424 1090 1503 quisunt
1123 1424 1500 1506 undique,
1546 1442 2024 1487 conservata
2056 1442 2170 1488 est
2202 1446 2284 1488 ea
2332 1446 2530 1508 quae
2576 1443 2691 1488 est
2735 1429 2824 1487 ab
2871 1445 3048 1506 apo-

429 1528 666 1591 stolis
710 1531 1060 1593 traditio.
1110 1530 1167 1612 [1.
1200 1553 1248 1597 c.
1281 1552 1417 1613 pag.
1449 1531 1846 1614 427—430.]

841 1723 896 1777 7.
936 1721 1268 1778 CANONES
1306 1723 1872 1780 EGCLESIASTICI
1910 1724 2015 1780 SS.
2054 1723 2637 1781 APOSTOLORUM.

646 1848 674 1876 ‘
716 1847 757 1902 F
775 1866 808 1900 u
828 1866 864 1902 n
882 1848 947 1917 k,
986 1850 1253 1902 Doctrina
1295 1850 1406 1903 XII
1427 1852 1664 1921 Apostol.
1706 1856 1779 1920 (p.
1814 1850 2067 1921 50—73).
2117 1849 2167 1903 H
2187 1866 2218 1903 a
2238 1865 2315 1903 rn
2333 1867 2366 1904 a
2383 1866 2413 1903 c
2431 1849 2467 1903 k
2486 1889 2500 1911 ‚
2539 1849 2712 1903 Lebre
2748 1850 2849 1903 der
2885 1848 3054 1917 zwdlf

429 1930 703 2000 Aposteln.
734 1945 787 1999 p.
816 1946 936 1999 225.
988 1928 1064 1982 Id
1081 1944 1111 1981 e
1130 1945 1188 1981 m
1204 1969 1220 1997 ‚
1247 1930 1351 1982 Die
1376 1932 1606 2000 Quellcn
1633 1933 1736 1984 der
1762 1948 1948 2001 sogen.
1975 1934 2217 2003 Apostol.
2244 1931 2742 1999 Kirclzenordnung
2782 1927 2857 1993 (in
2896 1929 3049 1983 Texte

430 2025 482 2061 u.
519 2009 730 2062 Unters.
771 2007 855 2062 111.
886 2016 953 2079 5).
982 2006 1129 2062 Fun
1148 2007 1216 2078 k,
1244 2009 1376 2065 Abte.
1408 2029 1460 2063 u.
1497 2011 1712 2064 Unters.
1743 2010 1808 2066 11.
1836 2028 1888 2081 p.
1919 2011 2039 2085 236.
2093 2012 2129 2067 1.
2154 2012 2215 2066 B.
2246 2010 2415 2066 Card.
2444 2008 2560 2064 Pit
2579 2027 2680 2074 ra,
2709 2011 2849 2062 Iuris
2874 2011 3040 2062 ecclc·

352 2099 373 2141 5
430 2091 643 2142 siastici
668 2105 1007 2158 graecorum
1047 2089 1277 2144 historia
1316 2095 1369 2143 et
1397 2096 1757 2146 monumenta.
1822 2091 2044 2147 Romae
2092 2091 2236 2161 1864.
2276 2092 2314 2145 1.
2339 2090 2568 2163 75-88.
2624 2088 2894 2155 Hatch‚
2943 2088 3046 2143 The

433 2171 832 2239 Orgam'sation
858 2174 960 2227 etc.
988 2185 1043 2239 p.
1069 2185 1158 2242 73.

468 2299 823 2348 ΚΑΝΟΝΕΣ
862 2299 1499 2348 ΕΚΚΑΗΣῙΑΣΤῙΚΟΙ
1538 2298 1688 2348 ΤΩΝ
1927 2293 2292 2351 (ΞΑΝΟΝΕὸ
2335 2292 2907 2349 ECCLESIASTlCI

707 2389 929 2437 ΑΓΙΩΝ
972 2388 1443 2438 ΑΙῘΟΣΤΟΛΩΝ.
1855 2384 2334 2441 SANCTORUM
2374 2381 2979 2439 APOSTOLORUM.

524 2496 678 2557 XVI.
711 2494 983 2571 Πέτρος
1017 2493 1229 2556 εἶπεΨ
1270 2495 1434 2556 Ἐὰν
1452 2496 1711 2574 ὀλιγαν-
1857 2497 2014 2560 xvi.
2057 2498 2269 2559 Petrus
2303 2495 2481 2556 dixit:
2532 2494 2596 2556 Si
2629 2493 2897 2575 paucitas
2931 2495 3043 2555 ho-

322 2632 378 2664 ιο
435 2598 597 2677 δρία
626 2600 891 2680 ὑπάρχῃ
913 2600 1026 2664 καὶ
1048 2600 1268 2683 μήπου
1288 2602 1548 2681 πλῆθος
1566 2623 1711 2683 τυγ·
1768 2605 2013 2666 minum
2044 2604 2260 2667 accidit
2292 2621 2493 2683 neque
2527 2602 2650 2663 iarn
2681 2600 2857 2682 copia
2880 2602 3049 2662 adest

316 3167 371 3210 25

313 3702 370 3745 30

308 4769 365 4809 40

422 2707 601 2788 χάνῃ
654 2708 787 2771 τῶν
834 2706 1231 2791 δυναμένων
1276 2710 1712 2792 ψηφίσασθαι
1767 2731 2009 2788 eorum,
2055 2712 2164 2792 qui
2209 2710 2576 2788 suffragium
2629 2710 2705 2771 de
2756 2707 3048 2790 episcopo

431 2815 579 2894 περὶ
629 2815 1003 2879 ἐπισκόπου
1038 2816 1234 2892 ἐντὸς
1266 2816 1571 2880 δεκαδύο
1605 2821 1711 2880 ἀν·
1766 2820 1924 2880 inter
1969 2818 2301 2880 duodecim
2333 2818 2499 2880 viros
2531 2816 2820 2896 eligendo
2854 2816 3047 2877 facere

430 2920 635 2999 δρῶν,
688 2923 787 3001 εἰς
830 2924 955 3001 τὰς
1003 2922 1289 3002 πλησίον
1322 2924 1709 3003 ἐκκλησίας,
1766 2927 1990 3002 valent,
2025 2927 2103 2986 ad
2135 2925 2421 2987 ecclesias
2454 2923 2783 3006 proximas,
2817 2922 3047 3003 siquae

430 3029 606 3091 ὅπου
636 3031 948 3109 τυγχάνει
979 3035 1336 3109 πεπηγυῖα,
1368 3031 1711 3113 γραφέτω·
1766 3032 2098 3094 constituta
2143 3048 2250 3110 est,
2296 3032 2523 3092 litterae
2570 3030 2932 3104 scribantur,
2981 3045 3048 3090 ut

430 3151 583 3210 σαν,
635 3137 821 3214 ὅπως
871 3139 1134 3200 ἐκεῖθεν
1183 3137 1484 3200 ἐκλεκτοὶ
1529 3142 1710 3216 τρεῖς
1767 3141 1908 3201 inde
1942 3139 2050 3200 viri
2082 3154 2202 3200 tres
2234 3139 2406 3199 electi
2439 3136 2835 3198 advenientes
2856 3138 3046 3217 probe

430 3242 685 3321 ἄνδρες
728 3243 1273 3326 παραγενόμενοι
1319 3243 1558 3326 δοκιμῇ
1602 3243 1709 3306 bo·
1766 3249 2046 3326 probent,
2093 3245 2232 3326 quis
2278 3245 2505 3325 dignus
2552 3244 2644 3321 sit,
2691 3262 2771 3305 an
2817 3246 3046 3304 bonam

428 3351 759 3434 κιμάσωσι
792 3351 912 3414 τὸν
944 3352 1139 3425 ἄξιον
1171 3348 1359 3423 ὄντα,
1396 3350 1457 3413 εἴ
1476 3371 1574 3428 τις
1594 3351 1709 3433 φή·
1765 3354 1984 3413 habeat
2038 3353 2263 3413 famam
2311 3352 2478 3433 apud
2509 3351 2787 3432 gentileS,
2837 3371 2915 3411 an
2948 3350 3044 3410 in-

428 3477 555 3538 μην
599 3456 815 3536 καλὴν
860 3457 993 3536 ἔχει
1028 3457 1164 3519 ἀπὸ
1198 3458 1330 3519 τῶν
1362 3458 1598 3530 ἐθνῶν,
1652 3459 1707 3520 εἰ
1763 3479 1913 3520 sons
1946 3459 2203 3534 exsistat,
2237 3477 2315 3519 an
2347 3476 2690 3539 pauperum
2712 3457 3045 3534 studiosuS,

428 3565 906 3645 ἀναμάρτητος
944 3565 1246 3642 ὑπάρχει,
1296 3565 1353 3626 εἰ
1386 3563 1705 3644 φιλόπτω-
1762 3587 1840 3627 an
1876 3566 2165 3648 prudens,
2198 3585 2331 3626 non
2363 3565 2659 3640 ebriosus,
2693 3583 2822 3624 non
2856 3563 3045 3624 forni-

427 3693 568 3750 χος,
620 3673 677 3733 εἰ
727 3670 1044 3752 σώφρων,
1110 3671 1194 3754 μὴ
1247 3672 1568 3752 μέθυσος,
1620 3670 1704 3753 μὴ
1762 3688 1949 3749 cator,
1997 3691 2128 3733 non
2174 3690 2391 3732 avarus
2422 3669 2519 3730 vel
2554 3670 3041 3731 contumeliosus

426 3777 704 3856 πόρνος,
752 3777 835 3859 μὴ
870 3779 1277 3856 πλεονέκτης
1309 3778 1349 3855 ἢ
1383 3776 1706 3856 λοίδορος
1759 3779 1858 3840 vel
1906 3797 2311 3860 personarum
2344 3792 2629 3858 acceptor
2660 3792 2718 3836 et
2750 3792 2944 3836 cetera
2979 3776 3038 3836 id

425 3885 466 3963 ἦ
517 3884 1097 3964 προσωποληπτης
1143 3885 1257 3947 καὶ
1307 3885 1392 3947 τὰ
1439 3883 1705 3961 τούτοις
1760 3906 1979 3964 genus,
2050 3906 2103 3946 2.
2149 3885 2402 3946 Bonum
2447 3883 2704 3963 quidem
2750 3898 2856 3957 est,
2894 3901 3042 3942 eum

424 3993 645 4074 ὃμοια.
686 3991 1001 4056 2.Καλὸν
1021 3989 1140 4074 μὲν
1161 3989 1702 4069 εἶναιάγύναιος,
1759 4012 1892 4053 esse
1943 3993 2075 4053 sine
2131 4010 2352 4064 uxore;
2419 3990 2511 4050 sin
2563 3991 2799 4065 minus,
2854 3989 3041 4049 unius

424 4102 482 4161 εἰ
515 4098 596 4161 δὲ
616 4098 721 4181 μή,
754 4099 888 4161 ἀπὸ
911 4102 1064 4181 μιᾶς
1088 4097 1434 4177 γυναικός,
1458 4097 1701 4160 παιὸέί·
1761 4100 1970 4160 uxoris
1990 4098 2102 4166 sit:
2140 4097 2451 4158 doctrinae
2470 4097 2546 4157 sit
2566 4097 2883 4178 particeps,
2908 4096 3041 4157 ido·

343 4235 360 4244 ·
424 4227 512 4284 ας
546 4206 847 4288 μέτοχος,
878 4205 1260 4287 δυνάμενος
1278 4206 1402 4282 τὰς
1421 4207 1703 4286 γραφὰς
1759 4226 1913 4267 neus
1944 4206 2399 4286 scripturarum
2430 4204 2763 4285 interpres;
2813 4204 2862 4263 si
2894 4223 3040 4264 vero

422 4312 835 4396 ἑρμηνεύειν,
870 4314 925 4375 εἰ
954 4311 1035 4374 δὲ
1056 4313 1520 4394 ἀγράμματος,
1541 4333 1701 4390 πρα-
1757 4314 2095 4374 litterarum
2130 4333 2344 4393 expers
2376 4312 2468 4387 sit,
2502 4311 2663 4372 mitis
2694 4311 2767 4371 sit
2800 4326 2857 4371 et
2887 4312 3038 4372 cari-

422 4417 505 4498 ὖς
555 4419 892 4499 ὑπάρχων,
954 4420 1067 4481 καὶ
1118 4422 1237 4498 τῆς
1289 4420 1558 4498 ἀγάπης
1607 4421 1701 4496 εἰς
1756 4436 1875 4481 tate
1938 4439 2079 4498 erga
2143 4439 2361 4480 ornnes
2423 4418 2900 4500 superabundet,
2964 4437 3039 4479 ne

420 4529 679 4604 πάντας
727 4527 1205 4604 περισσευέτω,
1253 4525 1505 4612 μήποτε
1552 4526 1703 4603 περί
1758 4545 2042 4607 unquam
2106 4526 2181 4586 de
2247 4526 2449 4606 aliqua
2512 4544 2576 4585 re
2640 4525 2967 4606 episcopus
3004 4546 3038 4585 a

419 4655 601 4711 τινος
663 4633 1007 4713 ἐλεγχθεὶς
1058 4633 1098 4694 ὸ
1151 4633 1515 4710 ἐπίσκοπος
1564 4633 1700 4695 ἀπὸ
1756 4634 1964 4695 multis
1997 4649 2306 4712 arguatur.

418 4742 552 4803 τῶν
580 4741 848 4803 πολλῶν
879 4739 1213 4819 γενηθείη.

509 4850 691 4912 XVII.
728 4848 1045 4926 Ἰωάννης
1078 4846 1288 4909 εἶπεν·
1339 4844 1422 4908 ‘O
1454 4863 1701 4908 κατασ-
1847 4848 2027 4909 XVII.
2062 4847 2323 4908 Ioannes
2354 4846 2531 4906 dixit:
2568 4844 2695 4920 Qui
2728 4844 3037 4905 institutus

418 4954 650 5031 ταθεὶς
682 4954 1074 5030 ἐπίσκοπος,
1116 4952 1315 5030 εἰδὼς
1348 4953 1425 5015 τὸ
1459 4967 1700 5031 προσε-
1759 4955 1872 5015 fuit
1918 4955 2266 5036 episcopus,
2315 4953 2698 5014 considerato
2730 4951 2933 5012 studio
2967 4971 3036 5011 ac
