3684 5416
525 1589 572 1621 to

529 2140 572 2183 ¹5

525 2678 577 2710 20

528 3381 578 3423 25

529 3918 582 3960 30

531 4453 578 4494 '35

617 336 721 401 344
1215 398 1228 401 ,
1243 398 1260 402 ὖ
1613 400 1624 401 7
1765 319 2084 374 Ordinatio.

606 519 900 564 exercent
919 515 1171 585 pugnae·
1204 504 1581 583 conflictum,
1617 520 1672 564 et
1706 505 1789 575 hi,
1826 505 1931 584 qui
1965 506 2117 566 alios
2151 504 2401 565 incitant
2434 506 2508 564 ad
2544 508 2976 586 pugnandum,
3001 528 3227 569 omnes

619 612 862 691 quidem
910 611 1244 673 enormiter
1290 628 1562 692 peccant,
1611 612 1685 672 de
1733 612 1934 693 rigore
1982 613 2284 673 canonico
2318 632 2423 672 eos
2457 610 2767 673 credimus
2801 614 3230 696 deponendos.

621 716 724 794 [Hi
776 733 1081 798 praeterea
1134 735 1240 780 etc.
1289 717 1382 795 (cf.
1417 740 1467 780 c.
1505 720 1561 779 8.
1595 718 1670 779 de
1706 738 1959 780 renunc.
1994 719 2030 779 l.
2067 721 2143 797 9.)
2212 721 2345 780 Dat.
2396 741 2489 802 ap.
2535 721 2645 780 civ.
2680 720 3094 783 Castellanam
3132 723 3230 783 Vl.

623 825 701 885 ld.
737 825 872 887 Oct.
919 824 1123 905 1198.]

696 1043 751 1096 b)
809 1032 1307 1090 innocentius
1350 1036 1432 1088 ΙΙΙ.
1475 1034 1543 1089 in
1584 1034 1940 1090 Concilio
1982 1034 2485 1090 Lateranensi
2526 1037 2617 1090 lV.
2657 1042 2869 1106 (1215),
2911 1056 2956 1091 c.
2997 1057 3049 1109 9.
3092 1040 3157 1092 Χ.

873 1118 952 1169 Ne
989 1119 1180 1169 clerici
1211 1119 1292 1169 vel
1329 1116 1583 1169 monachi
1617 1118 1988 1169 saecularibus
2029 1117 2253 1185 negotiis
2292 1134 2348 1168 se
2386 1118 2740 1170 inunt'sceant.
2783 1117 2869 1170 111.
2911 1135 2993 1187 50.

840 1258 870 1290 ’⁸‘
910 1260 1069 1329 Corp.
1109 1260 1214 1311 iur.
1253 1276 1373 1312 can.
1414 1259 1502 1312 ed.
1542 1256 1707 1313 Frie
1727 1258 1762 1311 d
1782 1259 1815 1312 b
1835 1276 1866 1312 e
1886 1275 1980 1328 rg.
2020 1260 2193 1314 Tom.
2222 1259 2283 1312 ΙΙ.
2323 1257 2431 1313 col.
2459 1259 2580 1330 659.

626 1398 879 1453 Clericus
907 1415 1011 1453 nec
1041 1398 1255 1453 dictare
1283 1417 1390 1454 nec
1419 1398 1677 1470 proferre
1705 1399 2044 1453 sententiam
2074 1398 2365 1470 sanguinis
2393 1400 2583 1468 debet,
2610 1419 2716 1456 nec
2747 1401 3057 1473 quicquam
3086 1404 3233 1458 aliud

626 1497 909 1550 exercere,
950 1497 1051 1551 per
1078 1482 1240 1552 quod
1267 1481 1335 1535 ad
1366 1480 1674 1535 vindictam
1703 1479 1994 1550 sanguinis
2024 1481 2307 1545 tendatur,
2334 1480 2422 1535 vel
2449 1480 2791 1553 purgatione
2818 1482 3034 1554 vulgari
3062 1502 3235 1556 opem

1605 1573 1897 1634 praestare
1925 1579 2044 1617 non
2072 1562 2260 1617 debet.

842 1672 1218 1736 Sententiam
1251 1673 1572 1753 sanguinis
1606 1675 1819 1736 nullus
1850 1674 2109 1736 clericus
2142 1675 2325 1736 dictet
2358 1690 2461 1735 aut
2496 1674 2778 1755 proferat,
2812 1678 2920 1738 sed
2954 1697 3067 1739 nec
3099 1700 3237 1739 san-

627 1782 835 1862 guinis
866 1780 1196 1842 vindictam
1228 1797 1519 1858 exerceat,
1551 1797 1656 1843 aut
1687 1781 1794 1841 ubi
1827 1797 2176 1842 exerceatur
2208 1781 2458 1844 intersit.
2512 1781 2577 1842 Si
2610 1782 2751 1862 quis
2783 1798 2989 1845 autem
3023 1786 3240 1848 huius-

631 1889 800 1950 modi
847 1889 1168 1949 occasione
1205 1888 1412 1948 statuti
1443 1888 1707 1949 ecclesiis
1742 1887 1835 1949 vel
1869 1888 2286 1950 ecclesiasticis
2321 1888 2600 1969 personis
2632 1888 2886 1970 aliquod
2920 1912 3237 1974 praesum·

631 1996 812 2077 pserit
858 1995 1079 2057 inferre
1126 1995 1541 2077 dispendium,
1592 2015 1700 2076 per
1745 2014 2067 2056 censuram
2104 1996 2570 2057 ecclesiasticam
2602 2014 3045 2078 compescatur.
3111 2001 3239 2061 Nec

631 2103 959 2183 quisquem
1007 2102 1260 2163 clericus
1293 2102 1494 2163 literas
1528 2103 1708 2164 dictet
1742 2118 1846 2163 aut
1877 2104 2097 2164 scribat
2131 2122 2242 2184 pro
2276 2103 2542 2165 vindicta
2573 2105 2893 2183 sanguinis
2925 2107 3237 2168 destinan-

631 2212 758 2288 daS,
807 2210 972 2270 unde
1022 2209 1085 2270 in
1131 2208 1312 2270 curiis
1358 2208 1707 2291 principum
1741 2210 1891 2271 haec
1923 2210 2254 2272 solicitudo
2288 2230 2416 2271 non
2450 2210 2695 2288 clericiS,
2729 2212 2836 2271 sed
2869 2212 3034 2273 laicis
3069 2233 3237 2275 com-

632 2318 918 2379 mittatur.
981 2317 1207 2378 Nullus
1259 2335 1514 2396 quoque
1565 2316 1819 2377 clericus
1871 2317 2157 2398 ruptariis
2208 2317 2303 2377 vel
2352 2316 2708 2395 ballistariis,
2744 2333 2847 2380 aut
2880 2318 3239 2382 huiusmodi

630 2425 772 2485 viris
803 2424 1181 2504 sanguinum
1215 2439 1645 2505 praeponatur,
1677 2443 1791 2485 nec
1825 2425 2011 2486 ullam
2049 2424 2393 2502 chirurgiae
2426 2438 2618 2484 artem
2650 2423 3088 2505 subdiaconuS,
3112 2425 3241 2486 dia-

632 2552 827 2593 conus
861 2532 952 2592 vel
986 2531 1269 2591 sacerdos
1303 2544 1594 2607 exerceat,
1643 2550 1803 2612 quae
1851 2530 2242 2592 adustionem
2276 2532 2370 2591 vel
2401 2531 2766 2592 incisionem
2799 2532 3049 2594 inducit.
3113 2534 3242 2595 Nec

633 2641 967 2722 quisquam
1015 2638 1367 2722 purgationi
1414 2659 1611 2720 aquae
1651 2637 1939 2700 ferventis
1976 2639 2065 2699 vel
2104 2637 2355 2719 frigidae
2389 2659 2499 2700 seu
2535 2638 2672 2699 ferri
2707 2640 3024 2702 candentis
3054 2640 3242 2702 ritum

634 2748 956 2809 cuiuslibet
1017 2747 1460 2809 benedictionis
1522 2762 1626 2807 aut
1681 2747 2164 2808 consecrationis
2215 2747 2551 2828 impendat,
2605 2747 2782 2809 salvis
2833 2748 3239 2810 nihilominus

635 2855 1168 2937 prohibitionibus,
1203 2856 1279 2916 de
1312 2855 1767 2915 monomachiis
1799 2855 1925 2915 sive
1960 2854 2181 2915 duellis
2213 2870 2387 2915 antea
2422 2855 2846 2937 promulgatis.

1291 3081 1417 3137 115.
1457 3081 1905 3137 BONIFACIUS
1944 3082 2115 3138 v111.
2155 3081 2323 3150 (1294
2343 3112 2381 3121 ··
2399 3081 2587 3151 1803).

1363 3224 1431 3279 in
1473 3243 1520 3280 c.
1563 3243 1610 3279 2.
1650 3225 1720 3280 in
1760 3227 1876 3280 V10.
1914 3228 1981 3280 dc·
2016 3228 2315 3281 homicidio.
2358 3226 2423 3279 V.
2466 3245 2512 3297 5.

863 3352 892 3380 ⁶
946 3352 1106 3423 Corp.
1145 3354 1248 3406 ίαν.
1289 3369 1408 3404 can.
1449 3351 1536 3405 ed.
1576 3350 2011 3422 Friedberg.
2065 3353 2239 3406 Tom.
2268 3352 2328 3405 11.
2371 3351 2477 3407 col
2526 3320 2888 3406 1080-108'1.

633 3495 770 3551 Sine
811 3512 1000 3566 poena
1041 3493 1464 3565 irregularitatis
1506 3507 1742 3565 possunt
1785 3492 1972 3563 clerici
2001 3495 2071 3548 de
2101 3492 2214 3549 suis
2243 3492 2712 3548 malefactoribus
2742 3492 3020 3582 conqueri
3048 3510 3247 3547 coram

633 3576 818 3631 iudice
847 3574 1140 3644 saeculari,
1162 3575 1332 3629 etiam
1361 3576 1430 3628 de
1460 3558 1808 3641 criminibuS,
1829 3591 1898 3628 ex
1925 3574 2131 3663 quibus
2161 3575 2403 3628 debetur
2428 3592 2618 3645 poena
2647 3571 2956 3644 sanguiniS,
2983 3589 3247 3643 expresse

744 3656 1141 3727 protestandO,
1168 3656 1329 3726 quod
1358 3656 1429 3708 ad
1459 3671 1704 3726 poenam
1735 3652 2025 3725 sanguinis
2055 3671 2173 3709 non
2201 3652 2520 3708 intendunt.
2572 3655 2641 3708 H.
2670 3654 2721 3707 d.
2750 3654 2947 3709 loann.
2977 3655 3152 3707 Andr.

851 3779 1099 3840 Prelatis
1145 3779 1240 3839 vel
1286 3778 1517 3838 clericis
1564 3779 2067 3860 quibuscunque,
2115 3779 2241 3860 qui,
2286 3780 2361 3840 de
2395 3779 2561 3840 laicis
2594 3780 2721 3840 suis
2755 3778 3249 3840 malefactoribus

636 3888 950 3969 querelam
986 3906 1171 3968 penes
1204 3886 1579 3946 saecularem
1612 3884 1881 3947 iudicem
1917 3887 2313 3967 deponenteS,
2351 3902 2568 3967 petunt
2600 3887 2929 3947 emendam
2963 3885 3075 3946 sibi
3097 3884 3248 3965 fieri,

636 4012 692 4056 et
741 3993 1069 4076 provideri,
1121 4012 1198 4054 ne
1244 4009 1453 4054 contra
1501 4013 1606 4054 eos
1646 3995 1785 4054 talia
1834 3995 1910 4056 de
1945 4009 2147 4056 cetero
2182 4009 2672 4076 praesumantur,
2707 3996 3108 4075 protestando
3141 4014 3249 4055 ex-

639 4121 860 4182 presse,
909 4101 1078 4180 quod
1126 4101 1201 4161 ad
1253 4099 1582 4162 vindictam
1615 4122 1725 4163 seu
1761 4121 2028 4182 poenam
2061 4102 2382 4182 sanguinis
2416 4121 2542 4163 non
2578 4102 2928 4180 intendunt,
2963 4099 3248 4182 imputari

637 4228 768 4269 non
815 4208 1014 4286 debet,
1064 4207 1346 4287 quamvis
1385 4208 1530 4270 alias
1561 4208 1628 4270 in
1661 4210 1764 4270 tali
1798 4229 1941 4271 casu
1979 4210 2054 4271 de
2088 4210 2219 4270 iure
2253 4209 2469 4270 debeat
2503 4228 2705 4290 poena
2739 4208 3059 4288 sanguinis
3091 4207 3249 4268 irro-

637 4315 783 4394 gari,
832 4315 882 4375 si
915 4314 1099 4375 iudex
1133 4329 1393 4376 mortem
1429 4316 1544 4376 illis
1576 4316 1792 4379 inferat
1824 4317 2050 4378 iustitia
2084 4317 2380 4396 exigente.
2446 4317 2748 4397 Alioquin
2782 4316 2830 4376 si
2866 4316 3114 4397 praelati
3147 4321 3252 4376 aut

639 4422 836 4483 clerici
886 4437 1135 4502 propter
1181 4437 1417 4482 metum
1466 4422 1850 4500 huiusmodi,
1886 4423 2027 4503 quia
2065 4423 2249 4483 iudex
2281 4423 2358 4483 ad
2393 4442 2661 4504 poenam
2696 4422 3015 4502 sanguinis
3046 4435 3252 4504 posset

641 4530 989 4610 procedere,
1039 4529 1115 4589 de
1161 4529 1289 4589 suis
1337 4528 1830 4589 malefactoribus
1874 4528 2071 4590 taliter
2116 4529 2414 4610 conqueri
2464 4548 2590 4590 non
2625 4530 2951 4589 auderent:
3004 4527 3249 4587 daretur

639 4637 950 4721 plerisque
998 4636 1245 4698 materia
1293 4635 1634 4697 trucidandi
1681 4636 1955 4713 eosdem,
2003 4650 2060 4695 et
2091 4635 2371 4717 ipsorum
2405 4638 2571 4697 bona
2603 4636 2789 4697 libere
2825 4633 3253 4717 depraedandi.

1813 4847 2075 4854 -ᾼ--ἡ
