3684 5416
352 1669 400 1700 l0

351 2222 395 2265 ι5

349 3258 398 3301 25

350 3792 403 3836 30

1599 363 1923 418 Ordinatio.
2970 387 3067 443 353

450 547 564 608 nisi
610 568 643 607 a
691 547 870 609 nobis
916 546 1244 628 specialem
1283 548 1593 608 licentiam
1631 547 1868 620 habeat,
1904 548 1994 609 vel
2029 552 2103 610 ab
2139 550 2450 631 episcop0,
2487 551 2562 611 de
2595 551 2772 612 cuius
2806 552 3067 614 dioecesi

447 655 622 715 traxit
672 655 980 735 originem
1026 655 1429 731 ordinanduS,
1478 656 1571 716 vel
1622 657 1683 717 in
1730 656 1906 719 cuius
1940 657 2206 719 dioecesi
2242 658 2644 719 beneficiatus
2678 658 2929 734 exsistit,
2964 677 3070 739 per

449 762 579 822 eius
625 777 899 843 patentes
947 763 1162 835 literas,
1210 781 1459 823 causam
1512 763 1946 825 rationabilem
1994 764 2401 841 continentes,
2451 784 2643 845 quare
2677 764 2880 846 ipsum
2916 765 3070 826 nolit

450 886 551 929 aut
585 885 851 950 nequeat
882 868 1185 931 ordinare.
1251 870 1373 930 Eos
1406 888 1573 946 ver0,
1624 888 1784 949 quos
1816 887 2029 932 contra
2064 871 2396 951 praemissa
2429 871 2748 949 contigerit
2781 871 3071 941 ordinari,

450 994 695 1036 manere
730 976 1022 1037 volumus
1054 978 1286 1056 absque
1318 996 1427 1057 spe
1461 976 1937 1058 dispensationis
1971 997 2159 1058 super
2191 978 2313 1038 hoc
2346 1000 2377 1038 a
2411 978 2555 1039 sede
2590 977 2921 1059 apostolica
2957 979 3056 1038 ob·

450 1082 729 1143 tinendae
781 1102 1140 1163 suspensos,
1190 1102 1259 1144 ac
1310 1083 1668 1146 ordinantes
1723 1084 2101 1165 poenitentia
2154 1086 2464 1164 condigna
2515 1084 2742 1166 puniri,
2775 1085 3070 1146 omnibus

453 1189 673 1249 nostris
705 1190 1185 1270 poenitentiariis
1220 1191 1565 1253 inhibentes
1602 1190 1890 1267 districte,
1926 1211 2005 1252 ne
2039 1194 2274 1273 absque
2307 1190 2548 1253 licentia
2585 1208 2788 1253 nostra
2823 1191 3070 1273 speciali

452 1315 592 1357 cum
645 1297 838 1357 taliter
883 1297 1180 1358 ordinatis
1227 1297 1600 1379 dispensent,
1651 1298 1746 1359 vel
1780 1317 1921 1359 suas
1953 1298 2040 1360 eis
2073 1300 2318 1361 tradant
2350 1298 2564 1375 literas,
2599 1317 2706 1380 per
2737 1318 2895 1378 quas
2927 1317 3067 1359 cum

451 1402 594 1482 ipsis
627 1403 843 1464 debeat
876 1402 1233 1483 dispensari.

1092 1647 1218 1703 129.
1275 1648 1743 1703 BONIFAGIUS
1786 1649 1957 1704 vlu.
1998 1648 2431 1719 (lam—1808).

771 1806 816 1842 c.
861 1806 906 1860 3.
947 1788 1004 1843 in
1040 1789 1153 1844 VI⁰.
1195 1792 1277 1843 De
1316 1796 1473 1860 temp.
1512 1792 1686 1846 ordin.
1725 1797 1781 1844 et
1814 1793 2001 1861 qualit.
2031 1792 2314 1845 ordinanti.
2356 1792 2393 1849 l.
2434 1810 2481 1861 9.

664 1916 694 1948 ’⁸‘
736 1915 895 1987 Corp.
919 1917 1024 1968 ίαν.
1052 1933 1172 1969 can.
1202 1914 1290 1970 ed.
1331 1915 1372 1969 F
1390 1914 1446 1969 ri
1464 1932 1494 1969 e
1512 1915 1547 1969 d
1569 1918 1601 1970 b
1621 1933 1651 1970 e
1669 1933 1695 1968 r
1711 1932 1764 1986 g.
1792 1917 1967 1970 Torn.
1998 1916 2058 1971 11.
2099 1915 2209 1971 col.
2236 1933 2358 1988 975.

453 2038 770 2110 Episcopus
798 2038 1051 2109 originiS,
1078 2038 1370 2109 domicilii,
1405 2039 1494 2094 vel
1520 2038 1888 2096 ecclesiastici
1919 2039 2180 2096 beneficii
2207 2039 2713 2095 commendatitias
2742 2040 2816 2095 ad
2844 2039 3072 2096 ordines

455 2117 587 2172 dare
614 2130 827 2189 potest,
852 2117 1150 2173 inferiores
1179 2119 1415 2190 praelati
1440 2136 1582 2183 non,
1611 2118 1715 2174 nisi
1742 2136 1812 2176 ex
1839 2119 2161 2192 privilegi03
2189 2138 2296 2175 nec
2322 2118 2595 2176 officiales
2626 2119 3069 2191 episcoporum3

453 2198 554 2252 sed
579 2197 615 2252 ii
641 2198 738 2270 qui
765 2199 979 2254 habent
1005 2198 1560 2255 administrationem
1587 2199 1982 2271 spiritualium,
2007 2199 2125 2254 illas
2151 2200 2295 2254 bene
2320 2200 2664 2255 concedunt.
2696 2230 2762 2238 —-
2792 2202 2826 2267 ς’
2859 2219 2894 2253 ι.
2928 2201 3070 2253 Pos-

452 2291 585 2334 sunt
624 2278 879 2351 episcopi
918 2280 1183 2335 ordinare
1225 2280 1444 2352 priores
1485 2281 1845 2353 prioratuum
1887 2298 2008 2336 non
2037 2293 2459 2352 exemptorum,
2486 2292 2543 2334 et
2570 2279 2828 2351 ipsorum
2856 2279 3067 2342 socios‘,

649 2359 924 2433 quamdiu
955 2372 1254 2416 morantur
1278 2360 1335 2415 in
1362 2360 1481 2422 illis,
1509 2361 1639 2417 licet
1664 2361 1795 2417 inde
1825 2378 1946 2416 non
1976 2359 2185 2416 fuerint
2212 2359 2454 2416 oriundi.
2494 2360 2691 2414 Ioann.
2719 2360 2896 2415 Andr.

665 2474 889 2550 Quum
938 2475 1148 2536 nullus
1196 2475 1485 2536 clericum
1533 2476 1858 2556 parochiae
1903 2474 2171 2535 aliaenae
2221 2489 2457 2556 praeter
2504 2474 2840 2553 superioris
2885 2474 3075 2556 ipsius

452 2581 755 2642 licentiam
805 2583 1022 2643 debeat
1069 2582 1390 2643 ordinare:
1441 2581 1719 2662 superior
1764 2581 2127 2662 intelligitur
2176 2580 2238 2641 in
2288 2580 2407 2641 hoc
2438 2598 2580 2640 casu
2616 2578 2962 2660 episcopus,
2998 2580 3073 2640 de

455 2689 631 2751 cuius
676 2689 940 2751 dioecesi
989 2705 1076 2750 est
1116 2689 1186 2764 is,
1222 2689 1331 2769 qui
1365 2688 1441 2750 ad
1476 2688 1725 2751 ordines
1760 2688 2116 2771 promoveri
2149 2687 2469 2763 desiderat,
2501 2686 2827 2760 oriundus,
2864 2706 2972 2748 seu
3010 2686 3070 2747 in

455 2796 630 2857 cuius
674 2796 941 2857 dioecesi
991 2797 1368 2858 beneficium
1416 2797 1650 2859 obtinet
1681 2796 2179 2872 ecclesiasticum,
2215 2815 2326 2856 seu
2363 2796 2561 2869 habet,
2598 2793 2756 2868 (licet
2787 2795 2927 2855 alibi
2965 2814 3072 2855 na-

451 2917 552 2963 tus
597 2902 818 2980 fuerit‚)
866 2902 1252 2972 domicilium
1301 2904 1366 2965 in
1414 2905 1649 2965 eadem.
1716 2903 2038 2965 Inferiores
2087 2922 2342 2983 quoque
2380 2902 2643 2983 praelati,
2678 2901 2943 2981 religiosi
2978 2900 3072 2961 vel

453 3011 568 3089 alii,
617 3011 731 3072 nisi
778 3011 882 3086 eis,
927 3012 1101 3091 quod
1148 3030 1294 3073 suos
1342 3012 1597 3074 clericos
1629 3028 1734 3074 aut
1765 3012 2045 3073 subditos
2079 3011 2315 3091 possint
2345 3032 2377 3070 a
2412 3029 2542 3091 quo
2576 3009 2884 3071 voluerint
2916 3009 3072 3090 epis-

455 3138 617 3198 copo
651 3118 845 3180 facere
879 3119 1168 3196 ordinari,
1209 3141 1242 3180 a
1274 3121 1419 3182 sede
1453 3119 1786 3201 apostolica
1820 3119 2160 3199 specialiter
2192 3119 2267 3180 sit
2300 3117 2636 3193 indultum,
2668 3118 2761 3179 vel
2797 3117 3074 3180 officialis

456 3225 747 3306 episcopi,
791 3245 988 3305 quum
1022 3226 1098 3286 ad
1133 3227 1252 3287 hoc
1285 3246 1348 3287 se
1382 3226 1573 3306 ipsius
1607 3224 1881 3286 officium
1919 3243 2048 3284 non
2082 3224 2386 3297 extendat,
2437 3222 2801 3285 huiusmodi
2839 3243 3073 3304 neque-

457 3347 567 3392 unt
598 3331 907 3393 licentiam
939 3333 1253 3413 impartiri.
1317 3333 1633 3413 Episcopo
1667 3348 1873 3391 autem
1909 3330 1973 3390 in
2009 3329 2260 3390 remotis
2293 3344 2532 3407 agente,
2577 3330 2769 3410 ipsius
2802 3329 2865 3390 in
2898 3330 3075 3409 spiri-

454 3440 722 3500 tualibus
756 3440 1015 3501 vicarius
1047 3440 1364 3518 generalis,
1398 3440 1514 3514 vel,
1550 3439 1695 3498 sede
1719 3454 1987 3509 vacante,
2011 3437 2371 3517 capitulum,
2395 3458 2502 3498 seu
2529 3439 2594 3512 is,
2619 3438 2693 3498 ad
2717 3458 2905 3516 quem
2928 3456 3077 3499 tunc

454 3546 748 3627 temporis
792 3546 1241 3607 administratio
1289 3545 1700 3626 spiritualium
1750 3543 2024 3604 noscitur
2057 3544 2382 3624 pertinere,
2417 3545 2559 3604 dare
2597 3560 2856 3624 possunt
2886 3543 3074 3604 licen-

454 3652 601 3712 tiam
635 3652 980 3714 ordinandi.
1044 3662 1073 3721 S
1132 3673 1178 3713 ι.
1229 3651 1523 3732 Religiosi
1573 3670 1738 3726 vero,
1785 3672 1817 3711 a
1865 3652 1992 3711 suis
2042 3650 2469 3731 superioribus
2517 3650 2578 3710 in
2614 3669 2745 3711 non
2780 3650 3076 3731 exemptis

457 3761 824 3841 prioratibus
863 3759 1151 3841 deputati,
1203 3760 1441 3841 priores
1475 3773 1533 3820 et
1566 3776 1786 3819 eorum
1819 3757 1969 3818 socii
2003 3773 2264 3838 possunt
2299 3777 2329 3817 a
2367 3758 2649 3818 locorum
2683 3758 3076 3835 dioecesanis,

458 3869 756 3948 quamdiu
807 3884 1128 3930 morantur
1177 3868 1242 3929 in
1294 3868 1440 3948 ipsis
1491 3866 1877 3948 prioratibus,
1932 3864 2203 3927 ordinari
2247 3865 2425 3939 licite,
2474 3864 2608 3924 licet
2656 3884 2783 3924 non
2831 3865 2950 3925 sint
3000 3867 3075 3926 de

458 3995 678 4038 eorum
710 3974 1093 4036 dioecesibus
1130 3974 1401 4036 oriundi.

1113 4348 1187 4403 Ρ)
1225 4345 1410 4398 Ritus
1447 4352 1509 4400 et
1546 4343 1940 4397 conditiones
1978 4341 2419 4397 ordinationis.

1065 4524 1190 4578 130.
1244 4520 1889 4577 CONSTITUTIONES
1931 4520 2471 4576 APOSTOLICAE.

1552 4666 1598 4719 L
1616 4664 1631 4718 i
1648 4666 1682 4718 b
1703 4682 1732 4718 e
1750 4682 1775 4717 r
1813 4665 1866 4717 V
1881 4664 1931 4718 11
1946 4663 1983 4721 Ι.

675 4794 700 4822 *
743 4792 973 4854 Pitra‚
1018 4793 1176 4862 fieris
1213 4794 1568 4845 ecclesiastici
1594 4807 1933 4860 graecorum
1960 4789 2189 4843 historia
2215 4794 2270 4842 et
2288 4796 2575 4844 momenta.
2620 4789 2837 4842 Romae
2876 4787 3071 4856 1864--

468 4874 616 4931 1868.
656 4874 827 4928 Tom.
870 4873 909 4930 Ι.
948 4890 1002 4945 p.
1034 4873 1267 4945 54—60.
1341 4873 1435 4926 La
1455 4872 1716 4942 garde,
1759 4871 2177 4924 Constitutmnes
2216 4874 2601 4939 apostolorum.
2662 4867 2893 4938 Leipzig
2930 4867 3076 4922 1862.

461 4973 516 5026 p.
544 4957 643 5010 262
675 4972 793 5026 seq.
846 4955 1076 5016 Funk‚
1116 4957 1217 5007 Die
1243 4953 1635 5024 apostolisclten
1667 4954 2115 5005 Konstitutzbmm.
2155 4949 2521 5020 Rottenburg
2557 4949 2703 5018 1891.
2746 4966 2799 5018 p.
2838 4966 2928 5020 ¹32
2959 4966 3078 5019 seq.

676 5063 715 5106 G
735 5064 971 5104 alante:
1017 5062 1183 5105 Fontes
1214 5061 1294 5106 iur.
1325 5074 1420 5104 can.
2728 5053 2792 5106 23
