3684 5416
388 1557 441 1588 10

378 2628 439 2658 20

380 3697 436 3740 30

378 4233 434 4276 35

383 4766 440 4805 40

1461 403 1712 462 Ecclesia
1740 402 2148 476 antiquissima.

3039 427 3099 464 21

1561 637 1617 691 5.
1661 633 2043 691 marmus,
2085 712 2092 715 ¹

713 754 740 782 ‘
768 754 823 807 M
841 752 858 807 i
874 770 913 825 g
928 771 965 808 n
981 771 1012 808 e
1029 796 1043 821 ‚
1072 756 1222 808 Patr.
1248 755 1356 809 Gr.
1376 753 1469 822 VI,
1496 750 1626 822 (col.
1651 758 1966 825 327—440).
1995 750 2047 805 O
2064 762 2166 804 tto
2183 791 2195 813 ,
2225 751 2436 821 Corpus
2455 754 2882 825 Apologetarum
2905 757 3107 811 Clm'st.

497 852 640 887 saec.
667 833 727 887 11.
779 834 915 888 ,lena
955 833 1101 906 1876.
1133 833 1171 887 1.
1207 836 1321 903 184.
1374 834 1420 887 K
1440 838 1520 887 ru
1537 849 1574 896 a
1592 848 1622 886 e
1639 847 1690 890 r.
1718 832 2046 900 Sammlung
2073 831 2473 899 ausgea·‹‘1'l1lter
2495 832 2740 887 kirchen·
2770 852 2822 887 u.
2848 836 3107 905 dogmcm-

494 914 951 983 geschiclttlicher
989 915 1493 985 Quellenscltrfften
1518 918 1615 967 etc.
1644 909 1783 965 Heft
1812 909 1849 962 1.
1877 908 2154 980 Freiburg
2181 928 2233 964 u.
2264 908 2497 983 Leipzig
2531 912 2662 983 1896
2673 918 2704 965 ἵ.
2733 914 2785 968 H
2801 931 2833 967 a
2852 928 2930 969 rn
2946 933 2978 969 a
2996 933 3026 970 c
3044 916 3106 983 k,

500 995 802 1049 Altchrt‘stl.
831 997 993 1050 Liter.
1022 995 1062 1049 1.
1088 1012 1254 1067 99-—1
1278 1012 1353 1064 ¹4
1403 994 1481 1049 ld
1497 1010 1528 1048 e
1546 1010 1604 1047 m
1620 1033 1638 1061 ,
1675 993 1779 1046 Die
1811 988 2260 1061 Ueherlieferung
2297 991 2398 1046 der
2415 992 2627 1062 griech.
2653 996 2983 1066 Apologeten
3007 1003 3105 1052 etc.

501 1076 685 1133 (Texta
709 1094 761 1128 u.
795 1075 1149 1140 Untcrs.1,1.
1178 1091 1231 1145 p.
1270 1078 1579 1146 130—195.)
1622 1069 2218 1138 Bardenbewer,
2259 1071 2294 1139 ξ
2332 1089 2405 1142 ¹7·
2451 1072 2770 1128 Wehofe
2789 1092 2843 1144 r,
2869 1075 2925 1130 in
2953 1080 3104 1131 Rc‘im.

498 1154 966 1225 Quartalschrfft,
994 1154 1489 1226 Ergtfnfungsheft
1521 1151 1613 1208 VI.

1194 1300 1595 1384 Apologia
1642 1297 1663 1358 I
1712 1315 1854 1379 pro
1902 1297 2410 1361 Christianis·

588 1429 688 1496 67.
722 1422 957 1506 Ἱ-Ιμεῑς
989 1424 1070 1487 δὲ
1102 1425 1270 1507 μετὰ
1302 1426 1515 1487 ταῦτα
1534 1421 1772 1485 λοιπὸν

1926 1426 2030 1493 67.
2091 1425 2182 1486 Ex
2229 1426 2335 1488 illo
2367 1443 2646 1510 tempore
2686 1430 2833 1492 haec
2864 1450 3109 1513 semper

498 1530 603 1594 ἀεὶ
635 1529 888 1595 τούτων
922 1531 1262 1611 ἀλλήλους
1285 1529 1769 1613 ἀναμιμνήσκο·
1833 1532 2013 1593 nobis
2064 1533 2327 1595 invicem
2363 1535 2426 1596 in
2460 1538 2824 1599 memoriam
2858 1558 3106 1600 revoca-

497 1660 640 1720 μεν·
673 1639 786 1702 καὶ
819 1639 883 1701 οἱ
904 1639 1174 1719 ἔχοντες
1193 1643 1336 1716 τοῖς
1353 1638 1770 1720 λειπομένοις

495 1747 698 1808 πᾶσιν
736 1748 1244 1828 έπικουροῦμεν,
1291 1744 1403 1807 καὶ
1436 1743 1772 1825 σύνεσμεν

497 1852 814 1930 ἀλληλοις
835 1852 959 1916 ἀεί.
1000 1852 1143 1915 Ἐπὶ
1164 1852 1330 1915 πᾶσί
1349 1874 1424 1917 τε
1442 1851 1548 1930 οἷς
1567 1867 1769 1930 προσ-

496 1958 871 2043 φερόμεθα,
894 1961 1314 2042 εὐλογοῦμεν
1334 1959 1453 2021 τὸν
1473 1958 1772 2037 Ποιητὴν

416 2093 435 2123 ς
495 2067 626 2127 τῶν
685 2067 952 2129 πάντων
1001 2066 1117 2128 διὰ
1163 2069 1285 2129 τοῦ
1336 2066 1495 2130 Υἱοῦ
1559 2067 1771 2129 αὺτοῦ

499 2173 724 2250 Ἰησοῦ
758 2174 1060 2252 Χριστοῦ
1090 2173 1202 2237 καὶ
1237 2173 1353 2236 διὰ
1372 2172 1774 2255 Πνεύματος

494 2282 614 2342 τοῦ
659 2279 878 2359 ἁγίου.
929 2280 1044 2343 καὶ
1090 2284 1167 2361 τῇ
1202 2283 1324 2344 τοῦ
1359 2280 1552 2358 ἡλίου
1585 2281 1772 2359 λεγο-

496 2387 656 2467 μένῃ
705 2388 925 2469 ἡμέρᾳ
962 2388 1232 2450 πάντων
1260 2388 1440 2451 κατὰ
1470 2388 1700 2465 πόλεις
1731 2387 1773 2467 ἢ

496 2493 764 2573 ἀγροὺς
808 2495 1148 2576 μενόντων
1195 2495 1298 2559 ἐπὶ
1343 2495 1422 2558 τὸ
1462 2495 1631 2558 αὐτὸ
1665 2510 1772 2556 συ-

493 2602 802 2679 νέλευσις
831 2601 1106 2681 γίνεται,
1138 2601 1252 2665 καὶ
1284 2603 1371 2665 τὰ
1398 2606 1772 2684 ἀπομνημο-

491 2707 792 2791 νεύματα
822 2711 954 2772 τῶν
986 2710 1409 2784 ἀποστόλων,
1444 2711 1484 2789 ἦ
1516 2711 1601 2773 τὰ
1619 2726 1774 2789 συγ-

492 2817 854 2897 γράμματα
896 2817 1029 2879 τῶν
1059 2817 1424 2899 προφητῶν
1456 2814 1773 2895 ἀναγινώ-

492 2935 744 3004 σκεται,
787 2923 1015 3006 μέχρις
1062 2925 1361 3003 ἐγχωρεῖ.
1415 2921 1581 2985 Εἶτα
1613 2943 1774 2986 παυ-

495 3029 796 3110 σαμένου
858 3033 981 3092 τοῦ
1045 3027 1670 3111 ἀναγινώσκοντος,
1734 3029 1776 3091 ὁ

412 3162 431 3196 ς
496 3135 850 3213 προεστὼς
881 3134 998 3198 διὰ
1027 3136 1245 3216 λόγου
1267 3136 1386 3215 τὴν
1404 3135 1774 3199 νουθεσίαν

492 3241 604 3302 καὶ
643 3242 1014 3323 πρόκλησιν
1053 3246 1175 3323 τῆς
1206 3245 1338 3306 τῶν
1368 3244 1596 3306 καλῶν
1627 3243 1771 3330 τού-

490 3368 624 3409 των
645 3349 981 3431 μιμήσεως
1012 3355 1313 3414 ποιεῖται.
1339 3349 1621 3412 Ἔπειτα
1642 3353 1771 3413 ἀνι-

493 3457 801 3536 στάμεθα
848 3460 1038 3538 κοινῇ
1089 3458 1355 3534 πάντες,
1406 3458 1513 3536 χαὶ
1565 3458 1771 3537 εῦχὰς

492 3564 861 3646 πέμπομεν·
893 3565 1006 3627 καὶ
1040 3565 1135 3643 ὡς
1170 3566 1579 3647 προέφημεν,
1612 3586 1771 3627 παυ·

496 3672 810 3750 σαμένων
871 3672 1054 3753 ἡμῶν
1102 3675 1221 3750 τῆς
1273 3673 1496 3751 εὐχῆς,
1561 3674 1771 3749 ἄρτος

493 3777 955 3858 προσφέρεται
999 3779 1111 3841 καὶ
1158 3779 1345 3856 οἶνος
1389 3778 1503 3841 καὶ
1546 3778 1767 3857 ὕδωρ·

492 3883 605 3945 καὶ
653 3885 693 3945 ὁ
741 3885 1093 3962 προεστὼς
1139 3888 1346 3964 εὐχὰς
1378 3887 1630 3968 ὁμοίως
1660 3886 1772 3948 καὶ

498 3991 962 4069 εὐχαριστίας,
1027 3994 1158 4071 ὅση
1225 3992 1507 4075 δύναμις
1570 3995 1774 4075 αὐτῷ,

496 4099 889 4178 ἀναπέμπει,
934 4100 1050 4162 καὶ
1097 4100 1137 4160 ὁ
1191 4100 1365 4178 λαὸς
1410 4104 1776 4181 ἐπευφημεῖ

499 4205 721 4284 λέγων
751 4206 828 4267 τὸ
866 4207 1098 4288 Ἀμην·
1121 4207 1235 4270 καὶ
1271 4207 1309 4286 ἡ
1332 4206 1646 4285 διάδοσις
1664 4209 1777 4270 καὶ

497 4312 536 4390 ἡ
561 4314 939 4396 μετάληψις
965 4313 1101 4377 ἀπὸ
1121 4316 1252 4377 τῶν
1271 4316 1780 4394 εὐχαριστηθέν-

498 4440 631 4481 των
687 4419 954 4502 ἑκάστῳ
1003 4421 1274 4500 γίνεται,
1336 4422 1448 4483 καὶ
1505 4426 1646 4499 τοίς
1697 4423 1777 4482 οῦ

494 4529 798 4604 παροῦσι
845 4527 962 4590 διὰ
1008 4529 1136 4589 τῶν
1181 4528 1519 4591 διακόνων
1549 4529 1782 4610 πέμπε-

500 4654 621 4695 ται.
677 4632 761 4695 Οἱ
796 4636 1253 4712 εὐποροῦντες
1285 4633 1365 4696 δὲ
1394 4635 1506 4697 καὶ
1546 4635 1780 4720 βουλό-

502 4760 706 4821 μενοι,
728 4739 909 4803 κατὰ
927 4740 1328 4820 προαίρεσιν
1349 4741 1643 4819 ἕκαστος
1662 4742 1781 4822 τὴν

498 4846 770 4921 ἑαυτοῦ,
806 4846 846 4909 ὃ
886 4847 1199 4933 βούλεται
1233 4847 1502 4911 δίδωσι.
1550 4850 1662 4911 καὶ
1698 4849 1774 4911 τὸ

498 4952 1003 5035 συλλεγόμενον
1047 4956 1236 5033 παρὰ
1282 4957 1371 5037 τῷ
1404 4959 1772 5034 προεστῶτι

1827 1659 2004 1713 mus;
2059 1657 2117 1701 et
2167 1641 2276 1720 qui
2324 1642 2642 1720 habemus,
2687 1644 3105 1724 indigentibus

1827 1746 2121 1807 omnibus
2153 1748 2576 1827 subvenimus,
2611 1766 2669 1811 et
2700 1771 2940 1834 semper
2984 1772 3104 1813 una

1827 1872 2061 1916 sumuS.
2111 1859 2318 1935 Atque
2351 1856 2414 1916 in
2448 1858 2743 1919 omnibus
2777 1859 3103 1921 oblationi-

1828 1961 1944 2019 bus
1975 1960 2301 2022 laudamus
2331 1979 2669 2026 creatorem
2690 1967 2978 2027 omnium
2999 1986 3106 2048 per

1830 2066 2057 2128 Filium
2103 2066 2233 2145 ejus
2277 2070 2488 2130 Jesum
2531 2071 2849 2133 Christum
2896 2088 2954 2133 et
2999 2093 3105 2153 per

1831 2173 2128 2253 Spiritum
2175 2190 2471 2237 sanctum.
2534 2182 2626 2237 Ac
2659 2179 2821 2255 solis,
2855 2195 2924 2239 ut
2956 2180 3103 2241 dici-

1830 2295 1947 2353 tur,
1979 2281 2078 2341 die
2112 2281 2395 2343 omniurn
2428 2283 2553 2344 sive
2577 2286 2759 2344 urbes
2779 2285 2904 2345 sive
2924 2305 3104 2364 agros

1831 2387 2236 2449 incolentium
2264 2390 2325 2451 in
2354 2392 2628 2452 eundem
2643 2391 2854 2453 locum
2871 2391 2936 2453 fit
2952 2412 3104 2455 con-

1829 2510 2069 2558 ventuS.
2106 2511 2166 2556 et
2194 2498 2636 2559 commentaria
2656 2500 3102 2580 apostolorum,

1829 2616 1934 2661 aut
1995 2602 2214 2683 scripta
2279 2605 2721 2685 prophetarum
2797 2605 3104 2685 leguntur,

1830 2711 2040 2791 quoad
2072 2710 2209 2772 licet
2243 2731 2349 2792 per
2378 2728 2639 2794 tempus.
2703 2715 2958 2788 Deinde,
3001 2715 3105 2776 ubi

1830 2816 2021 2877 lector
2066 2818 2261 2895 desiit,
2311 2819 2360 2879 is
2407 2821 2512 2900 qui
2549 2837 2785 2901 praeest
2818 2822 3104 2883 admoni-

1830 2924 2067 2984 tionem
2117 2925 2316 2986 verbis
2366 2942 2423 2988 et
2473 2929 2970 2990 adhortationem
3028 2929 3106 2989 ad

1831 3051 1926 3091 res
1958 3046 2084 3092 tam
2117 3034 2451 3113 praeclaras
2483 3035 2808 3097 imitandas
2840 3037 3105 3118 suscipit.

1834 3139 2049 3199 Postea
2082 3159 2302 3200 omnes
2335 3142 2520 3203 simul
2552 3144 3009 3223 consurgimuS,
3049 3160 3107 3204 et

1833 3264 2041 3324 preces
2075 3246 2447 3316 emittimus:
2482 3263 2686 3328 atque,
2724 3266 2790 3310 ut
2812 3249 2933 3327 jam
2955 3250 3106 3311 dixi-

1830 3373 1990 3430 mus,
2060 3354 2164 3413 ubi
2226 3355 2520 3416 desiimus
2583 3357 2873 3437 praecari,
2938 3357 3108 3438 panis
3149 3373 3152 3374 ’

1837 3459 2087 3521 affertur
2107 3477 2165 3521 et
2185 3460 2397 3522 vinum
2421 3478 2481 3523 et
2503 3483 2693 3543 aqua:
2730 3480 2787 3524 et
2808 3463 2914 3544 qui
2935 3483 3108 3545 prae-

1834 3584 1942 3645 est,
1976 3586 2183 3649 preces
2218 3585 2276 3631 et
2307 3570 2640 3650 gratiarum
2672 3571 2946 3632 actiones
2965 3570 3109 3631 totis

1828 3676 2059 3736 viribus
2105 3676 2341 3751 emittit,
2390 3692 2449 3737 et
2494 3679 2764 3759 populus
2796 3677 3107 3754 acclamat,

1829 3784 2050 3856 Amen,
2101 3799 2158 3843 et
2209 3803 2447 3862 eorum,
2500 3784 2565 3845 in
2611 3784 2838 3864 quibus
2883 3784 3108 3864 gratiae

1830 3906 1996 3951 actae
2043 3906 2202 3964 sunt,
2249 3891 2596 3951 distributio
2630 3891 2697 3952 fit
2729 3907 2786 3952 et
2818 3910 3108 3952 commu-

1838 3997 2062 4058 nicatio
2099 3998 2434 4077 unicuique
2457 3998 2891 4078 praesentium,
2927 4013 2983 4058 et
3003 4000 3109 4057 ab-

1836 4105 2111 4164 sentibus
2163 4125 2269 4185 per
2316 4106 2611 4165 diaconos
2643 4106 2918 4166 mittitur.
2981 4104 3109 4179 Qui

1837 4212 2156 4271 abundant
2176 4227 2234 4271 et
2254 4212 2487 4290 volunt,
2507 4233 2624 4274 suo
2645 4214 2914 4289 arbitrio,
2938 4211 3109 4292 quod

1840 4318 2107 4397 quisque
2128 4319 2276 4397 vult,
2312 4319 2676 4400 largiuntur,
2713 4336 2770 4379 et
2790 4320 2960 4400 quod
2982 4319 3110 4379 col-

1836 4426 2046 4504 ligitur
2077 4427 2241 4505 apud
2276 4445 2443 4503 eum,
2489 4426 2594 4506 qui
2629 4443 2878 4508 praeest,
2918 4426 3109 4505 depo-

1835 4532 2020 4606 nitur,
2065 4553 2133 4593 ac
2179 4534 2306 4614 ipse
2339 4533 2624 4594 subvenit
2657 4533 2901 4613 pupillis
2933 4549 2990 4593 et
3022 4532 3109 4592 vi-

1837 4640 1995 4717 duis,
2046 4656 2103 4700 et
2150 4642 2220 4701 iis
2267 4642 2372 4720 qui
2421 4641 2519 4701 vel
2550 4643 2631 4701 ob
2665 4642 2974 4716 morbum,
3016 4640 3112 4699 vel

1835 4747 2016 4807 aliam
2049 4750 2130 4809 ob
2168 4767 2418 4808 causam
2452 4764 2650 4826 egent,
2681 4763 2816 4807 tum
2837 4747 3017 4807 etiam
3040 4745 3110 4806 iis

1835 4854 1942 4933 qui
1991 4854 2051 4913 in
2084 4854 2341 4914 vinculis
2374 4871 2519 4914 sunt
2552 4871 2609 4915 et
2641 4853 3110 4914 advenientibus

1833 4980 2084 5042 peregre
2133 4961 2511 5042 hospitibus3
2562 4980 2691 5022 uno
2738 4962 2927 5021 verbo
2973 4980 3110 5021 om-
