3684 5416
376 1601 440 1632 10

376 2133 434 2176 ²¹5

376 2675 438 2708 20

381 3209 437 3253 ²5

386 3743 441 3789 30

386 4278 438 4325 35

1557 436 1730 492 Curia
1768 455 2030 494 romana.
3005 459 3116 512 549⁷

488 619 847 682 stolicarum
894 619 1307 701 expeditione,
1372 620 1658 702 superius
1709 623 2150 704 praescriptam
2196 622 2563 686 divisionem
2612 640 2670 686 et
2714 626 3118 707 partitionem

488 744 633 808 prae
678 725 878 787 oculis
927 727 1243 807 habentes,
1294 746 1432 788 eam
1482 727 1735 789 firmiter
1783 731 2145 806 observent3
2195 750 2266 792 ac
2310 729 2388 792 de
2433 731 2727 794 omnibus
2759 746 2819 794 et
2847 731 3110 812 singulis

488 833 603 896 sibi
637 835 970 917 respective
1003 834 1289 913 subjectis
1320 836 1629 914 Personis,
1666 837 2073 917 Officialibus,
2108 838 2203 899 vel
2227 838 2974 902 Ministiisinviolabiliter
2994 840 3109 901 ob-

488 941 712 1002 servari
781 940 1020 1004 faciant.
1102 943 1177 1005 Et
1236 962 1350 1024 pro
1397 941 1758 1020 hujusmodi
1818 944 2227 1023 observantia,
2278 965 2521 1025 omnes,
2575 960 2634 1008 et
2682 964 3111 1027 quascumque

491 1047 833 1130 petitiones,
878 1063 983 1110 aut
1032 1049 1511 1131 supplicationes
1562 1070 1677 1132 pro
1723 1050 2153 1132 impetratione
2200 1052 2553 1114 Gratiarum
2598 1052 2661 1114 in
2709 1053 3003 1114 alterutro
3036 1071 3109 1114 ex

490 1154 663 1216 dictis
696 1154 934 1217 Officiis
966 1175 1075 1238 per
1108 1156 1563 1235 sollicitatores,
1593 1163 1888 1239 Agentes,
1936 1158 2333 1237 negotiorum
2364 1159 2788 1241 Expeditores,
2822 1175 2928 1221 aut
2957 1158 3110 1221 alios

490 1281 927 1344 quoscumque
977 1278 1190 1326 contra
1237 1263 1637 1345 praescriptae
1689 1263 2004 1344 petitionis
2057 1283 2363 1342 normam,
2435 1266 2641 1327 forsan
2692 1281 3004 1349 porrectas
3052 1280 3113 1327 et

493 1385 923 1448 praesentatas,
976 1390 1088 1431 seu
1119 1371 1650 1451 quandocumque
1683 1371 2089 1452 porrigendas
2121 1388 2180 1433 et
2211 1373 2705 1454 praesentandas,
2741 1373 2814 1433 ad
2847 1373 3112 1434 alterum

489 1495 562 1537 ex
615 1476 833 1537 iisdem
867 1475 1124 1552 Officiis,
1170 1479 1246 1539 ad
1295 1479 1469 1559 quod
1503 1477 1666 1556 juxta
1702 1479 2069 1559 praemissae
2101 1480 2445 1561 partitionis
2476 1479 2937 1556 continentiam,
2969 1498 3109 1561 per-
3150 1493 3156 1499 ·

493 1582 688 1643 tinere
738 1583 1207 1663 dignoscuntur,
1258 1583 1517 1646 fideliter
1562 1585 1846 1665 dirigant,
1895 1601 1954 1646 et
1986 1585 2324 1647 remittant:
2376 1588 2523 1648 Non
2557 1587 2943 1648 obstantibus
2978 1586 3110 1649 aliis

491 1692 998 1772 quibuscumque
1034 1693 1306 1774 ipsarum
1343 1692 1733 1774 petitionum,
1771 1708 1877 1753 aut
1895 1693 2419 1773 supplicationum
2441 1695 2927 1766 remissionibus,
2949 1711 3110 1775 quae

492 1797 699 1860 forsan
747 1801 822 1860 ab
869 1799 990 1861 alio
1045 1800 1326 1880 quolibet
1371 1820 1443 1860 ex
1477 1800 1719 1860 Nostris
1753 1799 2150 1862 Administris
2190 1816 2249 1863 et
2280 1801 2686 1877 Officialibus,
2719 1801 2900 1864 etiam
2934 1821 2967 1862 a
3000 1800 3112 1863 Se-

490 1905 738 1966 cretaria
771 1906 995 1968 Nostra
1042 1907 1400 1989 supplicum
1434 1905 1835 1984 Libellorum,
1882 1924 1952 1967 ac
1985 1907 2217 1968 Nostro
2262 1923 2321 1969 et
2355 1908 2627 1970 Romani
2673 1928 2785 1990 pro
2831 1916 3111 1989 tempore

489 2011 808 2075 Pontificis
843 2013 1122 2086 nomine,
1153 2033 1224 2074 ac
1256 2013 1435 2074 etiam
1471 2033 1504 2074 a
1538 2033 1936 2093 quacumque
1957 2033 2029 2074 ex
2050 2012 2657 2093 Congregationibus
2690 2013 2749 2075 S.
2773 2014 2845 2074 R.
2866 2014 2935 2075 E.
2958 2013 3110 2075 Car-

490 2116 789 2179 dinalium
820 2119 1257 2198 emanaverint,
1290 2120 1386 2180 vel
1417 2135 1683 2181 extortae
1717 2119 1960 2180 fuerint.
2010 2120 2144 2180 Nos
2176 2120 2343 2180 enim
2379 2120 2768 2182 remissiones
2800 2119 3111 2198 ejusmodi

491 2240 706 2285 contra
767 2242 1143 2288 memoratae
1206 2227 1554 2309 partitionis
1617 2227 2060 2308 praescriptum
2126 2228 2605 2308 quomodolibet
2666 2247 2778 2308 pro
2829 2242 3111 2309 tempore

492 2348 818 2410 emanatas,
849 2333 947 2393 vel
977 2335 1275 2413 obtentas,
1298 2334 1416 2395 nisi
1448 2334 1586 2395 illae
1620 2334 1697 2394 de
1729 2333 1976 2413 speciali
2000 2335 2231 2395 Nostro
2263 2349 2366 2395 aut
2386 2333 2832 2395 Successorum
2863 2349 3110 2400 nostro,-

492 2454 630 2497 mm
666 2440 980 2518 mandat0,
1012 2460 1293 2522 expressa
1328 2440 1600 2521 ipsarum
1622 2441 2037 2521 praesentium
2063 2440 2526 2519 derogationem
2546 2440 2920 2518 contineant,
2953 2456 3110 2500 tam-

492 2563 683 2625 quam
715 2564 823 2627 per
854 2566 1125 2609 errorem
1161 2548 1363 2624 factaS,
1404 2546 1528 2608 sive
1563 2567 1671 2628 per
1702 2548 2168 2628 subreptionem
2202 2564 2306 2610 aut
2337 2548 2769 2629 obreptionem
2802 2549 3105 2624 obtentas,

492 2653 567 2713 ab
614 2651 760 2734 ipsis
791 2653 1084 2715 Brevium
1117 2652 1452 2716 Secretario
1502 2668 1688 2737 atque
1720 2653 1993 2734 Datario,
2039 2673 2387 2737 eorumque
2420 2654 2891 2717 Successoribus
2933 2673 3109 2737 prae-

493 2759 686 2838 dictis,
718 2760 982 2822 omnino
1014 2763 1413 2842 spernendas,
1445 2778 1504 2823 et
1536 2763 1889 2825 nullatenus
1921 2763 2321 2826 attendendas
2353 2762 2485 2826 fore
2518 2763 2920 2825 declaramus.

704 2876 735 2936 S
780 2887 871 2930 10.
918 2868 1275 2930 Praesentes
1324 2889 1580 2950 quoque
1633 2869 1887 2932 Litteras
1936 2871 2013 2932 de
2062 2870 2496 2952 subreptionis,
2548 2869 2949 2952 obreptionis,
3002 2884 3108 2930 aut

491 2971 942 3054 cujuscumque
974 2975 1267 3037 nullitatis
1299 2976 1395 3038 vel
1426 2977 1817 3039 invaliditatis
1850 2977 2016 3055 vitio,
2037 2977 2522 3058 intentionisque
2541 2978 2824 3057 Nostrae,
2847 2995 2917 3038 ac
2949 2996 3111 3058 quo-

492 3098 764 3161 cumque
814 3080 933 3142 alio
980 3082 1245 3160 defectu,
1278 3084 1461 3146 etiam
1495 3104 1569 3145 ex
1601 3104 1696 3162 e0,
1728 3085 1901 3166 quod
1934 3086 1997 3147 in
2032 3084 2380 3166 praemissis
2413 3084 2886 3166 quomodolibet
2917 3084 3105 3145 inter-

494 3206 624 3247 esse
676 3189 989 3268 habentes,
1040 3190 1137 3251 vel
1189 3191 1412 3252 habere
1460 3192 1950 3272 praetendentes,
1999 3192 2115 3253 illis
2162 3211 2295 3254 non
2341 3191 2782 3269 consenserint,
2827 3210 2897 3251 ac
2929 3190 3003 3251 ad
3040 3210 3110 3250 ea

492 3293 711 3373 vocati,
758 3311 816 3355 et
863 3295 1056 3357 auditi
1103 3315 1233 3357 non
1279 3296 1526 3375 fuerint,
1574 3298 1671 3358 vel
1719 3317 2123 3379 quocumque
2157 3300 2278 3360 alio
2311 3298 2539 3376 colore,
2573 3314 2902 3380 praetextu,
2934 3316 3112 3359 occa·-

493 3399 689 3478 sione,
731 3401 829 3462 vel
875 3421 1058 3463 causa
1105 3423 1137 3462 a
1184 3421 1445 3483 quoquo
1493 3403 1708 3477 notari,
1740 3403 2110 3483 impugnari,
2144 3404 2207 3464 in
2241 3404 2337 3482 jus
2368 3404 2465 3465 vel
2497 3403 2980 3465 controversiam
3013 3423 3110 3464 re-

493 3508 696 3569 vocari
742 3507 1096 3571 nullatenus
1142 3528 1425 3589 unquam
1470 3528 1671 3590 posse,
1713 3509 1823 3569 sed
1870 3529 1971 3570 eas
2001 3528 2264 3592 semper,
2299 3527 2358 3572 et
2390 3527 2689 3592 perpetuo
2721 3508 2970 3585 validaS,
3006 3508 3111 3568 fir-

493 3634 644 3693 maS,
680 3630 738 3677 et
770 3615 1051 3677 efficaces
1083 3636 1233 3691 esse,
1284 3614 1433 3693 fore,
1466 3635 1742 3696 suosque
1775 3615 2103 3699 plenarios,
2135 3632 2195 3678 et
2225 3617 2499 3697 integros
2532 3616 2784 3677 effectus
2816 3616 3017 3677 sortiri
3051 3632 3110 3679 et

494 3722 789 3800 obtinere,
821 3743 890 3784 ac
924 3725 998 3785 ab
1032 3723 1327 3784 omnibus
1359 3738 1419 3783 et
1450 3722 1725 3804 singulis,
1745 3725 1823 3784 ad
1857 3742 2018 3805 quos
2050 3739 2299 3804 spectat,
2333 3739 2391 3784 et
2422 3723 2715 3804 spectabit
2747 3722 3108 3804 quomodo-

489 3828 636 3891 libet
667 3829 731 3891 in
764 3829 1062 3905 futurum,
1083 3829 1508 3891 inviolabiliter
1540 3831 1880 3892 observari:
1915 3830 2163 3911 Sicque,
2187 3845 2247 3892 et
2278 3848 2405 3891 non
2437 3830 2610 3890 aliter
2641 3829 2704 3891 in
2739 3830 3107 3911 praemissis,

491 3955 598 4016 per
630 3956 1066 4017 quoscumque
1099 3936 1345 3998 Judices
1377 3936 1758 4015 Ordinatios,
1790 3953 1897 3998 aut
1937 3937 2265 4018 Delegatos
2298 3937 2481 3996 etiam
2516 3936 2867 3998 Causarum
2898 3936 3110 3997 Palatii

489 4043 832 4124 Apostolici
863 4043 1217 4119 AuditoreS,
1262 4063 1331 4104 ac
1380 4043 1720 4124 praedictae
1754 4045 1813 4106 S.
1849 4045 1924 4105 R.
1959 4044 2027 4105 E.
2060 4043 2440 4121 Cardinales,
2484 4059 2542 4103 et
2580 4042 2735 4104 alios
2766 4060 3135 4122 quoscum--

489 4169 612 4230 que
660 4150 875 4230 quavis
925 4150 1301 4229 auctoritate,
1351 4167 1410 4211 et
1455 4166 1751 4232 potestate
1801 4151 2147 4229 fungentes,
2196 4165 2255 4211 et
2290 4150 2614 4212 functuros
2647 4150 2882 4210 sublata
2914 4149 3021 4231 eis,
3055 4163 3115 4210 et

496 4274 717 4316 eorum
764 4256 1011 4317 cuilibet
1043 4256 1259 4335 quavis
1291 4256 1463 4340 aliter
1495 4256 1826 4336 judicandi,
1862 4255 2233 4334 declarandi,
2269 4271 2326 4317 et
2359 4255 2796 4337 interpretandi
2829 4255 3113 4318 facultate

488 4359 762 4441 judicari,
816 4362 1106 4424 declarari
1152 4378 1211 4424 et
1261 4363 1639 4444 interpretari
1685 4364 1928 4442 debere,
1967 4378 2026 4425 et
2058 4363 2110 4423 si
2141 4382 2319 4425 secus
2350 4381 2537 4444 super
2568 4363 2683 4441 his,
2716 4384 2749 4423 a
2783 4383 3107 4445 quoquam

488 4469 702 4550 quavis
753 4469 1108 4531 auctoritate
1158 4471 1438 4549 scienter,
1491 4472 1587 4532 vel
1638 4471 1994 4552 ignoranter
2038 4470 2361 4553 contigerit
2409 4470 2704 4550 attentari,
2753 4471 3014 4550 irritum,
3049 4485 3107 4532 et

489 4574 668 4637 inane
702 4576 1115 4640 decernimus.

700 4692 731 4754 s
776 4705 871 4746 11.
921 4684 1069 4745 Non
1117 4682 1499 4745 obstantibus
1545 4684 1925 4765 quibuslibet
1956 4684 2547 4763 ConstitutionibuS,
2595 4699 2656 4745 et
2688 4683 3111 4745 ordinationi-

487 4791 604 4852 bus
636 4792 1029 4874 Apostolicis,
1075 4812 1145 4853 ac
1191 4806 1499 4872 quatenus
1531 4811 1691 4872 opus
1722 4791 1817 4869 sit,
1854 4792 1931 4852 de
1965 4811 2098 4853 non
2130 4794 2411 4855 tollendo
2445 4792 2577 4871 jure
2610 4789 2913 4871 quaesito,
2947 4788 3111 4850 aliis-

488 4918 611 4979 que
643 4899 905 4979 Nostris,
939 4914 998 4961 et
1029 4897 1443 4961 Cancellariae
1465 4898 1858 4981 Apostolicae
1881 4899 2155 4981 ReguliS,
2176 4919 2293 4962 nec
2311 4919 2442 4961 non
2463 4895 3112 4978 Privilegiis,1ndultis,

487 5003 923 5083 Facultatibus‚
972 5021 1033 5068 et
1082 5006 1323 5069 Litteris
1372 5005 1747 5088 Apostolicis
1794 5005 2080 5086 ejusdem
2130 5005 2192 5069 S.
2243 5007 2317 5069 R.
2353 5006 2424 5068 E.
2459 5003 2774 5067 Cardinali
2823 5003 3116 5067 Brevium
