3684 5416
523 1524 572 1555 10

526 2057 571 2100 ¹5

524 2591 578 2623 20

524 3659 574 3701 30

525 4192 573 4237 35

626 366 724 420 302
1253 347 1518 401 Potestas
1568 345 1946 401 ecclesiastica
1987 357 2043 400 et
2079 344 2381 413 imperium
2422 344 2597 399 civile.

839 529 1239 611 Quapropter
1259 529 1698 591 Sanctissitnus
1723 529 1894 589 Pater
1915 528 1979 588 in
2003 527 2614 608 plenipotentiarium
2636 528 2836 590 Suum
2872 530 3237 591 nominavit:

626 636 1201 698 Eminentissimum
1255 636 1601 697 Dominum
1637 634 2006 696 Michae'lem
2041 634 2256 696 Sacrae
2291 636 2608 696 Romanae
2645 636 2948 697 Ecclesiae
2980 637 3239 719 Presby-

623 761 822 805 terum
873 742 1267 806 Cardinalem
1301 742 1698 820 Viale-Prela,
1747 741 2025 817 eiusdem
2072 740 2416 802 Sanctitatis
2464 741 2625 805 Suae
2672 759 2729 804 et
2774 742 3032 804 Sanctae
3065 744 3240 805 Sedis

624 851 788 931 apud
843 849 1175 931 praefatam
1229 850 1651 932 Apostolicam
1702 848 2084 926 Maiestatem
2137 849 2623 927 Pro-Nuntium,
2674 865 2732 911 et
2765 850 3050 929 Maiestas
3096 850 3240 929 Sua,

626 956 962 1037 Imperator
1001 956 1298 1033 Austriae‚
1328 956 1759 1018 Celsissimum
1793 955 2146 1016 Dominum
2177 956 2521 1036 Josephum
2554 956 2931 1018 Otbmarum
2964 957 3041 1017 de
3074 957 3240 1019 Rau-

625 1063 821 1139 scher,
847 1062 1193 1144 Principem
1216 1063 1769 1144 Archiepiscopum
1793 1062 2235 1138 Viennensem,
2259 1062 2431 1124 Solio
2456 1063 2776 1124 Pontificio
2800 1064 3240 1140 Adsistentem,

626 1170 911 1231 Caesarei
947 1170 1247 1232 Austriaci
1268 1170 1523 1231 Ordinis
1546 1169 1916 1252 Leopoldini
1942 1169 2287 1231 Praelatum
2320 1186 2376 1231 et
2411 1189 2672 1248 magnae
2693 1171 2912 1233 Crucis
2932 1173 3242 1252 Equitem,

630 1297 741 1337 nec
775 1296 904 1340 non
938 1276 1213 1355 eiusdem
1251 1277 1581 1355 Maiestatis
1613 1280 1949 1340 Caesareae
1983 1300 2015 1338 a
2049 1278 2320 1339 consiliis
2353 1278 2603 1340 intimis.

844 1383 973 1459 Qui
1027 1399 1164 1465 post
1210 1385 1685 1466 plenipotentiae
1718 1385 1866 1466 ipsis
1900 1385 2151 1446 collatae
2186 1385 2591 1447 instrumenta
2627 1400 2849 1446 mutuo
2883 1386 2999 1446 sibi
3029 1387 3241 1447 tradita

629 1508 813 1571 atque
847 1492 1157 1571 recognita
1191 1493 1269 1553 de
1302 1492 1709 1573 sequentibus
1740 1507 2199 1554 convenerunt:

841 1604 971 1660 Art.
1006 1599 1045 1659 1.
1111 1598 1351 1679 Religio
1384 1599 1680 1660 catholica
1714 1599 2075 1681 Apostolica
2098 1601 2381 1661 Romana
2414 1600 2476 1661 in
2507 1615 2640 1661 toto
2663 1600 2946 1661 Austriae
2978 1599 3241 1679 Imperio

628 1723 686 1766 et
718 1705 994 1784 singuliS‚
1030 1706 1259 1787 quibus
1292 1706 1688 1768 constituitur
1719 1705 2081 1783 ditionibu3‚
2130 1721 2287 1767 sarta
2320 1722 2470 1767 tecta
2505 1706 2967 1767 conservabitur
2997 1724 3242 1787 semper

630 1833 772 1875 cum
810 1813 882 1874 iis
915 1811 1151 1889 iuribus
1183 1828 1240 1873 et
1272 1812 1724 1892 praerogativiS,
1760 1811 1988 1892 quibus
2023 1812 2140 1873 frui
2172 1814 2352 1875 debet
2386 1833 2458 1874 ex
2481 1814 2597 1875 Dei
2630 1813 3019 1874 ordinatione
3051 1829 3110 1874 et
3141 1832 3240 1873 ca-

630 1919 872 1981 nonicis
903 1919 1345 1980 sanctionibus.

846 2033 976 2087 Art.
1010 2027 1075 2088 11.
1140 2027 1308 2088 Cum
1342 2028 1665 2087 Romanus
1697 2025 1979 2088 Pontifex
2028 2027 2361 2107 primatum
2395 2043 2517 2087 tam
2552 2028 2809 2088 honoris
2843 2046 3032 2107 quarn
3064 2026 3243 2105 iuris-

631 2133 916 2195 dictionis
948 2133 1009 2194 in
1046 2132 1412 2209 universam,
1445 2152 1567 2214 qua
1599 2134 1715 2194 late
1750 2148 1929 2215 patet,
1969 2134 2298 2195 Ecclesiam
2335 2132 2464 2212 iure
2497 2134 2708 2195 divino
2739 2134 3031 2211 obtineat,
3068 2134 3240 2215 Epis-

632 2259 954 2322 coporum,
987 2240 1149 2301 Cleri
1194 2256 1252 2301 et
1298 2241 1514 2322 populi
1561 2257 1776 2302 mutua
1817 2260 1963 2301 cum
1998 2241 2218 2302 Sancta
2252 2241 2410 2302 Sede
2444 2241 2928 2303 communicatio
2961 2241 3025 2302 in
3058 2244 3242 2303 rebus

632 2346 1047 2427 spiritualibus
1094 2362 1153 2407 et
1201 2346 1461 2428 negotiis
1506 2347 1927 2409 ecclesiasticis
1975 2347 2127 2409 nulli
2160 2349 2467 2429 placetum
2502 2349 2743 2428 regium
2776 2348 3099 2409 obtinendi
3135 2366 3241 2408 ne-

633 2453 891 2513 cessitati
925 2452 1175 2529 suberit,
1210 2454 1314 2513 sed
1352 2472 1604 2535 prorsus
1635 2453 1823 2515 libera
1857 2454 1984 2515 erit.

847 2566 976 2623 Art.
1009 2560 1101 2621 111.
1157 2560 1641 2641 Archiepiscopi,
1679 2561 1967 2643 Episcopi
2014 2581 2359 2642 omnesque
2404 2562 2689 2624 locorum
2737 2562 3048 2623 Ordinarii
3097 2580 3241 2622 cum

631 2666 820 2728 Clero
866 2682 925 2729 et
972 2668 1209 2750 populo
1261 2668 1629 2731 dioecesano
1663 2688 1775 2751 pro
1807 2687 2068 2731 munere
2100 2668 2285 2731 officii
2319 2669 2639 2752 pastoralis
2670 2670 2857 2731 libere
2888 2669 3243 2732 communi-

634 2777 880 2853 cabunt,
912 2776 1098 2837 libere
1131 2776 1273 2837 item
1310 2797 1453 2838 suas
1485 2776 1561 2837 de
1594 2779 1778 2837 rebus
1811 2776 2229 2839 ecclesiasticis
2263 2778 2699 2839 instructiones
2732 2793 2791 2838 et
2820 2777 3243 2839 ordinationes

594 2875 600 2879 ’
633 2881 1054 2962 publicabunt.

849 2995 977 3051 Art.
1015 2988 1117 3051 IV.
1170 2992 1664 3073 Archiepiscopis
1711 3007 1769 3052 et
1803 2991 2125 3074 Episcopis
2170 2993 2233 3054 id
2266 3011 2525 3074 quoque
2559 3012 2748 3056 omne
2783 3011 3062 3053 exercere
3094 2992 3245 3052 libe-

635 3117 771 3158 rum
807 3097 934 3174 erit,
967 3098 1139 3177 quod
1176 3117 1287 3179 pro
1321 3096 1620 3177 regimine
1657 3097 2054 3159 Dioecesium
2086 3099 2212 3160 sive
2246 3119 2319 3160 ex
2353 3098 2761 3162 declaratione
2793 3100 2920 3160 sive
2941 3119 3014 3160 ex
3035 3097 3243 3179 dispo-

630 3203 848 3264 sitione
893 3222 1214 3265 sacrorum
1245 3202 1587 3265 Canonum
1625 3203 1788 3281 iuxta
1824 3220 2211 3286 praesentem
2242 3223 2301 3267 et
2331 3227 2363 3266 a
2399 3189 2619 3267 Sancta
2652 3206 2809 3267 Sede
2842 3207 3243 3287 adprobatam

632 3299 937 3371 Ecclesiae
970 3309 1360 3392 disciplinam
1392 3311 1539 3392 ipsis
1571 3312 1889 3392 competit,
1922 3331 1992 3373 ac
2024 3314 2412 3393 praesertim:

703 3417 775 3493 a)
812 3409 1104 3498 VicarioS‚
1155 3415 1559 3481 Consiliarios
1606 3434 1664 3479 et
1709 3417 2021 3496 adiutores
2073 3420 2630 3482 administrationis
2680 3439 2826 3481 suae
2877 3418 3245 3480 constituere

806 3524 1262 3604 ecclesiasticos,
1298 3541 1713 3607 quoscunque
1746 3527 1824 3587 ad
1858 3527 2163 3606 praedicta
2196 3528 2398 3589 officia
2432 3529 2696 3589 idoneos
2732 3527 3144 3603 iudicaverint.

707 3633 776 3707 b)
810 3633 908 3693 Ad
939 3646 1168 3694 statum
1204 3633 1547 3695 clericalem
1580 3637 1893 3694 assumere
1926 3649 1985 3694 et
2019 3634 2092 3693 ad
2126 3654 2331 3694 sacros
2370 3636 2621 3695 ordines
2655 3635 3003 3695 secundum
3035 3634 3243 3695 Cano·

809 3759 920 3800 nes
967 3759 1360 3820 promovere,
1406 3760 1567 3821 quos
1615 3740 1991 3802 necessarios
2036 3757 2143 3803 aut
2188 3741 2365 3803 utiles
2400 3741 2800 3804 Dioecesibus
2845 3740 2973 3802 suis
3014 3740 3243 3802 iudica-

808 3847 1023 3927 verint,
1059 3862 1117 3909 et
1149 3868 1181 3908 e
1215 3847 1541 3924 contrari0,
1579 3865 1741 3927 quos
1762 3848 2056 3927 indignos
2072 3848 2447 3924 censuerint,
2481 3870 2511 3909 a
2534 3848 2928 3929 susceptione
2949 3847 3242 3908 ordinum

808 3973 1028 4015 arcere.

710 4065 774 4134 c)
813 4061 1114 4121 Beneficia
1163 4061 1402 4121 minora
1451 4061 1679 4139 erigere
1729 4077 1912 4141 atque
1959 4061 2192 4123 collatis
2240 4081 2383 4123 cum
2417 4064 2711 4125 Caesarea
2747 4060 3061 4139 Maiestate
3093 4078 3242 4121 con-

807 4166 975 4244 siliis,
1023 4166 1377 4246 praesertim
1409 4186 1522 4247 pro
1555 4167 1945 4227 convenienti
1981 4169 2296 4229 redituum
2329 4169 2757 4248 assignatione,
2796 4167 3117 4228 parochias
3149 4167 3241 4227 in-

809 4274 1075 4348 stituere,
1107 4273 1375 4333 dividere
1410 4273 1504 4333 vel
1540 4274 1735 4335 unire.

704 4382 775 4456 d)
812 4380 1224 4442 praescribere
1256 4400 1465 4461 preces
1498 4380 1791 4461 publicas,
1838 4381 2079 4461 aliaque
2115 4383 2210 4463 pia
2244 4402 2452 4464 opera,
2485 4402 2629 4443 cum
2661 4382 2721 4442 id
2754 4385 2998 4443 bonum
3038 4381 3241 4443 Eccle-

807 4488 928 4548 siae
962 4502 1066 4548 aut
1100 4487 1304 4549 Status
1337 4488 1633 4569 populive
1665 4490 1955 4569 postulet,
1990 4509 2186 4550 sacras
2221 4489 2443 4571 pariter
2474 4489 2957 4570 supplicationes
2989 4504 3047 4551 et
3069 4507 3241 4570 pere-

809 4594 1186 4673 grinationes
1232 4595 1520 4672 indicere,
1567 4596 1784 4657 funera
1817 4596 2089 4677 aliasque
2122 4609 2343 4658 omnes
2377 4615 2577 4657 sacras
2609 4596 2962 4658 functiones
2995 4595 3242 4658 servatis

809 4704 1017 4783 quoad
1052 4703 1260 4764 omnia
1296 4703 1608 4764 canonicis
1644 4703 2223 4784 praescriptionibus
2254 4703 2583 4764 moderari.

712 4813 774 4884 e)
808 4810 1172 4872 Convocare
1207 4827 1264 4871 et
1297 4811 1598 4872 celebrare
1632 4813 1706 4872 ad
1742 4830 2060 4872 sacrorum
2093 4813 2429 4874 Canonum
2465 4831 2748 4873 normam
2785 4809 3065 4873 Concilia
3098 4829 3242 4890 pro-

810 4917 1085 4979 vincialia
1119 4935 1175 4979 et
1209 4918 1499 5001 Synodos
1528 4919 1945 4990 dioecesanas,
1979 4938 2324 4999 eorumque
2359 4935 2484 4979 acta
2521 4919 2786 4997 vulgare.
