3684 5416
224 1567 272 1599 to

220 2099 263 2142 ¹5

218 2640 269 2671 20

221 3245 270 3289 ²5

222 3824 275 3868 30

224 4358 275 4403 35

968 389 1235 443 Potestas
1275 387 1653 442 ecclesiastica
1696 401 1754 444 et
1788 389 2092 473 imperium
2131 390 2307 446 civile.
2851 409 2945 464 ¹79

324 573 466 633 inde
499 591 671 633 mors
703 572 924 633 intrare
956 570 1236 652 cepisset,
1287 571 1453 632 unde
1489 572 1710 653 expelli
1746 588 1954 654 putata
1987 588 2096 646 est,
2128 573 2315 652 digne
2346 591 2404 635 et
2432 574 2591 637 iuste
2623 574 2722 636 alii
2753 576 2940 637 sancti

322 678 644 761 apostolici
692 680 811 740 hoc
859 678 1328 759 prohibuerunt,
1396 679 1542 758 quia
1588 699 1852 761 sponsae
1899 681 2128 743 Christi
2173 681 2322 743 illud
2370 684 2586 744 obesse
2634 683 2940 744 viderunt.

323 788 498 849 Sicut
545 786 747 866 itaque
793 785 878 846 illi
938 806 1052 866 pro
1100 785 1342 847 honore
1385 785 1518 863 Dei,
1562 804 1621 847 et
1668 806 1797 848 non
1831 787 2187 866 hominum,
2219 788 2341 850 hoc
2372 806 2824 865 concesserunt,
2856 791 2942 851 sic

323 896 421 956 isti
456 895 736 956 videntes
767 891 922 956 illud
954 894 1171 954 obesse
1202 893 1527 955 aecclesiae
1562 914 1675 974 pro
1709 895 1949 957 honore
1983 895 2099 957 Dei
2130 896 2602 976 prohibuerunt.
2681 898 2941 961 Intentio

324 1005 534 1083 itaque
580 1016 783 1062 sancta
832 1019 955 1061 una
1004 999 1118 1062 fuit
1166 1001 1467 1081 utrisque,
1516 1003 1741 1065 scilicet
1785 1003 1996 1064 salutis
2042 1004 2364 1065 aecclesiae
2413 1022 2472 1065 et
2518 1005 2778 1067 honoris
2812 1005 2942 1067 Dei.

322 1112 499 1174 Sicut
546 1126 753 1172 autem
798 1109 1149 1171 conservari
1194 1125 1345 1170 tunc
1396 1127 1630 1190 poterat
1675 1112 1854 1190 quod
1887 1109 1972 1172 illi
2009 1110 2293 1186 fecerant,
2325 1113 2471 1192 quia
2504 1131 2634 1175 non
2667 1114 2941 1189 nocebat,

325 1223 408 1282 ita
443 1239 615 1283 nunc
654 1223 843 1285 deleri
877 1235 1144 1302 oportet,
1178 1218 1324 1299 quia
1359 1217 1690 1279 certissime
1721 1232 1920 1280 nocet.
1955 1217 2054 1278 Ad
2087 1218 2207 1279 hoc
2239 1218 2407 1279 enim
2442 1234 2713 1300 pastores
2746 1219 2942 1282 claves

323 1328 654 1390 aecclesiae
688 1332 932 1405 habent,
968 1343 1038 1388 ut
1066 1326 1244 1407 quod
1275 1341 1459 1386 nocet
1491 1324 1770 1385 auferant
1804 1323 1977 1403 quod
2008 1324 2174 1384 iuvat
2195 1323 2473 1386 inferant.
2509 1324 2699 1400 Quod
2724 1326 2940 1407 utique

324 1437 631 1516 pessimae
665 1435 1082 1516 negociationi
1118 1433 1474 1495 fomentum
1507 1432 1973 1494 subministrare
2007 1433 2402 1511 cognoscitur
2432 1434 2843 1496 auferendum
2863 1436 2942 1497 de

322 1558 535 1603 sancta
568 1541 855 1604 aecclesia
888 1556 993 1604 est,
1030 1555 1099 1602 ut
1131 1542 1262 1620 ipse
1298 1538 1610 1599 Dominus
1642 1537 1936 1619 praecipit
1967 1537 2208 1599 dicens:
2243 1539 2502 1618 Auferte
2532 1543 2653 1602 ista
2684 1540 2852 1615 hinc,
2883 1550 2945 1604 et

322 1650 519 1712 nolite
559 1654 769 1725 facere
818 1651 1057 1711 domum
1099 1651 1311 1730 patris
1361 1649 1485 1708 mei
1534 1646 1776 1708 domum
1810 1647 2263 1724 negotiationi&
2315 1646 2473 1724 (Ioh.
2511 1667 2566 1726 2,
2611 1645 2733 1731 16.)
2797 1651 2942 1713 Non

321 1758 533 1838 itaque
583 1758 930 1839 putandum
978 1772 1067 1818 est
1113 1755 1251 1816 illos
1296 1753 1694 1829 concessisse,
1743 1767 1808 1812 ut
1853 1750 2074 1831 aliquis
2120 1752 2494 1816 secularibus
2542 1757 2941 1836 potestatibus

322 1886 479 1927 usus
511 1865 866 1927 aecclesiam
898 1883 1007 1946 per
1037 1863 1198 1945 ipsas
1230 1861 1521 1942 optineat,
1555 1860 1702 1921 istos
1733 1878 1880 1919 vero
1912 1859 2085 1940 quod
2121 1860 2231 1940 ipsi
2254 1861 2413 1922 male
2435 1861 2702 1942 egissent
2721 1883 2935 1926 emen-

319 1975 522 2040 dasse,
556 1973 665 2034 sed
698 1973 906 2054 potius
941 1970 1187 2052 utrique
1221 1971 1341 2031 hoc
1375 1969 1763 2044 studuerunt,
1794 1967 1951 2028 sicut
1983 1966 2107 2027 iam
2137 1966 2426 2046 diximus,
2458 1987 2524 2031 ut
2557 1989 2671 2052 pax
2705 1971 2942 2033 firmius

320 2096 638 2142 teneretur
683 2096 741 2141 et
787 2080 1148 2162 symoniaca
1195 2077 1425 2139 heresis
1459 2075 1957 2137 confunderetur.
2021 2073 2283 2154 Utrique
2317 2075 2478 2136 enim
2515 2077 2752 2140 decreta
2784 2081 2941 2141 anti·

318 2208 600 2269 quorum
653 2203 894 2269 patrum
931 2184 1277 2248 Clementis
1308 2200 1369 2244 et
1411 2183 1736 2244 Alexandri
1770 2199 1828 2243 et
1860 2181 2131 2243 sciebant
2162 2197 2221 2242 et
2252 2184 2696 2263 custodiebant,
2731 2188 2841 2267 qui
2876 2190 2941 2250 in

319 2297 456 2359 suis
489 2296 746 2357 decretis
780 2294 1166 2378 praecipiunt
1199 2293 1501 2354 dicentes:
1537 2292 1613 2351 Si
1640 2294 1778 2373 quis
1809 2292 2124 2372 episcopus
2146 2289 2525 2351 secularibus
2535 2294 2941 2373 potestatibus

320 2424 474 2465 usus
522 2402 881 2464 aecclesiam
914 2410 1038 2483 per
1085 2403 1251 2482 ipsas
1299 2400 1588 2481 optineat,
1620 2399 1957 2479 deponatur
1987 2403 2049 2456 et
2073 2404 2452 2477 segregetur,
2484 2420 2806 2483 omnesque
2835 2411 2943 2485 qui

320 2513 435 2573 illi
462 2512 927 2572 communicant.
973 2507 1064 2585 (cf.
1099 2507 1287 2569 Hebr.
1326 2526 1380 2585 5,
1416 2505 1501 2585 4.)
1563 2505 1637 2566 Et
1673 2505 1911 2567 merito.
1944 2505 2104 2566 Nam
2138 2506 2519 2586 praesulatus
2553 2527 2682 2571 non
2716 2510 2940 2572 volun-

319 2636 445 2681 tate
497 2619 792 2689 humana,
836 2616 943 2678 sed
991 2615 1312 2676 vocatione
1359 2612 1586 2688 divina,
1633 2612 1791 2674 sicut
1822 2613 1899 2673 de
1934 2617 2141 2674 Aaron
2174 2614 2489 2693 apostolus
2521 2616 2684 2691 dicit,
2719 2637 2939 2700 prove-

323 2729 463 2789 nire
510 2727 707 2787 debet.
774 2724 1041 2785 Vocatur
1086 2739 1293 2784 autem
1343 2739 1484 2781 vere
1532 2740 1564 2780 a
1601 2720 1735 2781 Deo
1782 2719 1900 2793 ille,
1933 2739 2121 2801 quem
2155 2721 2353 2781 clerus
2385 2739 2446 2783 et
2476 2726 2749 2805 populus
2780 2726 2940 2787 chri-

320 2835 583 2906 stianus,
629 2831 692 2891 in
737 2849 1015 2911 quorum
1062 2829 1353 2890 cordibus
1391 2827 1561 2888 Deus
1608 2827 1856 2904 habitat,
1906 2846 2019 2907 pro
2065 2826 2258 2889 salute
2308 2829 2657 2894 animarum
2687 2853 2940 2896 suarum

320 2960 484 3023 pure
514 2955 572 2999 et
603 2937 955 3018 simpliciter
985 2936 1296 3017 elegerim.
1363 2932 1418 3013 [l.
1451 2955 1499 2995 c.
1533 2934 1597 2995 11.
1635 2953 1767 3016 pag.
1800 2933 2193 3015 603—604.]

450 3125 658 3188 XCIII.
737 3123 913 3201 Quo
959 3123 1278 3200 ordine,
1325 3120 1630 3184 sanctis
1678 3121 2131 3183 canonibus
2176 3144 2330 3186 non
2381 3128 2823 3201 contrario,

681 3221 1222 3286 sacerdotium
1273 3236 1343 3280 et
1392 3237 1719 3300 regnum
1768 3220 2247 3282 concordari
2296 3224 2587 3304 possit?

549 3368 715 3443 Quia
747 3385 894 3428 vero
917 3364 1226 3427 Dominus
1258 3363 1365 3424 ait:
1416 3363 1633 3424 Pacem
1666 3384 1858 3425 meam
1893 3365 1969 3425 do
2001 3364 2193 3439 vobi5,
2221 3375 2430 3445 pacem
2452 3369 2730 3450 relinquo
2749 3372 2942 3447 vobiS,

327 3477 484 3552 (Iob.
533 3495 626 3553 14,
663 3476 788 3550 27.)
835 3473 1216 3535 studendum
1262 3485 1352 3530 est
1400 3469 1802 3547 omnimodis,
1837 3485 1906 3530 ut
1938 3490 2052 3551 pax
2084 3471 2243 3532 inter
2275 3492 2531 3551 regnum
2568 3491 2626 3535 et
2656 3479 2941 3541 sacerdo-

326 3584 488 3645 tium
541 3581 617 3642 sit
648 3596 706 3641 et
739 3579 988 3640 firmiter
1023 3578 1157 3640 Deo
1190 3575 1517 3637 auxiliante
1564 3592 1937 3657 permaneat.
2000 3576 2178 3652 Quae
2211 3578 2308 3656 ita,
2342 3596 2407 3640 ut
2442 3580 2578 3642 Deo
2610 3582 2943 3663 inspirante

326 3688 791 3770 cognoscimus,
837 3685 965 3747 fieri
1013 3700 1229 3767 potest,
1273 3682 1343 3755 si,
1391 3701 1533 3743 cum
1569 3698 1777 3765 pastor
1807 3684 2132 3745 aecclesiae
2166 3686 2460 3746 canonice
2494 3685 2740 3766 electus,
2774 3690 2942 3752 inve-

326 3798 510 3857 stitus
560 3811 619 3856 et
667 3808 1059 3856 consecratus
1111 3792 1304 3872 fuerit,
1349 3809 1498 3853 tunc
1547 3810 1656 3872 per
1704 3810 1768 3852 se
1816 3790 1913 3851 vel
1944 3811 2053 3872 per
2083 3812 2233 3853 suos
2266 3792 2477 3853 fideles
2508 3794 2942 3877 imperatorem

328 3906 509 3965 adeat
554 3918 613 3964 et
658 3903 733 3964 de
783 3904 966 3962 rebus
1012 3900 1338 3961 aecclesiae
1384 3900 1497 3962 sibi
1533 3898 1881 3960 commissis
1913 3898 2226 3979 imperiale
2260 3916 2650 3982 praeceptum
2686 3918 2942 3985 expetat.

330 4012 532 4088 Quod
565 4011 621 4071 ei
654 4009 964 4093 piissimus
994 4009 1330 4089 imperator
1361 4026 1575 4069 amore
1607 4026 1752 4068 suae
1783 4006 2112 4087 spiritualis
2145 4007 2353 4068 matris
2372 4007 2770 4070 libentissime
2792 4029 2942 4073 con-

329 4119 561 4180 cedens
600 4116 841 4178 firmare
874 4116 1182 4195 dignetur,
1230 4115 1406 4196 quod
1438 4115 1532 4176 sui
1565 4115 2067 4196 praedecessores
2100 4113 2180 4174 illi
2215 4114 2536 4176 aecclesiae
2570 4118 2945 4180 concessisse

329 4223 734 4285 manifestum
765 4239 873 4301 est,
906 4225 1268 4306 promittens
1301 4224 1503 4285 eidem
1535 4223 1856 4285 aecclesiae
1888 4238 1946 4283 et
1977 4222 2107 4282 eius
2141 4223 2368 4303 pastori
2399 4241 2576 4284 suam
2609 4224 2946 4304 piissimam

332 4330 766 4394 defensionem
796 4331 861 4393 in
894 4332 1209 4394 omnibus
1247 4331 1393 4392 Ideo
1424 4346 1629 4392 autem
1667 4330 1931 4392 diximus
1965 4349 2093 4392 non
2124 4346 2365 4392 tantum
2397 4350 2503 4412 per
2533 4350 2616 4405 se,
2635 4332 2742 4392 sed
2764 4332 2947 4393 etiam

333 4455 394 4500 et
442 4457 550 4521 per
596 4457 742 4499 suos
781 4438 1015 4518 legatos
1048 4439 1210 4499 istud
1245 4456 1537 4520 peragere
1568 4453 1812 4497 sanctos
1845 4451 2137 4518 pastores,
2171 4436 2316 4517 quia
2348 4437 2595 4518 saepius
2628 4438 2848 4515 evenit,
2882 4454 2948 4500 ut

335 4561 543 4608 sancta
577 4545 865 4606 aecclesia
897 4562 1180 4606 sanctum
1214 4544 1330 4605 sibi
1363 4560 1673 4625 pastorem
1706 4544 1800 4603 vel
1833 4563 2048 4605 senem
2080 4545 2174 4605 vel
2197 4543 2378 4604 etiam
2398 4544 2670 4615 ‚debilem
2690 4564 2948 4626 corpore

337 4654 564 4734 eligere
595 4652 851 4726 studeat,
881 4652 1041 4714 sicut
1073 4650 1435 4712 venerabilis
1470 4649 1806 4711 memoriae
1837 4650 2237 4731 Gregorium,
2277 4650 2573 4712 eximium
2606 4652 2946 4731 doctorem,

338 4775 549 4821 sancta
598 4759 878 4820 Romana
929 4760 1216 4821 aecclesia
1268 4758 1423 4833 fecit,
1473 4773 1532 4818 et
1580 4757 1734 4818 sicut
1786 4756 2276 4820 Mediolanenses
2327 4776 2751 4819 successorem
2792 4759 2949 4820 beati

229 4891 287 4932 40
339 4867 657 4931 Ambrosii
689 4868 1181 4948 Simplicianum,
1216 4869 1456 4928 bonum
1488 4884 1724 4939 senem,
1757 4865 1978 4944 eligere
2011 4866 2398 4926 studuerunt.
2431 4864 2709 4944 Dignum
2745 4866 2949 4946 itaque

340 4995 473 5037 non
506 4990 614 5051 est,
649 4988 717 5035 ut
749 4976 896 5036 tales
927 4975 1123 5055 longo
1155 4989 1456 5035 terrarum
1492 4972 1690 5053 spatio
1724 4970 2069 5051 fatigentur.
2105 4970 2168 5032 Si
2201 4971 2406 5051 itaque
2438 4972 2560 5032 hoc
2592 4989 2795 5034 ratum
2824 4990 2947 5035 tam

2610 5074 2701 5127 12⁸
