3684 5416
490 1541 537 1572 10

494 2076 536 2118 ι5

490 2622 542 2653 20

493 3154 542 3196 25

496 3687 548 3731 30

495 4221 544 4263 35

495 4755 549 4795 40

590 384 695 438 540
1660 366 1831 422 Curia
1874 383 2133 421 romana.

588 569 870 632 terquam
918 551 967 612 si
1015 550 1239 612 falsitas
1273 551 1562 612 consistat
1594 551 1656 611 in
1693 550 2039 612 narratione
2074 551 2493 632 praecedentis
2525 552 2803 633 copulae,
2838 571 2997 632 quae
3028 569 3203 613 antea

592 679 796 719 revera
829 678 955 719 non
989 657 1415 718 intercesserit.

803 774 832 834 s
863 785 972 844 4¹·
1024 764 1219 840 Quod
1252 765 1301 826 si
1335 764 1522 844 aliqui
1557 764 1846 826 Oratores
1879 765 2260 826 obtinuerint
2290 785 2323 824 a
2356 765 2577 825 Nostra
2615 763 2854 826 Dataria
2888 765 3204 846 dispensa·

589 872 827 933 tionem
860 892 1047 952 super
1077 873 1272 951 gradu
1309 872 1624 953 prohibito
1658 872 1720 933 in
1756 873 1978 953 prime,
2011 888 2069 933 et
2101 872 2398 948 secundo,
2432 871 2530 932 vel
2548 859 2616 933 in
2648 873 2928 934 secundo
2947 887 3203 950 tantum,

590 1000 659 1040 ac
705 979 887 1040 etiam
933 980 999 1041 in
1050 979 1251 1057 tertio,
1299 979 1395 1040 vel
1450 995 1693 1061 quart0,
1743 998 1889 1041 cum
1919 979 2234 1041 reticentia
2267 980 2528 1062 copulae
2560 978 2720 1040 inter
2751 999 2860 1040 eos
2891 994 3204 1060 sequutae,

590 1107 778 1167 quam
826 1086 959 1147 sine
1007 1086 1268 1148 honoris
1300 1087 1673 1148 detrimento
1706 1088 1990 1166 detegere
2025 1106 2157 1147 non
2191 1087 2449 1164 valeant,
2484 1103 2542 1147 et
2573 1086 2810 1148 ratione
2844 1085 3206 1165 hujusmodi

591 1193 944 1255 retinentiae
980 1209 1189 1275 petant
1221 1193 1744 1275 dispensationem
1781 1213 1896 1275 pro
1931 1193 2328 1254 matrimonio
2361 1193 2802 1269 contrahendo,
2847 1213 2958 1254 seu
2990 1193 3202 1254 revali-

591 1299 910 1361 dationem
955 1300 1336 1363 Matrimonii
1386 1302 1711 1373 contracti;
1763 1300 1955 1375 possit
2002 1301 2170 1361 idem
2206 1299 2408 1378 Major
2439 1300 2971 1378 poenitentiarius,
3016 1301 3068 1361 si
3099 1320 3203 1362 co-

591 1407 736 1488 pula
770 1408 845 1469 sit
877 1409 1082 1469 adhuc
1114 1424 1361 1485 secreta,
1415 1407 1780 1486 hujusmodi
1812 1407 2360 1489 dispensationem,
2407 1427 2515 1469 seu
2548 1408 2882 1489 respective
2913 1406 3202 1469 revalida-

591 1514 829 1575 tionem
880 1515 944 1575 in
1000 1515 1135 1575 foro
1167 1513 1599 1576 Conscientiae
1642 1531 1881 1577 tantum
1929 1517 2311 1589 concedere3
2364 1515 2537 1590 facta,
2585 1516 2842 1596 quando
2887 1514 3091 1594 agitur
3131 1514 3206 1575 de

593 1621 817 1702 primo,
867 1637 924 1682 et
970 1622 1264 1699 secund0,
1312 1621 1408 1681 vel
1439 1623 1717 1684 secundo
1751 1638 1992 1684 tantum
2026 1623 2240 1703 gradu,
2272 1621 2723 1703 compositione
2756 1621 3203 1703 quinquaginta

594 1730 960 1790 ducatorum
995 1727 1126 1789 auri
1161 1729 1237 1789 de
1270 1730 1533 1791 Camera
1564 1730 1643 1791 ad
1676 1730 1988 1791 Datariam
2020 1728 2659 1806 transmittendorum,
2691 1729 2767 1789 ad
2801 1729 3088 1789 effectum
3120 1728 3204 1805 (ut

595 1836 821 1897 incussi
868 1835 1059 1897 moris
1093 1836 1199 1914 est)
1250 1835 1543 1914 erogandi
1577 1836 1640 1897 in
1675 1837 2130 1917 eleemosynas;
2183 1835 2300 1897 nisi
2334 1836 2501 1918 prior
2531 1835 2716 1916 gratia
2750 1835 3027 1916 expedita
3060 1834 3205 1896 fuis-

594 1960 682 2004 set
730 1944 794 2004 in
847 1943 1046 2004 forma
1093 1962 1470 2024 pauperum;
1523 1963 1652 2022 quo
1700 1962 1844 2004 casu
1892 1942 2076 2003 etiarn
2110 1943 2260 2003 haec
2290 1943 2481 2022 gratia
2511 1941 2788 2003 similiter
2819 1944 3052 2023 absque
3085 1941 3205 2002 ulla

596 2051 1043 2132 compositione
1077 2049 1448 2132 expediatur.

811 2168 977 2237 §42-
1025 2157 1090 2219 Si
1141 2157 1251 2238 qui
1303 2176 1449 2218 vero
1501 2156 1815 2235 Oratores,
1870 2159 2119 2219 obtenta
2169 2157 2628 2239 dispensatione
2674 2178 2705 2218 a
2756 2157 2996 2218 Dataria
3027 2176 3209 2237 super

594 2265 1044 2346 impedimento
1091 2264 1290 2345 primi,
1337 2279 1397 2325 et
1444 2263 1728 2343 secundi,
1762 2264 1887 2325 sive
1922 2264 2177 2325 secundi
2211 2265 2527 2326 dumtaxat
2559 2265 2785 2345 gradus
2818 2264 3206 2347 Consangui-

600 2373 820 2451 nitatiS‚
853 2393 961 2433 seu
1002 2372 1353 2450 Affinitatis,
1390 2392 1535 2432 cum
1569 2371 1962 2453 expressione
1995 2373 2250 2453 quidem
2284 2371 2539 2434 carnalis
2570 2373 2847 2454 copulae,
2879 2374 2987 2434 sed
3012 2373 3205 2449 tacita,

597 2479 856 2548 occulta,
894 2496 952 2540 et
985 2480 1288 2541 malitiosa
1321 2480 1667 2542 intentione
1700 2479 1765 2540 in
1797 2480 1927 2561 ipsa
1962 2480 2186 2561 copula
2221 2480 2422 2540 habita
2444 2481 2522 2541 ad
2543 2479 2777 2541 facilius
2809 2481 3205 2541 obtinendam

598 2588 1145 2669 dispensationem,
1215 2606 1326 2669 pro
1377 2588 1816 2649 revalidatione
1879 2585 2241 2663 hujusmodi
2302 2587 2774 2668 dispensationis
2849 2589 2927 2649 ad
2989 2589 3210 2650 dictam

599 2695 1134 2758 Poenitentiariam
1172 2711 1507 2775 recurrant,
1544 2695 1739 2777 possit
1769 2694 1934 2756 idem
1968 2693 2167 2773 Major
2197 2694 2707 2756 poenitentiarius
2739 2695 3003 2778 desuper
3032 2699 3208 2758 abso-

598 2806 723 2865 lute
771 2804 1124 2885 dispensare
1178 2821 1318 2863 cum
1369 2801 1822 2865 miserabilibus
1870 2802 2148 2883 personis
2193 2801 2474 2883 explicite
2505 2801 2975 2881 affirmantibus,
3011 2823 3092 2880 se,
3125 2803 3211 2864 uti

601 2911 767 2982 tales,
817 2912 933 2971 sub
982 2910 1081 2970 illa
1129 2929 1412 2990 expressa
1461 2909 1770 2990 qualitate,
1819 2925 1877 2970 et
1926 2909 2123 2970 forma
2171 2909 2630 2987 miserabilium,
2662 2909 3144 2991 dispensationes
3174 2932 3208 2972 a

603 3016 846 3076 Dataria
895 3015 1269 3076 obtinuisse:
1320 3015 1486 3076 Cum
1538 3016 1610 3077 iis
1656 3036 1823 3095 vere,
1870 3016 1978 3096 qui
2012 3035 2142 3077 non
2174 3031 2492 3097 tamquam
2526 3036 2846 3098 paupereS‚
2879 3018 2987 3078 sed
3021 3017 3108 3078 uti
3138 3037 3208 3078 ex

603 3124 877 3185 honestis
912 3122 1175 3201 familiis,
1212 3122 1339 3183 sive
1373 3123 1460 3184 uti
1497 3123 1754 3201 nobiles,
1786 3123 1913 3184 sive
1949 3123 2037 3185 uti
2071 3122 2352 3201 illustres,
2387 3125 2462 3184 ab
2495 3123 2713 3185 eadem
2744 3124 3009 3197 Dataria,
3043 3124 3210 3187 simi-

601 3234 737 3294 liter
784 3231 1114 3312 dispensati
1163 3230 1407 3309 fuerint,
1443 3251 1577 3293 non
1612 3232 1940 3313 dispenset,
1975 3232 2090 3293 nisi
2123 3232 2325 3294 soluta
2358 3232 2528 3314 prius
2560 3232 2624 3293 in
2661 3231 2923 3311 Dataria,
2957 3233 3036 3293 ad
3067 3232 3211 3293 effe-

603 3356 768 3402 ctum
805 3340 1025 3420 pariter
1058 3339 1354 3418 erogandi
1387 3340 1453 3400 in
1485 3340 1931 3422 eleemosynas,
1955 3356 2087 3402 taxa
2108 3339 2455 3401 definienda
2488 3339 2734 3401 arbitrio
2767 3338 3045 3417 ejusdem
3080 3341 3212 3401 Ma-

603 3447 748 3526 joris
783 3446 1256 3522 poenitentiarii,
1290 3446 1554 3526 pensatis
1589 3447 2093 3521 circumstantiis;
2130 3445 2579 3528 cujuscumque
2600 3447 2818 3524 Casus,
2837 3462 2896 3507 et
2915 3462 3211 3528 respectu,

603 3556 813 3617 habito
846 3555 921 3616 ad
955 3553 1404 3636 praejudicium
1438 3553 1951 3636 Componendae,
1984 3570 2041 3614 et
2072 3553 2149 3614 ad
2183 3553 2339 3614 vires
2372 3553 2875 3635 supplicantium.
2911 3553 2976 3615 Si
3005 3568 3213 3615 tamen

601 3664 696 3724 isti
746 3681 1043 3743 pauperes
1092 3677 1315 3737 essent,
1350 3660 1427 3722 ita
1461 3676 1529 3721 ut
1562 3680 1722 3738 vere,
1758 3677 1815 3721 et
1848 3661 2086 3721 realiter
2119 3660 2420 3740 integram
2464 3679 2775 3721 summam
2805 3675 3086 3739 taxatam,
3120 3659 3213 3721 vel

602 3770 871 3849 aliquam
922 3767 1053 3846 ejus
1099 3784 1332 3851 partem
1368 3768 1605 3829 solvere
1638 3786 1766 3828 non
1800 3783 2081 3848 possent;
2137 3768 2443 3848 praefatus
2478 3766 2678 3845 Major
2708 3766 3215 3828 poenitentiarius

602 3892 957 3959 opportune
990 3877 1054 3937 in
1090 3878 1210 3938 hoc
1241 3896 1387 3937 casu
1423 3875 1761 3957 provideat,
1796 3875 1955 3936 facto
1989 3876 2197 3954 verbo,
2232 3875 2282 3935 si
2315 3874 2640 3957 peculiaris
2672 3874 2999 3936 difficultas
3019 3874 3081 3934 id
3101 3893 3214 3954 po-

600 3985 802 4062 stulet,
837 4003 980 4044 cum
1017 3982 1438 4044 sanctissimo.

818 4100 847 4160 s
880 4112 983 4171 43.
1033 4091 1234 4172 Super
1267 4089 1716 4170 impedimento
1750 4091 1997 4150 occulto
2031 4088 2337 4150 affinitatis
2371 4110 2441 4150 ex
2475 4088 2700 4169 copula
2735 4087 2952 4165 illicita,
3000 4108 3109 4148 seu
3143 4107 3212 4148 ex

603 4214 744 4259 actu
798 4198 1125 4258 fornicario
1174 4196 1591 4278 proveniente,
1645 4196 2162 4277 quotiescumque
2207 4196 2361 4257 adsit
2411 4195 2785 4257 rationabilis
2830 4214 3031 4271 causa,
3078 4194 3214 4256 licet

603 4303 949 4385 periculum
997 4302 1407 4380 revelationis,
1455 4323 1566 4364 seu
1617 4303 2055 4364 scandalorum
2104 4322 2234 4364 non
2267 4303 2635 4378 immineret,
2669 4302 2764 4362 vel
2797 4321 2925 4362 non
2958 4302 3211 4377 adesset,

602 4411 667 4471 in
720 4410 1130 4471 matrimoniis
1182 4426 1306 4470 tam
1361 4411 1704 4489 contractiS,
1755 4430 1947 4491 quam
2004 4411 2457 4487 contrahendis,
2507 4410 2569 4470 in
2618 4409 2753 4471 foro
2787 4408 3216 4470 Conscientiae

603 4517 975 4598 dispensare,
1010 4532 1068 4576 et
1101 4517 1439 4598 dispensari
1475 4517 1767 4578 mandare
1802 4517 2007 4599 possit,
2041 4533 2098 4578 et
2129 4518 2338 4578 valeat.

818 4633 847 4694 s
880 4644 985 4703 44.
1038 4624 1240 4704 Super
1273 4624 1514 4684 occulto
1548 4625 1995 4705 impedimento
2030 4624 2302 4684 criminis
2335 4624 2639 4701 adulterii,
2661 4624 2711 4683 si
2732 4623 2911 4684 fuerit
2931 4642 3075 4683 cum
3096 4621 3215 4683 fide

604 4736 739 4796 data
775 4737 1112 4813 dumtaxat,
1150 4749 1373 4794 neutro
1408 4734 1817 4811 machinante,
1853 4733 2282 4811 commissum,
2319 4732 2509 4813 possit
2528 4748 2650 4793 tam
2676 4732 2736 4792 in
2761 4729 3214 4807 contrahendiS‚

603 4862 796 4923 quarn
830 4842 893 4903 in
926 4842 1252 4903 contractis
1288 4841 1702 4903 Matrimoniis
1735 4842 2101 4923 dispensare.
2136 4840 2198 4900 Si
2222 4859 2368 4900 vero
2401 4840 2637 4900 crimen
2673 4836 3036 4915 hujusmodi
3068 4836 3215 4898 fuis-

603 4967 708 5023 set,
758 4966 1045 5029 utroque,
1092 4949 1187 5009 vel
1221 4949 1413 5009 altero
1449 4949 1868 5027 Machinante,
1901 4962 2224 5028 patratum,
2258 4947 2452 5028 possit
2486 4946 2546 5006 in
2584 4944 2840 5007 occultis
2871 4944 3092 5025 pariter
3122 4943 3214 5003 di-
