3684 5416
377 1668 425 1700 to

378 2203 421 2246 ¹5

369 2736 424 2768 20

368 3270 417 3314 25

367 3807 420 3850 30

366 4341 416 4385 35

1630 405 1953 462 Ordinatio.
2993 423 3096 478 3²7

478 585 649 645 modi
697 586 1065 667 dispensare,
1114 588 1301 649 veluti
1348 609 1455 671 per
1500 591 1967 672 subreptionem
2004 595 2254 654 obtenta
2290 591 2522 652 nullius
2557 592 2800 672 penitus
2833 608 2921 652 est
2954 610 3092 652 mo-

480 708 689 753 menti.

1154 848 1245 902 84.
1299 848 1737 905 GREGORIUS
1776 851 1945 906 xn'.
1985 850 2419 921 (1590—1591).

693 1002 721 1030 ‘
759 1003 1072 1056 Bullarium
1110 1004 1398 1071 Magnum.
1440 1003 1508 1057 T.
1537 1004 1598 1058 11.
1643 1021 1694 1075 p.
1725 1021 2027 1076 757—759.

479 1127 813 1193 [Moderatio
861 1128 1101 1181 duarum
1153 1130 1593 1183 constitutionum
1644 1131 1787 1183 St'xti
1816 1131 1873 1184 V.
1912 1137 2078 1202 super
2130 1132 2428 1200 receptione
2465 1131 2801 1184 Novitiorum
2853 1133 3094 1199 illegitti-

1295 1224 1510 1262 morum
1548 1210 1627 1261 ad
1659 1210 1901 1263 Ordines
1939 1212 2245 1279 regulares.
2247 1212 2284 1277 J

597 1320 622 1335 ‘
690 1320 1150 1399 Circumspecta
1187 1319 1453 1380 Romani
1491 1318 1798 1381 pontificis
1846 1320 2247 1402 providentia,
2294 1342 2362 1381 ea
2410 1341 2567 1401 quae
2618 1321 3082 1383 rationabilibus

480 1426 695 1499 causiS,
744 1427 1103 1488 auctoritate
1138 1432 1351 1507 Apost.
1396 1426 1624 1487 sancita
1670 1426 1941 1504 fuerunt,
1977 1428 2104 1508 ipsa
2139 1447 2344 1488 rerum
2377 1427 2743 1509 experientia
2778 1428 3100 1503 suadente,

478 1553 550 1593 ex
594 1533 724 1593 aliis
768 1533 1080 1595 interdum
1125 1553 1251 1595 non
1298 1533 1505 1593 minus
1551 1532 1723 1610 justis
1771 1536 1970 1596 causis
2003 1536 2358 1598 moderatur
2390 1551 2447 1596 et
2479 1535 2781 1611 immutat,
2816 1551 3001 1617 prout
3031 1535 3095 1595 in

480 1639 755 1701 Domino
788 1640 1085 1721 conspicit
1117 1640 1438 1701 salubriter
1468 1641 1770 1720 expedire.

691 1755 720 1816 s
767 1768 814 1808 ι.
864 1747 1025 1809 Sane
1071 1747 1247 1808 liceat
1292 1747 1439 1808 alias
1488 1746 1675 1809 felicis
1721 1748 2165 1809 recordationis
2199 1748 2404 1809 Sixtus
2438 1749 2599 1830 Papa
2637 1749 2706 1808 V.
2739 1748 3096 1830 praedeces-

478 1872 580 1915 sor
623 1869 848 1928 noster,
893 1854 1194 1915 nonnulla
1241 1853 1396 1915 circa
1431 1854 1768 1934 qualitates,
1817 1856 2102 1931 modum,
2144 1871 2202 1915 et
2237 1855 2501 1916 formam
2532 1855 2894 1917 admittendi
2930 1855 3096 1916 Reli-

477 1961 687 2040 giosos
718 1962 793 2022 ad
828 1980 1265 2041 quoscumque
1299 1960 1588 2038 OrdineS,
1637 1962 1960 2023 salubriter
1991 1962 2283 2037 statuerit,
2319 1977 2505 2042 prout
2539 1962 2602 2023 in
2638 1963 2880 2023 duabus
2912 1962 3097 2022 desu-

479 2087 602 2149 per,
636 2067 830 2148 prima
864 2068 1140 2128 videlicet
1170 2071 1286 2129 sub
1321 2069 1551 2130 Datum
1584 2085 1756 2130 sexto
1789 2070 2099 2131 Calendas
2134 2069 2514 2146 Decembris,
2545 2074 2733 2130 Anno
2765 2068 3000 2143 Terti0,
3038 2084 3096 2128 et

477 2176 657 2235 altera
691 2177 807 2235 sub
843 2174 1072 2234 Datum
1117 2174 1494 2235 duodecimo
1530 2176 1662 2235 Kal.
1698 2176 2033 2236 Novembr.
2067 2181 2256 2237 Anno
2291 2174 2535 2251 Quarto
2568 2175 2665 2235 sui
2698 2173 3096 2235 Pontificatus

478 2280 652 2341 editis
698 2279 1240 2341 constitutionibus
1284 2280 1464 2341 latius
1511 2281 1883 2342 continetur.
1968 2280 2133 2357 Quia
2186 2298 2392 2342 tamen
2449 2300 2566 2342 usu
2618 2283 3096 2361 comprobatum

479 2405 583 2463 est,
628 2390 820 2449 multa
867 2387 1115 2448 inventa
1164 2387 1351 2447 fuisse
1383 2387 1848 2469 impedimenta,
1881 2405 2129 2470 propter
2160 2408 2320 2468 quae
2353 2409 2422 2449 ea
2456 2408 2617 2468 quae
2651 2389 2713 2449 in
2747 2387 3092 2469 praemissis

476 2510 692 2555 statuta
740 2494 1009 2570 fuerunt,
1058 2493 1403 2554 executioni
1451 2494 1732 2555 mandari
1765 2494 2021 2555 minime
2060 2510 2412 2574 potuerunt.
2477 2494 2662 2557 Unde
2696 2494 3098 2575 quamplures

475 2600 676 2676 literis,
708 2616 767 2661 et
800 2600 1018 2681 pietate
1052 2599 1325 2681 insignes
1358 2600 1488 2677 viri,
1524 2621 1558 2661 a
1591 2617 1803 2662 sancto
1836 2601 2161 2682 proposito
2198 2601 2570 2681 Regularem
2604 2601 2873 2663 ducendi
2906 2601 3092 2661 vitam

478 2707 723 2770 adducti
756 2728 824 2770 ac
857 2707 1153 2788 impediti,
1189 2725 1374 2789 atque
1408 2707 1591 2768 etiam
1623 2708 1724 2770 alii
1759 2710 1866 2770 diu
1901 2728 2043 2770 cum
2078 2710 2341 2770 maxima
2375 2729 2597 2770 eorum
2630 2710 2811 2770 laude
2845 2708 2908 2770 in
2930 2707 3097 2769 Reli-

478 2815 664 2892 gione
697 2814 912 2874 versati
944 2818 1018 2875 ab
1050 2814 1215 2875 illius
1249 2814 1672 2893 dignitatibus,
1708 2816 2076 2894 honoribus,
2111 2815 2489 2898 praelaturis,
2515 2836 2660 2877 cum
2693 2835 2823 2878 non
2845 2816 3096 2877 modico

481 2920 818 3000 Religionis
863 2937 920 2981 et
954 2921 1269 2982 Ordinum
1315 2921 1679 2997 hujusmodi
1724 2923 2099 2984 detrimento
2146 2923 2374 3004 repulsi
2421 2938 2480 2983 et
2511 2923 2812 2985 inhabiles
2846 2923 3091 3004 penitus

476 3027 718 3088 redditu
752 3027 990 3090 fuerint.

690 3144 719 3205 s
756 3155 811 3196 2.
865 3136 1010 3196 Non
1045 3134 1229 3212 igitur
1260 3156 1327 3196 ea
1362 3155 1522 3215 quae
1560 3136 1772 3195 docuit
1804 3136 2180 3218 experientia
2212 3135 2534 3196 salubriter
2557 3135 2744 3197 fuisse
2766 3134 3097 3196 constituta

474 3241 857 3319 confirmare,
904 3260 1063 3320 quae
1109 3260 1256 3301 vero
1302 3241 1724 3302 moderatione
1771 3242 1976 3322 aliqua
2025 3242 2297 3321 indigere
2344 3242 2652 3303 moderari
2697 3242 2993 3319 volentes,
3028 3260 3096 3301 ac

475 3349 776 3410 dictarum
839 3348 1379 3422 constitutionum,
1443 3364 1502 3408 et
1564 3348 1710 3410 inde
1762 3367 2176 3429 sequutorum
2240 3369 2790 3430 quorumcumque
2845 3368 3091 3412 tenores

475 3457 655 3517 etiam
705 3457 989 3528 veriores,
1040 3454 1465 3536 praesentibus
1519 3473 1632 3534 pro
1679 3457 1976 3536 expressis
2011 3458 2326 3535 habentes,
2365 3458 2567 3519 habita
2603 3477 2745 3518 cum
2783 3457 3097 3518 venerabi-

474 3566 635 3626 libus
671 3565 954 3626 fratribus
987 3564 1209 3626 nostris
1243 3563 1494 3624 Sanctae
1533 3564 1852 3626 Romanae
1887 3565 2189 3626 Ecclesiae
2211 3564 2661 3643 Cardinalibus,
2694 3585 2881 3646 super
2901 3585 3096 3645 nego-

475 3673 570 3734 tiis
602 3689 660 3734 et
694 3673 1261 3735 consultationibus
1297 3672 1700 3750 Regularium
1734 3673 2058 3754 deputatis,
2108 3688 2345 3733 matura
2384 3673 2843 3752 deliberatione,
2878 3672 2955 3733 de
2988 3691 3096 3733 eo-

475 3781 761 3841 rumdem
809 3780 1067 3841 consilio
1117 3780 1454 3861 praedictas
1486 3780 1955 3841 constitutiones
1989 3781 2052 3840 in
2087 3799 2155 3840 ea
2191 3794 2357 3860 parte
2390 3799 2515 3859 qua
2550 3794 2815 3857 cavetur,
2850 3798 2928 3839 ne
2960 3779 3092 3840 ine-

473 3884 667 3963 gitimi
714 3907 786 3948 ex
831 3902 996 3947 certo
1043 3885 1194 3946 inibi
1242 3904 1528 3966 expresso
1564 3886 1859 3947 damnato
1891 3887 2074 3947 thoro
2107 3885 2202 3946 vel
2234 3887 2581 3966 complexu,
2616 3885 2692 3945 ad
2725 3903 3095 3965 quamcum-

474 4012 596 4073 que
632 3994 1042 4074 Religionem,
1078 4012 1282 4073 neque
1315 3993 1392 4053 ad
1426 3993 1725 4070 habitum,
1757 4009 1863 4054 aut
1884 3993 2337 4075 professionem
2358 3995 2685 4073 regulares,
2706 3995 2815 4055 sed
2849 4009 3092 4055 tantum

475 4101 548 4161 ad
584 4102 863 4162 habitum
898 4102 1384 4178 Conversorum‚
1417 4117 1522 4162 aut
1554 4102 1957 4178 famulorum,
2006 4102 2070 4163 iu
2106 4102 2497 4163 Monasteriis
2529 4101 2783 4182 aliisque
2817 4102 2968 4162 locis
3002 4120 3096 4162 re-

473 4209 791 4290 gularibus
838 4209 1236 4270 servientium
1281 4209 1698 4288 admittantur,
1749 4226 1809 4271 et
1854 4211 1903 4270 si
1956 4226 2096 4290 post
2126 4210 2352 4271 dictam
2385 4211 2917 4272 Constitutionem
2951 4229 3094 4290 pro-

475 4316 807 4378 fessionem
842 4316 1206 4390 emitterent,
1252 4317 1444 4376 voluit
1477 4316 1641 4377 illam
1676 4318 1907 4379 nullius
1940 4337 2070 4378 esse
2106 4319 2423 4379 momenti.
2488 4319 2559 4379 Et
2590 4319 2656 4379 in
2687 4318 2872 4380 altera
2906 4333 3093 4399 parte,

474 4424 537 4485 in
581 4446 704 4506 qua
751 4426 1066 4504 illegitime
1112 4425 1374 4504 genitos,
1424 4425 1604 4486 etiam
1652 4443 1788 4487 ante
1822 4427 1984 4508 ipsas
2017 4427 2506 4489 Constitutiones
2540 4427 2852 4509 professos
2884 4427 3096 4508 vigore

474 4533 951 4613 privilegiorum,
1015 4548 1120 4594 aut
1185 4533 1567 4594 indultorum
1618 4535 2151 4614 Apostolicorum,
2216 4535 2407 4595 cuivis
2455 4534 2697 4610 Ordini,
2767 4534 3097 4613 Religioni,

472 4637 850 4701 Monasterio
902 4655 1004 4699 aut
1055 4639 1563 4719 Congregationi,
1617 4659 1915 4701 eorumve
1968 4639 2428 4720 Superioribus,
2483 4640 2547 4700 in
2596 4660 2821 4720 genere
2877 4641 2970 4701 vel
3027 4641 3090 4700 in

472 4744 671 4826 specie
719 4765 1181 4820 concessorum,
1233 4745 1415 4806 etiam
1464 4746 1577 4827 ipsi
1625 4766 1732 4827 per
1775 4746 2128 4827 ingressum
2164 4746 2522 4825 Religionis,
2571 4747 2663 4807 vel
2698 4766 2805 4828 per
2837 4747 3091 4807 eosdem

472 4851 835 4933 Superiores
868 4854 1250 4934 legitimatOS,
1283 4872 1392 4913 seu
1427 4854 1502 4912 ad
1534 4854 1782 4932 gradus,
1821 4855 2110 4927 honores,
2143 4869 2202 4914 et
2234 4853 2560 4933 dignitates
2594 4854 2939 4914 habilitatos
2971 4873 3084 4914 seu

472 4960 820 5042 integratOS,
867 4962 941 5020 ab
991 4960 1352 5036 honoribus,
1399 4961 1713 5040 gradibuS,
1747 4976 1804 5022 et
1837 4960 2236 5043 dignitatibus
2269 4961 2790 5041 quibuscumque,
2824 4976 2950 5021 tam
2983 4980 3093 5021 an-
