3684 5416
578 1553 625 1584 to

577 2089 621 2132 ¹5

570 3159 622 3203 25

571 3694 625 3737 30

570 4227 620 4272 35

565 4762 622 4803 4ο

680 376 786 440 2'44
1305 373 1570 427 Potestas
1611 372 1990 428 ecclesiastica
2031 386 2086 428 et
2124 372 2427 443 imperium
2467 373 2647 429 civile.

676 555 863 616 vitam
912 555 1230 635 retineant,
1281 557 1544 619 mortuis
1574 577 1738 636 ver0,
1778 557 2019 619 tamdiu
2070 557 2401 620 Catholicis
2447 563 2845 639 Augustanae
2888 559 3285 621 Confessioni

678 662 901 723 addicti
932 677 991 722 et
1023 662 1117 722 his
1148 663 1455 725 Catholici
1486 666 1833 742 succedant,
1882 665 2084 725 donec
2116 664 2563 744 redintegratus
2594 665 2776 727 fuerit
2803 665 3127 747 utriusque
3162 668 3283 728 Re-

676 767 921 848 ligionis
954 769 1406 851 Capitularium
1455 786 1514 831 et
1546 770 2010 833 Canonicorum
2059 791 2376 850 numerus,
2422 773 2530 853 qui
2575 772 2673 834 die
2731 794 2776 836 1.
2811 773 3072 835 Ianuarii
3114 792 3282 835 anno

688 877 871 955 1624.
921 892 1062 938 erat.
1129 877 1498 938 Exercitium
1544 898 1688 939 vero
1722 877 2071 956 Religionis
2104 878 2166 939 in
2198 878 2404 939 mixtis
2435 877 2901 960 Episcopatibus
2933 880 3013 941 ita
3044 879 3282 940 restitu-

677 1000 812 1044 atur
843 1000 901 1044 et
933 1000 1301 1064 permaneat,
1333 985 1439 1044 ubi
1474 999 1531 1044 et
1564 1000 1871 1065 quatenus
1905 984 1963 1045 id
2011 986 2175 1062 1624
2206 986 2409 1066 palam
2441 1001 2757 1067 receptum
2789 986 3283 1067 permissumque

678 1089 822 1163 fuit;
859 1109 1064 1170 neque
1096 1090 1458 1170 supradictis
1490 1091 1784 1152 omnibus
1815 1091 1912 1153 vel
1943 1091 2231 1171 eligendo
2258 1093 2350 1152 vel
2373 1093 2821 1173 praesentando
2842 1092 3089 1153 aliterve
3108 1091 3285 1172 quic-

679 1216 864 1277 quam
901 1195 1246 1256 detrimenti
1277 1212 1529 1260 creetur.

893 1312 922 1371 s
960 1322 1058 1381 24.
1119 1303 1272 1364 VIII.
1338 1302 1467 1379 Qui
1499 1303 2097 1386 Archiepiscopatus,
2144 1303 2549 1386 Episcopatus
2595 1322 2653 1366 et
2697 1305 2848 1366 aliae
2894 1303 3291 1365 fundationes

678 1425 863 1490 atque
910 1412 1076 1469 bona
1120 1409 1517 1472 ecclesiastica
1581 1410 1933 1472 immediata
1979 1412 2075 1472 vel
2121 1411 2383 1472 mediata
2428 1411 2492 1473 in
2537 1412 3012 1473 satisfactionem
3060 1408 3287 1489 Regiae

679 1516 1009 1578 Maiestatis
1043 1516 1365 1597 Regnique
1398 1517 1651 1578 Sueciae
1683 1534 1787 1579 aut
1808 1518 2298 1599 aequivalentem
2319 1518 2954 1600 recompensationem
2974 1516 3285 1577 indemni-

676 1638 990 1704 tatemque
1022 1641 1281 1685 suorum
1318 1622 1793 1700 foederatorum,
1831 1624 2176 1686 amicorum
2210 1640 2269 1686 et
2301 1626 2800 1686 interessatorum
2834 1637 3291 1699 concesserunt,

678 1731 1091 1812 peculiaribus
1136 1731 1266 1792 suis
1311 1731 1820 1793 conventionibus
1868 1732 2025 1794 infra
2069 1733 2375 1794 contentis
2421 1752 2528 1814 per
2572 1733 2783 1794 omnia
2821 1731 3281 1810 relinquantur;

677 1838 742 1900 in
787 1839 1080 1901 omnibus
1125 1858 1272 1899 vero
1318 1838 1406 1914 iis,
1453 1860 1609 1920 quae
1655 1840 1738 1901 ibi
1785 1859 1917 1902 non
1963 1841 2376 1920 continentur,
2410 1856 2470 1902 et
2501 1840 2658 1902 inter
2693 1840 2860 1918 haec,
2895 1838 3070 1918 quod
3115 1845 3146 1906 s
3178 1836 3286 1897 Ius

677 1946 1099 2007 dioecesanum
1133 1960 1241 2006 etc.
1279 1947 1436 2008 XVI.
1473 1946 1631 2008 infra
1665 1947 1961 2029 positum,
1984 1947 2526 2009 constitutionibus
2548 1945 2790 2028 Imperii
2811 1962 2868 2007 et
2888 1945 3035 2006 huic
3053 1944 3285 2004 Trans-

679 2051 904 2113 actioni
933 2051 1202 2114 subiecta
1232 2069 1549 2115 manento,
1639 2038 1643 2042 ⁴

890 2168 919 2228 s
957 2179 1055 2238 25.
1117 2160 1216 2221 IX.
1239 2143 1240 2146 Ἴ
1265 2159 1698 2241 Quaecunque
1744 2160 2139 2233 Monasteria,
2174 2159 2474 2239 Collegia,
2508 2158 2806 2236 BaIIIvias,
2839 2155 3285 2230 Commendas,

675 2265 923 2346 templa,
973 2265 1386 2345 fundationes,
1433 2267 1695 2343 scholas,
1746 2267 2089 2349 hospitalia,
2135 2266 2324 2327 aliave
2370 2268 2534 2326 bona
2568 2264 2964 2327 ecclesiastica
3000 2262 3285 2338 mediata,

679 2390 747 2434 ut
791 2389 850 2434 et
896 2393 1114 2434 eorum
1161 2374 1389 2435 reditus
1428 2374 1705 2455 iuraque,
1742 2393 2123 2455 quocunque
2155 2374 2410 2436 nomine
2442 2393 2512 2434 ea
2544 2372 2841 2455 appellata
2875 2370 3121 2447 fuerint,
3151 2374 3283 2430 Au-

677 2496 966 2559 gustanae
1000 2479 1426 2542 Confessionis
1458 2479 1787 2558 Electores,
1838 2479 2169 2561 Principes,
2217 2479 2420 2540 Status
2451 2479 2593 2541 anni
2627 2477 2936 2540 millesimi
2969 2489 3285 2536 sexcente-

676 2587 815 2649 simi
858 2587 1131 2648 vicesimi
1178 2586 1379 2668 quarti
1422 2586 1522 2648 die
1569 2587 1765 2668 prima
1815 2587 2079 2648 Ianuarii
2113 2586 2535 2667 possederunt,
2571 2586 2789 2646 eadem
2822 2583 3036 2646 omnia
3067 2597 3125 2642 et
3156 2580 3283 2641 sin·

676 2692 840 2773 gula,
890 2691 1015 2754 sive
1064 2708 1294 2755 retenta
1339 2712 1600 2774 semper,
1648 2692 1772 2754 sive
1806 2693 2125 2772 Restituta,
2174 2691 2298 2753 sive
2343 2690 2551 2772 vigore
2599 2690 2787 2752 huius
2817 2685 3285 2750 Transactionis

677 2800 1066 2880 restituenda,
1097 2801 1284 2861 iidem
1320 2799 1687 2882 possideant,
1720 2800 1922 2861 donec
1955 2800 2409 2862 controversiae
2442 2797 2782 2878 Religionis
2814 2794 3117 2858 amicabili
3149 2813 3289 2875 par-

675 2908 834 2970 tium
879 2908 1332 2990 compositione
1380 2906 1708 2968 universali
1752 2905 2145 2985 definiantur,
2196 2924 2326 2967 non
2373 2904 2612 2967 attentis
2660 2902 3128 2985 exceptionibus
3159 2899 3286 2960 sive

680 3030 820 3076 ante
865 3014 990 3075 sive
1040 3030 1179 3096 post
1220 3014 1726 3075 Transactionem
1776 3013 2232 3075 Passaviensem
2282 3028 2387 3073 aut
2432 3014 2651 3074 Pacem
2697 3010 3048 3089 religiosam
3092 3006 3286 3067 refor-

679 3138 841 3183 mata
874 3137 932 3182 et
963 3135 1278 3202 occupata,
1316 3136 1421 3181 aut
1452 3120 1625 3200 quod
1657 3140 1788 3181 non
1821 3122 1898 3182 de
1930 3120 2027 3181 vel
2059 3120 2121 3181 in
2152 3119 2457 3181 territorio
2491 3125 2888 3198 Augustanae
2920 3115 3283 3178 Confessio-

680 3228 776 3289 nis
808 3228 1112 3304 Statuum,
1166 3228 1259 3288 vel
1294 3243 1593 3309 exempta,
1629 3228 1724 3288 vel
1757 3227 1887 3289 aliis
1918 3227 2187 3289 Statibus
2220 3228 2352 3288 iure
2385 3227 2890 3306 suffraganeatuS,
2922 3224 3291 3285 diaconatus

680 3334 867 3396 aliave
919 3335 1133 3416 quavis
1183 3335 1420 3396 ratione
1474 3334 1742 3414 obligata
1793 3334 1981 3396 fuisse
2033 3335 2337 3396 dicuntur.
2402 3334 2672 3397 Unicum
2721 3334 3053 3413 solumque
3098 3331 3292 3392 huius

676 3442 1119 3519 transactionis,
1171 3440 1593 3517 restitutionis,
1644 3442 2193 3523 observantiaeque
2244 3442 2483 3503 futurae
2536 3442 3013 3503 fundamentum
3062 3438 3140 3501 sit
3187 3437 3285 3498 die

679 3550 875 3632 prima
909 3549 1171 3611 Ianuarii
1205 3567 1375 3608 anno
1409 3546 1738 3607 millesimo
1771 3548 2211 3609 sexcentesimo
2243 3547 2542 3627 vigesimo
2575 3563 2796 3629 quarto
2819 3546 3019 3607 habita
3042 3564 3286 3627 posses-

679 3660 792 3737 sio,
825 3658 1004 3719 irritis
1036 3675 1287 3738 prorsus
1320 3653 1807 3735 exceptionibuS,
1854 3673 2012 3734 quae
2047 3675 2121 3715 ex
2154 3655 2507 3716 introducto
2539 3655 2760 3718 alicubi
2790 3654 3080 3715 locorum
3113 3671 3277 3712 exer-

677 3765 822 3826 citio
869 3762 1296 3825 interimistico
1329 3762 1425 3821 vel
1457 3760 1863 3821 anterioribus
1895 3775 2000 3821 aut
2031 3762 2254 3822 secutis
2287 3762 2474 3843 pactis
2504 3761 2888 3843 generalibus
2920 3775 3026 3821 aut
3055 3757 3285 3840 specia-

676 3869 839 3931 libus
887 3866 1401 3930 transactionibus
1446 3864 1540 3926 veI
1592 3864 1800 3926 litibus
1855 3867 2037 3928 motis
2084 3867 2356 3929 causisve
2400 3867 2635 3945 decisiS,
2666 3867 2763 3928 vel
2795 3866 2976 3928 etiam
3008 3864 3287 3942 decretis,

678 3975 997 4056 mandatis,
1031 3973 1357 4054 rescriptis,
1389 3971 1711 4054 paritoriis,
1746 3973 2171 4052 reversalibuS,
2206 3973 2325 4034 litis
2356 3973 2700 4055 pendentiis
2732 3972 2828 4034 vel
2858 3971 2987 4032 aliis
3020 3972 3285 4053 quibus-

676 4104 927 4166 cunque
974 4082 1381 4165 praetextibus
1426 4096 1484 4141 et
1527 4080 1868 4143 rationibus
1916 4081 2162 4143 desumi
2194 4097 2463 4163 possent.
2529 4081 2654 4145 Ubi
2683 4081 2869 4160 igitur
2898 4080 3284 4162 supradicto-

675 4213 819 4255 rum
863 4190 1148 4253 omnium
1196 4191 1531 4267 bonorum,
1579 4190 1926 4249 eorundem
1959 4188 2426 4269 pertinentium,
2461 4187 2851 4249 fructuumve
2885 4191 3287 4265 Augustanae

677 4297 1105 4363 Confessionis
1136 4296 1404 4358 Statibus
1454 4295 1688 4376 aliquid
1733 4296 1959 4376 quovis
2004 4296 2199 4357 modo
2244 4310 2349 4354 aut
2381 4309 2714 4375 praetextu,
2744 4294 2871 4355 sive
2903 4293 3287 4371 iudicialiter,

675 4407 800 4469 sive
833 4403 1375 4482 extraiudicialiter,
1408 4423 1441 4462 a
1473 4403 1637 4465 dicto
1657 4419 1937 4485 tempore
1959 4403 2368 4463 interversum
2389 4415 2495 4462 aut
2511 4401 2871 4482 ademptum
2891 4417 2999 4481 est,
3023 4401 3289 4462 omnino

675 4517 908 4595 absque
954 4531 1130 4574 mora
1176 4526 1234 4572 et
1276 4509 1622 4571 indistincte
1663 4509 1968 4591 (interque
1999 4508 2103 4570 illa
2134 4506 2469 4590 specialiter
2498 4507 2681 4568 etiam
2712 4509 3105 4589 Monasteria,
3140 4509 3284 4571 fun·-

676 4622 954 4685 dationes
997 4635 1180 4700 atque
1224 4621 1389 4679 bona
1420 4617 1840 4679 Ecclesiastica
1888 4616 2097 4679 omnia
2129 4632 2188 4677 et
2220 4614 2464 4695 singula
2494 4635 2528 4674 a
2562 4615 2840 4696 Principe
2874 4617 3286 4679 Wurtenber·

673 4732 813 4812 gico
845 4749 1011 4791 anno
1043 4726 1373 4789 millesimo
1406 4725 1852 4787 sexcentesimo
1883 4724 2178 4786 vicesimo
2211 4738 2432 4804 quarto
2464 4723 2763 4803 possessa)
2811 4742 2956 4785 cum
2988 4724 3116 4786 suis
3147 4744 3283 4806 per-

673 4837 964 4915 tinentiiS,
1009 4835 1304 4897 reditibus
1337 4850 1395 4895 et
1426 4834 1878 4896 accessionibus
1923 4832 2285 4914 ubicunque
2318 4831 2463 4912 sitiS,
2501 4851 2629 4893 una
2660 4850 2804 4892 cum
2836 4831 3056 4893 amotis
3088 4833 3283 4893 docu-

676 4945 899 5010 mentis
932 4945 996 5006 in
1030 4943 1297 5027 priorem
1328 4956 1556 5003 statum
1587 4940 2002 5003 restituantur.
2035 4942 2167 5002 Nec
2197 4945 2598 5020 Augustanae
2630 4937 3029 5003 Confessioni
3061 4938 3283 5000 addicti
