3684 5416
430 1527 478 1559 10

421 3136 469 3177 ²5

420 3672 474 3715 30

419 4206 468 4249 35

1173 359 1434 412 Potestas
1473 357 1858 413 ecclesiastica
1901 371 1955 411 et
1992 355 2301 428 imperium
2340 355 2514 411 civile.
3040 373 3135 430 231

533 541 596 602 in
640 545 791 603 urbe
826 542 1142 604 Vicentina
1191 560 1249 604 et
1297 543 1439 604 alibi
1484 561 1593 624 per
1626 543 1762 603 illos
1794 541 2123 603 commissa
2155 542 2377 602 carceri
2411 541 2789 623 mancipasse
2822 558 2879 602 et
2913 541 3142 603 manci—

535 662 709 728 patos
761 649 1101 710 detinuisse
1151 652 1266 709 sub
1321 665 1653 730 praetextu,
1701 649 1872 727 quod
1927 648 2013 708 eis
2060 646 2254 708 facere
2287 649 2437 709 haec
2468 648 2690 724 liceret,
2724 648 2879 709 inter
2911 647 3026 708 alia
3059 649 3142 710 ob

534 755 838 834 quaedam
887 756 1031 835 ipsis
1066 759 1223 819 Duci
1258 774 1316 820 et
1353 758 1748 840 Reipublicae
1781 779 1813 818 a
1848 756 2223 837 quibusdam
2261 756 2440 817 Rom.
2476 756 2649 816 Pont.
2683 774 2972 818 concessa
3022 755 3143 836 pri-

534 861 770 942 vilegia.
819 862 1113 944 Cumque
1146 865 1473 946 praemissa
1509 866 1570 926 in
1604 865 1914 946 aliquibus
1937 863 2342 924 Ecclesiarum
2374 862 2613 923 iuribus
2644 878 2703 923 et
2733 880 3146 943 personarum

534 970 742 1029 eccles.
792 970 1117 1052 privilegiis
1170 972 1615 1053 praeiudicium
1666 971 1949 1048 inferant,
1998 971 2321 1051 ipsamque
2372 969 2711 1031 libertatem
2745 989 2813 1030 ac
2845 968 3143 1029 immuni-

533 1090 717 1137 tatem
764 1076 972 1137 eccleS.
1007 1076 1241 1152 tollant,
1287 1097 1355 1137 ac
1402 1097 1471 1138 ea
1519 1075 1731 1138 omnia
1778 1076 1841 1136 in
1875 1076 2152 1158 ipsorum
2188 1075 2378 1137 Ducis
2410 1093 2467 1136 et
2501 1075 2763 1137 Senatus
2796 1074 3143 1136 animarum

535 1182 864 1262 perniciem
899 1199 956 1244 et
987 1182 1348 1245 scandalum
1383 1183 1793 1264 plurimorum
1828 1183 2113 1256 tendant;
2177 1198 2234 1243 et
2282 1201 2428 1243 cum
2461 1182 2519 1255 ii,
2552 1181 2661 1262 qui
2692 1181 3040 1262 supradicta
3073 1199 3142 1240 ac

533 1288 746 1349 similia
800 1290 982 1350 edere
1033 1305 1092 1350 et
1139 1290 1549 1370 promulgare,
1600 1289 1842 1370 illisque
1898 1289 1986 1350 uti
2036 1288 2171 1352 ausi
2222 1305 2386 1367 sunt,
2440 1289 2503 1350 in
2537 1308 2828 1350 censuras
2861 1289 3073 1349 eccles.
3110 1308 3141 1348 a

531 1395 715 1456 sacris
761 1396 1103 1458 canonibus
1150 1397 1308 1459 Gen.
1345 1399 1540 1459 Conc.
1586 1397 1861 1457 decretas
1911 1412 1970 1458 et
2017 1397 2201 1459 Rom.
2238 1397 2412 1458 Pont.
2459 1396 3006 1459 constitutionibus
3051 1393 3144 1455 in·

533 1502 739 1580 flictas,
791 1523 901 1565 nec
950 1524 1080 1566 non
1125 1503 1306 1565 etiam
1341 1503 1695 1585 privationis
1727 1502 2059 1564 feudorum
2093 1518 2152 1564 et
2184 1506 2519 1579 bonorum,
2552 1504 2601 1564 si
2635 1522 2795 1583 quae
2828 1504 2903 1563 ab
2936 1502 3145 1563 Eccle-

532 1609 635 1669 siis
668 1610 967 1686 obtinent,
1021 1629 1256 1691 poenas
1301 1628 1377 1670 eo
1411 1609 1547 1689 ipso
1580 1609 1967 1685 incurrerint,
2002 1631 2034 1670 a
2069 1611 2298 1690 quibus
2332 1610 2610 1672 censuris
2642 1626 2700 1671 et
2733 1609 2953 1691 poenis
2984 1628 3143 1669 non-

534 1716 649 1777 nisi
698 1737 732 1776 a
783 1717 962 1779 nobis
1013 1734 1118 1778 aut
1152 1718 1335 1778 Rom.
1368 1714 1663 1776 Pontifice
1716 1734 1829 1795 pro
1881 1733 2160 1797 tempore
2208 1717 2498 1778 existente
2545 1718 2779 1779 absolvi
2814 1731 2872 1778 et
2902 1714 3145 1777 liberari

533 1827 787 1905 possint,
836 1846 905 1887 ac
951 1842 1269 1907 propterea
1311 1823 1607 1885 inhabiles
1640 1839 1698 1884 et
1730 1823 2050 1904 incapaces
2081 1825 2220 1903 sint,
2255 1826 2364 1905 qui
2399 1824 2805 1886 absolutionis
2837 1839 2895 1884 et
2926 1822 3145 1884 libera-

530 1932 712 1993 tionis
758 1933 1128 1995 beneficium
1177 1949 1656 2014 consequantur,
1704 1933 1907 1994 donec
1953 1934 2142 1994 editas
2174 1933 2337 2014 leges
2371 1935 2549 1995 novis
2582 1934 2791 1995 edictis
2823 1949 3007 2014 atque
3039 1932 3146 1992 de-

451 2064 470 2107 5
532 2039 707 2101 cretis
752 2040 1126 2117 sustulerint,
1175 2041 1512 2122 omniaque
1557 2041 1704 2103 inde
1735 2059 1940 2103 secuta
1975 2041 2168 2122 reipsa
2204 2041 2268 2102 in
2303 2041 2630 2122 pristinum
2662 2056 2887 2101 statum
2922 2039 3146 2100 reinte-

531 2147 868 2225 graverint;
939 2167 1210 2228 cumque
1261 2148 1444 2209 etiam
1500 2148 1640 2210 Dux
1691 2164 1750 2209 et
1800 2147 2063 2211 Senatus
2117 2163 2259 2228 post
2309 2148 2516 2228 plures
2568 2161 2845 2228 paternas
2908 2161 3146 2207 nostras

534 2253 913 2315 monitiones
959 2276 991 2315 a
1038 2254 1248 2316 multis
1283 2254 1599 2316 mensibus
1631 2256 1777 2317 citra
1813 2256 1900 2317 eis
1935 2255 2115 2317 factas
2146 2256 2352 2316 adhuc
2382 2255 2620 2314 decreta
2655 2271 2712 2315 et
2743 2254 2936 2314 edicta
2972 2272 3144 2334 prae-

534 2359 647 2420 fata
698 2379 829 2421 non
873 2362 1311 2440 revocaverint,
1359 2383 1427 2423 ac
1473 2363 1724 2424 eosdem
1760 2364 2157 2426 Canonicum
2189 2383 2259 2424 ac
2294 2365 2594 2423 Abbatem
2625 2378 2962 2423 carceratos
2993 2362 3144 2422 deti-

533 2483 731 2544 neant,
764 2484 823 2528 et
853 2467 991 2528 illos
1025 2489 1160 2530 ven.
1193 2467 1262 2530 fr.
1300 2470 1562 2530 Horatio
1596 2471 1776 2553 Eppo
1810 2471 2165 2533 Hieracensi
2202 2485 2416 2531 nostro
2448 2485 2507 2529 et
2529 2474 2746 2550 Apost.
2771 2468 2945 2530 Sedis
2978 2470 3145 2550 apud

534 2593 640 2634 eos
674 2574 933 2650 Nunti0,
987 2591 1054 2636 ut
1103 2576 1432 2652 debebant,
1466 2595 1594 2637 non
1626 2577 2150 2655 consignaverint:
2207 2578 2356 2644 Nos,
2406 2576 2513 2657 qui
2562 2575 2735 2637 nullo
2784 2592 2959 2656 pacto
2994 2575 3146 2637 ferre

531 2681 849 2759 debemus,
900 2699 965 2743 ut
1011 2682 1410 2746 ecclesiastica
1457 2684 1701 2746 libertas
1748 2700 1806 2746 et
1852 2684 2225 2763 immunitas,
2260 2700 2593 2765 nostraque
2627 2698 2685 2745 et
2716 2682 2893 2745 Sedis
2928 2688 3144 2764 Apost.

530 2789 856 2850 auctoritas
901 2790 1181 2861 violetur,
1230 2807 1288 2851 et
1336 2807 1785 2867 contemnatur,
1821 2792 2209 2853 inhaerentes
2244 2791 2520 2874 plurium
2552 2791 2772 2853 Gener.
2806 2790 3002 2853 Conc.
3036 2792 3143 2852 de-

529 2895 722 2973 cretis,
771 2917 840 2958 ac
886 2897 1147 2976 vestigiis
1191 2899 1372 2959 Rom.
1405 2899 1583 2960 Pont.
1621 2898 1960 2960 Innocentii
1993 2899 2078 2961 111.
2118 2899 2380 2960 Honorii
2416 2899 2509 2959 111.
2556 2897 2836 2978 Gregorii
2880 2899 2980 2961 IX.
3030 2915 3140 2961 etc.

530 3022 799 3082 quorum
831 3005 1020 3084 aliqui
1054 3004 1270 3065 similia
1303 3022 1520 3067 statuta
1554 3022 1871 3086 tamquam
1909 3007 2045 3085 ipso
2077 3006 2209 3067 iure
2242 3006 2432 3083 nulla,
2466 3006 2731 3068 invalida
2766 3024 2824 3067 et
2853 3007 3017 3068 irrita
3051 3026 3142 3067 re-

531 3127 843 3187 vocarunt,
876 3132 945 3172 ac
979 3111 1147 3172 nulla
1182 3133 1310 3172 esse
1345 3114 1746 3173 decreverunt
1778 3128 1837 3174 et
1870 3113 2269 3192 declararunt,
2293 3131 2351 3174 et
2382 3114 2568 3194 aliqui
2604 3129 2814 3175 contra
2848 3113 3141 3174 similium

530 3218 906 3279 edictionum
952 3220 1297 3281 statutarios
1330 3221 1406 3280 ad
1440 3219 2103 3282 excommunicationis
2137 3221 2726 3301 promulgationem,
2758 3240 2873 3282 nec
2905 3239 3033 3282 non
3068 3220 3144 3279 ad

529 3324 643 3385 alia
687 3327 1088 3402 devenerunt,
1140 3326 1345 3387 habita
1392 3345 1536 3387 cum
1582 3346 1721 3387 ven.
1759 3326 1828 3387 fr.
1868 3327 2090 3387 nostris
2124 3326 2184 3389 S.
2225 3327 2297 3388 R.
2333 3328 2400 3388 E.
2433 3326 2876 3388 Cardinalibus
2908 3342 3144 3388 matura

528 3431 975 3493 consultatione
1008 3434 1084 3493 de
1116 3432 1393 3512 ipsorum
1430 3433 1687 3496 consilio
1720 3449 1778 3494 et
1806 3453 2084 3509 assensu,
2119 3434 2257 3495 licet
2286 3434 2632 3515 supradicta
2654 3435 2913 3509 decreta,
2950 3434 3142 3494 edicta

529 3554 587 3598 et
632 3539 918 3600 mandata
967 3539 1101 3620 ipso
1149 3539 1280 3602 iure
1313 3541 1500 3617 nulla,
1531 3539 1796 3601 invalida
1830 3554 1889 3600 et
1922 3541 2084 3601 irrita
2119 3541 2260 3618 sint,
2292 3561 2362 3601 ea
2395 3540 2807 3601 nihilominus
2840 3539 2979 3621 ipso
3012 3541 3142 3600 iure

529 3647 730 3706 adhuc
763 3648 839 3707 de
874 3664 1041 3707 novo
1074 3646 1264 3723 nulla,
1295 3647 1561 3708 invalida
1595 3663 1653 3708 et
1685 3647 1869 3725 irrita,
1906 3647 2265 3727 nulliusque
2294 3648 2533 3709 roboris
2555 3663 2612 3707 et
2632 3645 2935 3708 momenti
2957 3646 3142 3707 fuisse

529 3769 587 3812 et
618 3773 772 3830 esse,
815 3769 873 3814 et
906 3755 1220 3816 neminem
1253 3755 1332 3816 ad
1363 3754 1612 3815 illorum
1646 3755 2096 3816 observantiam
2130 3755 2323 3816 teneri
2355 3755 2748 3815 decernimus
2783 3769 2841 3814 et
2875 3755 3140 3814 declara-

527 3879 684 3922 mus.
747 3861 822 3920 Et
867 3860 1121 3942 insuper
1152 3862 1506 3924 auctoritate
1538 3863 1983 3943 omnipotentis
2019 3862 2129 3923 Dei
2172 3896 2241 3904 —
2281 3861 2395 3921 nisi
2430 3861 2569 3921 Dux
2603 3877 2660 3921 et
2690 3859 2954 3921 Senatus
2988 3861 3142 3922 intra

533 3986 614 4045 24
656 3966 786 4027 dies
836 3988 869 4028 a
916 3968 1014 4028 die
1066 3968 1498 4049 publicationis
1548 3969 1962 4049 praesentium
2021 4003 2089 4010 —
2141 3968 2447 4049 praedicta
2497 3968 2733 4028 decreta
2791 4002 2857 4009 —-
2901 3968 3143 4048 publice

530 4073 967 4149 revocaverint,
1016 4109 1093 4118 -
1144 4091 1204 4135 et
1249 4075 1509 4138 ulterius
1561 4076 1675 4136 nisi
1708 4097 1740 4136 a
1774 4076 2077 4137 similibus
2110 4074 2365 4136 decretis
2397 4090 2608 4135 contra
2641 4074 2996 4150 libertatem,
3028 4075 3141 4136 im-

527 4181 894 4241 munitatem
942 4196 1001 4242 et
1051 4182 1540 4244 iurisdictionem
1591 4182 1808 4244 eccles.
1844 4202 1911 4243 ac
1959 4201 2232 4244 nostram
2266 4199 2322 4242 et
2356 4181 2531 4243 Sedis
2564 4190 2682 4263 Ap.
2718 4182 3143 4244 auctoritatem

527 4286 780 4347 edendis
811 4308 1023 4348 cavere
1056 4304 1115 4349 et
1148 4289 1392 4369 penitus
1423 4290 1720 4350 abstinere
1756 4289 2167 4369 promiserint,
2199 4310 2268 4350 ac
2304 4309 2419 4351 nos
2452 4290 2527 4351 de
2561 4289 2653 4350 his
2687 4291 2974 4350 certiores
3007 4291 3141 4350 red-

527 4393 808 4468 diderint,
841 4411 898 4454 et
931 4395 1050 4456 nisi
1082 4396 1262 4456 etiam
1297 4397 1638 4477 praedictos
1671 4397 2062 4457 Canonicum
2097 4412 2155 4456 et
2175 4399 2476 4457 Abbatem
2496 4397 2737 4458 Nuntio
2759 4416 2902 4458 curn
2924 4396 3141 4457 effectu

529 4499 1037 4579 consignaverint,
1068 4502 1235 4583 ipsos
1281 4536 1366 4545 —
1415 4522 1487 4564 ex
1520 4522 1686 4563 nunc
1720 4522 1832 4584 pro
1866 4518 2012 4563 tunc
2044 4503 2659 4565 excommunicamus
2689 4514 2747 4563 et
2779 4522 3141 4564 excommu-

529 4609 761 4671 nicatos
810 4610 1180 4671 nunciamus
1226 4628 1282 4672 et
1329 4610 1725 4673 declaramus.
1778 4645 1864 4654 —
1916 4612 1986 4671 Et
2034 4611 2085 4673 si
2131 4611 2274 4672 dicti
2310 4612 2449 4673 Dux
2493 4628 2550 4671 et
2586 4612 2849 4673 Senatus
2883 4630 2991 4691 per
3022 4628 3139 4670 tres

528 4716 654 4778 dies
702 4733 836 4797 post
886 4716 1131 4797 lapsum
1176 4718 1482 4777 dictorum
1536 4737 1618 4798 24
1665 4719 1908 4779 dierum
1955 4738 2256 4781 excomm.
2306 4718 2672 4779 sententiam
2705 4719 2935 4793 animo,
2968 4717 3139 4795 quod

528 4824 700 4897 absit,
750 4824 1153 4885 sustinuerint
1198 4824 1505 4901 indurate,
1555 4844 1624 4884 ex
1675 4844 1839 4885 nunc
1890 4824 2110 4905 pariter
2158 4843 2269 4905 pro
2317 4839 2464 4885 tunc
2498 4824 2822 4885 Civitatem
2858 4823 3141 4883 Venetia-
