3684 5416
397 467 448 474 —
1031 391 1300 446 Potestas
1323 390 1717 447 'ecclesiastica
1758 405 1814 448 et
1853 392 2159 465 imperium
2198 394 2375 451 civile.
2910 417 3002 476 ¹53

609 596 665 637 2.
726 575 962 638 Placuit
1006 575 1190 637 etiam
1236 574 1418 638 nobis
1463 592 1533 638 ut
1575 577 1908 660 presbyteri
1954 580 2413 661 baptismalium
2445 584 2875 647 aecclesiarum
2907 606 3003 647 se-

394 683 671 745 cundum
721 702 900 744 suam
946 682 1413 763 possibilitatem
1458 683 1724 745 debitam
1761 684 2178 748 obedientiam
2212 688 2298 748 rei
2331 689 2576 769 publice
2608 706 2667 751 et
2697 691 3005 754 honorem

395 790 668 851 exibeant
715 789 1019 871 episcopis
1063 788 1193 850 suis
1230 791 1461 870 absque
1491 791 1848 870 gravedine,
1895 793 2223 872 quomodo
2254 795 2576 858 necessitas
2607 813 2666 858 et
2698 799 2856 860 ordo
2891 821 3005 881 po-

394 912 674 976 poscent.

316 1023 336 1066 5
612 1023 668 1085 3.
732 1002 1074 1064 Statuimus
1120 1003 1325 1080 etiam,
1372 1003 1423 1065 si
1468 1003 1816 1066 obedientia
1862 1004 1948 1065 rei
1982 1004 2260 1086 publicae
2291 1008 2603 1090 episcopis
2629 1010 2812 1072 talis
2796 1010 3004 1073 iniun-

389 1109 554 1188 gitur
599 1129 791 1191 quam
835 1130 945 1191 per
989 1130 1054 1171 se
1086 1109 1259 1172 facile
1290 1110 1627 1192 adimplere
1660 1111 2070 1192 nequiverint,
2101 1130 2171 1174 ut
2202 1117 2495 1196 prebeant
2524 1116 2825 1179 solacium
2857 1121 3005 1181 sub-

389 1216 526 1278 iecti
558 1218 909 1279 secundum
941 1218 1303 1297 qualitatem
1334 1217 1599 1280 iniuncti
1629 1218 1876 1281 servitii.

602 1345 663 1404 4.
729 1325 818 1385 De
863 1324 1261 1386 senodochiis
1305 1325 1697 1407 precipimus,
1739 1343 1806 1388 ut
1838 1329 2192 1391 secundum
2226 1330 2691 1411 possibilitatem
2723 1333 2820 1394 vel
2850 1349 3004 1395 tem-

389 1431 557 1513 poris
590 1431 955 1493 fertilitatem
985 1435 1492 1494 testamentorum
1526 1433 1746 1514 scripta
1778 1450 2135 1515 sequantur.

294 1556 341 1588 ιο
613 1559 665 1618 5.
730 1538 821 1599 De
867 1538 1109 1600 feminis
1156 1559 1297 1600 cum
1348 1541 1714 1622 presbyteris
1758 1543 2254 1606 cohabitantibus
2285 1545 2510 1626 placuit
2541 1561 2611 1607 ut
2641 1546 2887 1627 penitus
2919 1548 3005 1608 ei-

388 1646 647 1722 ciantur,
694 1665 770 1706 ne
820 1644 1075 1706 ulterius
1105 1664 1270 1707 cum
1303 1645 1399 1706 his
1431 1646 1507 1707 de
1539 1647 1771 1727 quibus
1802 1649 2195 1729 suspicantur
2225 1670 2488 1732 quoquo
2521 1653 2716 1714 modo
2747 1672 3005 1715 conver-

387 1769 632 1827 sentur3
696 1768 756 1813 et
799 1751 850 1813 si
899 1767 1037 1833 post
1083 1752 1348 1833 primam
1380 1754 1895 1816 contestationem
1931 1756 2204 1837 episcopi
2239 1757 2333 1818 sui
2368 1778 2401 1819 a
2429 1761 2667 1840 septem
2698 1779 2899 1841 usque
2929 1762 3006 1822 ad

385 1876 506 1922 tres
551 1860 791 1922 idoneis
823 1859 1076 1921 testibus
1109 1859 1497 1923 convincitur
1527 1862 1992 1942 praevaricasse,
2027 1864 2258 1945 proprii
2289 1866 2519 1943 gradus
2551 1865 2827 1947 periculo
2859 1869 3006 1928 sub-

387 1968 595 2029 iaceat.

291 2091 335 2135 ¹5
609 2075 664 2134 6.
727 2072 792 2135 Si
839 2072 1166 2155 episcopus
1212 2075 1724 2137 contestationem
1771 2074 1869 2136 vel
1915 2077 2369 2157 correptionem
2416 2077 2851 2140 huiuscemodi
2897 2099 3006 2142 ne-

384 2181 641 2259 glexerit
685 2197 789 2242 aut
834 2196 975 2262 post
1023 2182 1141 2242 hoc
1181 2181 1461 2243 sinodale
1494 2181 1829 2245 concilium
1866 2183 2019 2244 infra
2054 2184 2184 2245 dies
2215 2184 2327 2246 XL
2356 2185 2788 2246 emendatione
2821 2186 3006 2298 digna

384 2309 525 2351 non
556 2287 986 2366 emendaverit,
1020 2287 1251 2351 iudicio
1286 2289 1743 2370 metropolitani
1774 2290 1873 2352 sui
1904 2292 2269 2352 sententiam
2302 2291 2628 2352 subiaceat.

391 2460 408 2484 ‚
605 2415 664 2461 7.
728 2395 822 2456 De
870 2395 1266 2457 senodochiis
1328 2396 1719 2477 precipimus,
1781 2413 1852 2458 ut
1914 2398 2299 2479 quicumque
2349 2399 2482 2459 illas
2538 2399 2743 2474 habet,
2794 2400 3004 2461 omnia

384 2501 738 2562 secundum
773 2502 980 2562 Deum
1025 2517 1085 2562 et
1132 2502 1483 2564 secundum
1543 2521 1813 2565 canones
1846 2504 2228 2576 inde.faciat;
2282 2521 2340 2566 et
2371 2505 2668 2586 quicquid
2700 2504 2844 2566 inde
2875 2524 3007 2568 non

284 2622 335 2654 ²0
388 2608 504 2669 fuit
551 2608 764 2669 datum
811 2607 1185 2689 pauperibus
1241 2625 1379 2691 post
1421 2609 1663 2671 obitum
1695 2610 1914 2672 domni
1945 2610 2185 2693 Pippini
2217 2612 2283 2673 in
2316 2612 2610 2673 omnibus
2643 2612 2745 2673 fiat
2777 2629 3008 2673 restau-

385 2732 608 2777 ratum.
672 2714 865 2792 Quod
912 2716 962 2777 si
1009 2716 1235 2797 aliquis
1271 2717 1391 2778 hoc
1423 2716 1619 2778 facere
1653 2719 1947 2799 noluerit,
1983 2720 2059 2780 de
2091 2720 2256 2800 ipsos
2287 2720 2702 2782 senodochios
2735 2722 2864 2782 non
2899 2721 3007 2782 ha·

387 2823 532 2884 heat
578 2838 960 2904 potestatem,
1013 2841 1213 2903 usque
1261 2822 1414 2884 dum
1462 2822 1667 2885 veniat
1714 2843 1862 2885 cum
1909 2823 2054 2905 ipsis
2100 2824 2300 2886 missis
2330 2825 2397 2886 in
2428 2842 2638 2888 nostra
2669 2827 3003 2908 presentia;

386 2945 444 2990 et
475 2929 652 2990 missi
684 2949 825 2991 cum
861 2931 999 3011 ipso
1032 2930 1332 3012 episcopo
1364 2930 1465 2991 illa
1496 2931 1858 2993 imbrevient
1888 2932 1954 2992 in
1986 2948 2195 2994 nostra
2228 2934 2531 3013 prese'ntia
2545 2936 2605 3011 1).

435 3088 444 3100 .
607 3037 838 3099 Datum
869 3037 1191 3111 Holonna‚
1239 3056 1405 3098 anno
1447 3037 1686 3119 imperii
1718 3039 2318 3102 domnoLudowici
2352 3057 2411 3102 et
2442 3042 2715 3104 Lottario
2747 3042 3007 3124 impera-

286 3158 332 3203 25
386 3144 629 3205 toribus
661 3144 786 3206 XII.
822 3159 880 3205 et
916 3143 1018 3206 VI.
1054 3163 1274 3206 mense
1308 3145 1542 3223 Madio,
1576 3144 1913 3207 indictione
1947 3146 2037 3207 111.
2103 3145 2161 3226 [l.
2196 3167 2246 3209 c.
2283 3167 2418 3228 pag.
2459 3147 2843 3230 328—329.]

611 3356 650 3420 ¹)
687 3372 738 3427 7.
759 3355 1107 3421 (secundum
1134 3353 1277 3409 alios
1305 3352 1583 3420 codiceS.)
1609 3384 1676 3392 —
1704 3355 1789 3408 De
1814 3354 2174 3410 monasteriis
2203 3368 2259 3410 et
2282 3355 2643 3411 senedochiis
2671 3354 3006 3410 inordinatis

387 3455 444 3497 et
485 3441 790 3499 destructis
829 3443 904 3497 ad
943 3442 1218 3515 palatium
1257 3442 1347 3496 vel
1385 3444 1459 3497 ad
1485 3460 1970 3516 quorumcunque
1996 3443 2117 3499 iura
2143 3442 2578 3515 pertinentibus,
2617 3443 3005 3516 quiadmoni-

390 3530 610 3586 tionem
651 3530 1063 3603 episcoporum
1091 3544 1498 3600 contemnunt,
1538 3531 1753 3602 placuit
1779 3546 2011 3588 nostrae
2039 3532 2341 3604 imperialis
2366 3532 2758 3605 providentiae
2795 3532 3006 3588 iudicio

388 3637 680 3675 reservari.

287 3799 337 3843 30
427 3792 432 3795 ’
925 3814 926 3817 ¹
1477 3781 1573 3837 46.
1629 3781 1823 3837 0'r'r0
1863 3783 1917 3838 1.

603 3933 632 3962 ‘
698 3936 847 3989 Mon.
886 3936 1081 3989 Germ.
1119 3936 1285 3999 hist.;
1329 3935 1536 4004 Legum
1575 3918 1714 3992 Sect.
1755 3935 1849 3988 IV.
1898 3934 1948 3987 T.
1987 3934 2029 3986 Ι.
2070 3933 2157 3987 ed.
2211 3931 2577 3986 Weiland.
2616 3949 2744 4003 pag.
2783 3948 2853 4001 24
2890 3947 3007 4002 seq.

391 4016 441 4069 D
463 4016 806 4078 Ummler,
860 4017 1058 4069 Kais'e?
1095 4017 1230 4070 Otto
1266 4018 1368 4070 der
1402 4017 1633 4069 Grosse.
1685 4013 1919 4085 Leipzig
1953 4014 2101 4086 1876.
2172 4013 2461 4077 Sickel‚
2501 4016 2622 4068 Das
2659 4015 3006 4083 Przbilegium

388 4097 522 4151 Otto
560 4098 593 4151 I
616 4097 722 4157 fiir
757 4098 842 4150 die
879 4102 1017 4151 riim.
1057 4096 1259 4152 Kirche
1296 4113 1414 4150 vom
1450 4096 1624 4165 Jahre
1666 4096 1790 4166 962.
1854 4094 2172 4165 Innsbruck
2205 4092 2355 4166 1883.
2420 4094 2706 4159 Hauck‚
2746 4093 3006 4150 Kircleen-

381 4178 701 4247 geschichte
738 4178 1161 4235 Deutschlands.
1202 4177 1289 4232 ΙΙΙ.
1318 4194 1437 4247 229.
2463 4220 2467 4224 ,

290 4331 336 4376 35
647 4307 1173 4386 Privilegium
1224 4305 1556 4368 Ottonis
1613 4304 2141 4386 Imperatoris
2215 4325 2282 4384 13
2339 4305 2551 4368 Febr.
2605 4308 2750 4383 962.

614 4430 693 4512 [ι]
730 4433 797 4493 In
831 4432 1090 4493 nomine
1121 4430 1359 4492 domini
1391 4430 1488 4491 dei
1523 4430 1971 4511 omnipotentis
2006 4430 2194 4511 patris
2225 4445 2282 4490 et
2313 4429 2424 4490 filii
2445 4444 2505 4490 et
2523 4426 2773 4509 spiritus
2804 4430 3009 4493 sancti.

391 4540 523 4621 Ego
557 4539 706 4600 Otto
751 4539 849 4600 dei
878 4538 1067 4618 gratia
1098 4538 1430 4620 imperator
1460 4552 1761 4616 augustus
1793 4557 1920 4598 una
1953 4557 2099 4599 cum
2137 4537 2368 4598 Ottone
2400 4536 2674 4615 glorioso
2706 4554 2845 4614 rege
2880 4535 3008 4597 filio

392 4662 605 4708 nostro
638 4646 842 4708 divina
876 4646 1201 4707 ordinante
1234 4645 1617 4727 providentia
1663 4646 2049 4727 spondemus
2083 4660 2268 4725 atque
2304 4643 2719 4725 promittimus
2753 4661 2859 4723 per
2889 4642 3008 4702 hoc

392 4769 637 4834 pactum
673 4752 1160 4815 confirmationis
1193 4769 1436 4816 nostrae
1467 4752 1578 4813 tibi
1613 4754 1790 4813 beato
1823 4753 2006 4813 Petro
2043 4751 2305 4832 principi
2336 4750 2761 4831 apostolorum
2798 4764 2855 4809 et
2885 4748 3007 4809 cla-

292 4882 342 4922 40
392 4860 597 4939 vigero
630 4861 800 4941 regni
831 4860 1144 4922 caelorum
1178 4876 1236 4921 et
1267 4879 1376 4940 per
1406 4875 1465 4920 te
1495 4858 1721 4920 vicario
1751 4875 1863 4920 tuo
1883 4858 2121 4919 domno
2150 4858 2414 4919 Iohanni
2446 4876 2701 4918 summo
2734 4855 3005 4936 pontifici

395 4983 451 5026 et
482 4967 802 5029 universali
834 4967 998 5029 X11¹¹²⁰
1032 4986 1243 5048 papae,
1280 4968 1437 5028 sicut
1468 4987 1500 5027 a
1535 4966 2068 5048 predecessoribus
2091 4965 2301 5026 vestris
2323 4983 2522 5045 usque
2544 4962 2793 5025 nuncin
2815 4979 3006 5023 vestra
