3684 5416
530 1516 580 1550 10

530 2049 576 2093 ι5

528 2582 582 2615 20

528 3122 579 3167 ²5

527 3779 581 3825 30

527 4294 577 4339 35

525 4827 581 4869 4ο

645 366 740 406 ιιο
1281 350 1547 419 Potestas
1587 349 1965 406 ecclesiastica
1993 363 2049 407 et
2086 350 2390 423 imperium
2429 350 2605 407 civile.

633 534 838 615 risque
860 533 1092 597 uitiosis
1113 533 1298 595 animi
1334 534 1676 615 partibus?»
1719 535 1904 596 Plane
1938 535 2059 596 hoc
2079 536 2364 618 exemplo
2382 536 2524 597 satis
2543 536 2834 599 edoctum
2865 552 2957 597 est
2984 536 3241 617 quibus-

633 642 778 702 dam
808 660 939 702 esse
972 641 1186 703 utilem
1216 641 1595 720 seruitutem,
1630 658 1688 703 et
1721 642 1857 703 Deo
1890 641 2142 722 quidem
2177 658 2246 703 ut
2275 641 2578 704 seruiatur
2607 643 2754 704 utile
2774 662 2908 705 esse
2930 642 3240 705 omnibus.

633 747 923 810 Seruiens
968 763 1174 810 autem
1206 749 1343 810 Deo
1389 749 1631 810 animus
1679 764 1838 810 recte
1872 749 2130 831 imperat
2160 749 2426 831 corpori,
2458 750 2648 831 inque
2677 749 2815 832 ipso
2848 750 3057 812 animo
3088 751 3240 812 ratio

632 855 769 917 Deo
803 854 1077 917 Domino
1109 856 1352 917 subdita
1385 872 1544 917 recte
1578 855 1833 937 imperat
1864 855 2099 918 libidini
2132 856 2417 937 uitiisque
2450 857 2680 918 ceteris.
2712 856 3106 939 Quapropter
3138 856 3242 918 ubi

632 961 828 1023 homo
862 962 998 1023 Deo
1033 980 1162 1023 non
1195 963 1402 1040 seruit,
1436 962 1585 1042 quid
1620 962 1685 1024 in
1717 980 1793 1023 eo
1827 963 2174 1044 putandum
2206 979 2298 1025 est
2328 983 2458 1025 esse
2491 963 2787 1026 iustitiae?
2818 963 3074 1044 quando
3105 963 3243 1045 qui-

631 1068 775 1131 dem
809 1069 945 1131 Deo
977 1088 1106 1131 non
1136 1069 1413 1130 seruiens
1445 1068 1621 1130 nullo
1652 1068 1847 1130 modo
1879 1085 2078 1150 potest
2108 1069 2267 1131 iuste
2299 1069 2545 1131 animus
2577 1070 2824 1150 corpori
2843 1085 2947 1132 aut
2967 1070 3242 1132 humana

629 1175 784 1237 ratio
815 1175 975 1237 uitiis
1006 1175 1321 1257 imperare.
1388 1177 1463 1237 Et
1492 1176 1542 1237 si
1576 1176 1635 1236 in
1671 1176 1926 1237 homine
1955 1176 2059 1237 tali
2092 1195 2224 1238 non
2255 1191 2346 1238 est
2377 1177 2499 1238 ulla
2532 1177 2773 1255 iustitia,
2809 1177 3025 1259 procul
3051 1177 3241 1240 dubio

628 1300 743 1343 nec
775 1281 838 1343 in
870 1282 1199 1344 hominum
1230 1297 1432 1359 coetu,
1467 1282 1576 1364 qui
1605 1303 1680 1344 ex
1712 1282 2073 1344 hominibus
2101 1284 2323 1345 talibus
2356 1300 2609 1346 constat.
2644 1284 2792 1347 Non
2823 1299 2913 1345 est
2944 1284 3044 1345 hic
3079 1303 3229 1366 ergo

632 1388 779 1449 iuris
810 1388 908 1450 ille
940 1408 1302 1466 consensus,
1337 1390 1445 1470 qui
1477 1390 1808 1451 hominum
1839 1389 2301 1452 multitudinem
2322 1391 2627 1473 populum
2648 1389 2803 1468 facit,
2836 1390 3015 1453 cuius
3034 1410 3131 1452 res
3151 1391 3244 1452 di—

631 1494 786 1556 citur
830 1514 961 1556 esse
1007 1515 1102 1556 res
1153 1495 1412 1576 publica.
1464 1496 1637 1565 ,Nam
1682 1496 1759 1557 de
1806 1496 2057 1558 utilitate
2091 1496 2241 1578 quid
2275 1497 2499 1572 dicam,
2532 1497 2708 1559 cuius
2740 1497 2924 1559 etiam
2957 1517 3242 1559 commu-

630 1600 821 1663 nione
850 1601 1114 1663 sociatus
1144 1618 1355 1664 coetus
1387 1603 1738 1679 hominum,
1769 1604 1927 1664 sicut
1956 1624 2089 1665 sese
2118 1604 2301 1665 habet
2319 1604 2428 1666 ista
2450 1603 2743 1680 definiti0,
2776 1604 3048 1686 populus
3070 1623 3237 1665 nun·

632 1714 928 1790 cupatur?
976 1708 1284 1784 Quamuis
1331 1709 1514 1785 enim,
1558 1709 1608 1771 si
1640 1710 1963 1789 diligenter
1994 1709 2306 1787 adtendas,
2352 1729 2467 1771 nec
2499 1710 2724 1771 utilitas
2754 1711 2829 1772 sit
2862 1710 2984 1772 ulla
3017 1710 3243 1773 uiuen-

629 1815 808 1894 tium,
843 1815 950 1897 qui
983 1815 1207 1877 uiuunt
1235 1816 1418 1898 inpie,
1452 1817 1609 1878 sicut
1639 1816 1796 1877 uiuit
1825 1817 2053 1896 omnis,
2086 1816 2192 1896 qui
2226 1836 2357 1880 non
2388 1817 2574 1878 seruit
2596 1817 2731 1880 Deo
2763 1817 3079 1898 seruitque
3099 1817 3245 1879 dae·

634 1922 945 1993 monibus,
993 1937 1165 1985 tanto
1214 1924 1408 2004 magis
1459 1923 1653 2005 inpiis,
1713 1940 1950 2003 quanto
2004 1923 2199 2003 magis
2249 1923 2380 2002 sibi,
2426 1943 2573 1985 cum
2617 1923 2739 1985 sint
2784 1923 3244 1986 inmundissimi

632 2029 898 2110 spirituS,
947 2045 1267 2111 tamquam
1319 2030 1413 2091 dis
1463 2030 1784 2092 sacrificari
1834 2030 2095 2092 uolunt:
2148 2046 2358 2093 tamen
2408 2031 2582 2112 quod
2630 2032 2708 2093 de
2753 2030 2902 2093 iuris
2933 2050 3242 2094 consensu

635 2137 901 2198 diximus
947 2138 1088 2199 satis
1133 2158 1266 2200 esse
1313 2139 1588 2217 arbitror,
1640 2140 1808 2200 unde
1839 2154 2124 2221 appareat
2157 2158 2264 2220 per
2295 2138 2455 2200 hanc
2488 2138 2920 2201 definitionem
2950 2158 3079 2200 non
3109 2157 3243 2199 esse

634 2244 956 2326 populum,
1006 2245 1184 2307 cuius
1227 2266 1324 2307 res
1370 2241 1610 2327 publica
1658 2265 1789 2307 esse
1822 2246 2077 2321 dicatur,
2128 2245 2201 2306 in
2235 2265 2363 2326 quo
2395 2244 2616 2307 iustitia
2650 2263 2784 2307 non
2815 2258 2920 2305 est.
2954 2244 3044 2306 *Si
3077 2244 3243 2305 enim

634 2351 847 2413 dicunt
879 2371 1007 2413 non
1038 2352 1349 2434 spiritibus
1382 2352 1718 2428 inmundis,
1748 2353 1857 2414 sed
1891 2351 1982 2414 dis
2016 2352 2161 2414 boni
2193 2352 2398 2433 adque
2428 2351 2651 2414 sanctis
2680 2350 2744 2413 in
2774 2370 2884 2411 sua
2916 2369 2982 2411 re
3001 2350 3244 2432 publica

633 2458 896 2520 seruisse
927 2460 1282 2521 Romanos:
1319 2459 1630 2540 numquid
1662 2460 1881 2521 eadem
1912 2459 2134 2522 totiens
2165 2459 2495 2542 repetenda
2527 2474 2693 2536 sunt,
2738 2476 2897 2538 quae
2929 2456 3053 2518 iarn
3084 2456 3244 2533 satis,

634 2564 830 2626 immo
877 2565 1032 2627 ultra
1078 2584 1267 2647 quam
1313 2566 1454 2627 satis
1486 2581 1576 2628 est
1606 2566 1915 2628 diximus?
1976 2565 2138 2642 Quis
2170 2566 2338 2628 enim
2369 2566 2447 2628 ad
2479 2566 2647 2627 hunc
2677 2566 2889 2627 locum
2922 2583 3029 2646 per
3059 2583 3242 2645 supe-

635 2672 824 2734 riores
870 2673 1055 2735 huius
1099 2673 1299 2756 operis
1346 2673 1534 2735 libros
1582 2673 1876 2756 peruenit,
1927 2674 2034 2755 qui
2081 2673 2357 2736 dubitare
2391 2673 2596 2735 adhuc
2628 2671 2818 2755 possit
2850 2669 3025 2734 malis
3057 2686 3115 2733 et
3144 2669 3242 2732 in-

636 2780 804 2862 puris
835 2780 1243 2842 daemonibus
1274 2782 1534 2843 seruisse
1557 2782 1899 2859 Romanos,
1934 2781 2049 2844 nisi
2085 2782 2187 2844 uel
2221 2782 2489 2843 nimium
2520 2780 2781 2842 stolidus
2814 2779 3244 2861 uelinpuden-

633 2886 862 2947 tissime
908 2884 1370 2949 contentiosus?
1423 2889 1544 2950 Sed
1595 2903 1661 2949 ut
1690 2904 1925 2950 taceam
1957 2889 2172 2970 quales
2203 2888 2342 2966 sint,
2390 2906 2552 2968 quos
2582 2886 2892 2949 sacrificiis
2925 2887 3240 2948 colebant:

635 2993 698 3054 in
746 2993 880 3072 lege
926 2995 1057 3055 ueri
1093 2994 1206 3056 Dei
1251 2994 1549 3076 scriptum
1594 3010 1715 3056 est:
1780 2993 2280 3056 Sacrificans
2328 2995 2448 3056 dis
2497 2994 3040 3056 eradicabitur
3088 2991 3242 3054 nisi

636 3099 976 3162 Domino
1020 3115 1346 3162 tantum.
1412 3102 1543 3163 Nec
1586 3102 1767 3163 bonis
1814 3101 1999 3181 igitur
2042 3120 2155 3163 nec
2200 3101 2376 3163 malis
2407 3101 2516 3163 dis·
2533 3100 2856 3163 sacrificari
2887 3099 3104 3177 uoluit,
3134 3098 3245 3180 qui

635 3205 755 3267 hoc
787 3225 930 3267 cum
960 3222 1126 3270 tanta
1159 3208 1641 3270 comminatione
1674 3208 1996 3290 praecepit.
2047 3206 2133 3288 [11.
2169 3228 2220 3271 c.
2252 3228 2387 3290 pag.
2418 3205 2809 3287 408—410.]

1107 3435 1200 3489 27.
1254 3433 1731 3491 Tnssonosms
1770 3435 1835 3490 11
1872 3435 1970 3490 m*
2007 3433 2615 3490 VALENTINIANUS
2653 3434 2779 3489 111.

846 3593 875 3621 ⁸
923 3594 1318 3649 Theodosianus
1356 3596 1423 3649 ΙΙ.
1478 3593 1565 3649 cd.
1607 3595 1668 3648 P.
1710 3596 1786 3649 M.
1815 3595 2083 3668 Mayer.
2150 3592 2595 3665 HinschiuS,
2632 3596 2853 3665 Sys-tem.
2897 3592 2935 3646 1.
2965 3606 3091 3663 5043
3150 3592 3243 3645 IV.

633 3672 753 3744 784.
817 3672 1266 3745 Friedberg‚
1322 3674 1619 3729 Lehrbuch.
1656 3692 1710 3746 p.
1752 3692 1978 3747 37—39.
2045 3672 2544 3743 Crivellucci,
2580 3676 2762 3728 Storia
2799 3673 2936 3727 delle
2973 3675 3242 3743 relazioni.

632 3771 687 3826 P·
729 3772 831 3828 339
867 3771 987 3827 Seq-

633 3872 780 3927 Nov.
821 3870 1302 3940 xv11.[Haenel
1336 3871 1503 3935 XV1.]
1572 3870 1672 3925 De
1714 3869 2276 3942 Episcoporum
2317 3867 2820 3924 ordinatione
2872 3866 3135 3938 (4451u1.
3174 3866 3245 3931 8).

845 3978 972 4034 DD.
1010 3977 1132 4032 NN.
1173 3976 1368 4031 IMPP.
1408 3974 1948 4040 THEOD(OSIVS)
1998 3976 2099 4031 ET
2136 3974 2806 4039 VALENTuNJANVS)
2844 3976 2967 4030 ΑΑ.
3003 3973 3241 4030 ΑΕΤῙΟ

740 4067 918 4122 VIRO
958 4065 1360 4134 INL(VSTR1)
1399 4066 1671 4122 COMITI
1710 4066 1813 4120 ET
1852 4064 2248 4121 MAGISTRO
2278 4062 2722 4132 VTRIVSQVE
2757 4062 3100 4119 MILITIAE
3139 4061 3255 4116 ET*

739 4154 1119 4210 PATRICIO.

846 4268 1102 4330 Certum
1150 4281 1239 4328 est
1283 4266 1461 4328 nobis
1506 4282 1565 4327 et
1609 4266 1872 4349 imperio
1919 4281 2131 4327 nostro
2178 4265 2437 4326 unicum
2470 4284 2601 4326 esse
2635 4263 3009 4345 praesidium
3040 4264 3103 4325 in
3137 4282 3245 4324 su-

634 4394 856 4457 pernae
888 4373 1214 4436 divinitatis
1247 4373 1470 4449 favore,
1503 4373 1579 4433 ad
1613 4392 1805 4454 quem
1836 4372 2322 4455 promerendum
2355 4372 2681 4454 praecipue
2714 4370 3063 4433 Christiana
3092 4369 3244 4432 fides

634 4496 691 4543 et
723 4482 1069 4542 veneranda
1102 4480 1278 4541 nobis
1312 4480 1525 4560 religio
1558 4479 1944 4559 suffragatur.
2008 4480 2174 4542 Cum
2207 4478 2390 4558 igitur
2420 4477 2581 4540 sedis
2613 4477 2982 4560 apostolicae
3014 4477 3243 4559 prima·

632 4603 768 4649 turn
815 4587 1005 4649 sancti
1056 4587 1213 4649 Petri
1264 4587 1572 4665 meritum,
1625 4586 1733 4667 qui
1781 4586 2066 4668 princeps
2116 4600 2207 4647 est
2256 4585 2614 4667 episcopalis
2662 4603 2957 4662 coronae,
3003 4601 3062 4648 et
3114 4584 3242 4647 Ro·

632 4716 849 4759 manae
895 4695 1158 4775 dignitas
1202 4693 1472 4772 civitatis»,
1520 4713 1723 4755 sacrae
1769 4694 1951 4756 etiam
1984 4692 2208 4775 synodi
2257 4692 2553 4755 firmasset
2602 4691 2947 4771 auctoritas,
2981 4710 3060 4754 ne
3091 4691 3243 4773 quid

633 4819 871 4886 praeter
914 4803 1337 4865 auctoritatem
1369 4801 1529 4863 sedis
1561 4800 1733 4861 istius
1762 4800 1989 4862 inlicita
2023 4799 2441 4882 praesumptio
2474 4813 2766 4861 attentare
2799 4798 3030 4860 nitatur
3074 4799 3243 4874 (tunc

633 4911 795 4973 enim
872 4909 1262 4972 ecclesiarum
1325 4929 1439 4991 pax
1503 4908 1733 4989 ubique
1796 4907 2154 4984 servabitur,
2215 4906 2264 4967 si
2326 4921 2625 4968 rectorem
2688 4925 2877 4967 suurn
2951 4925 3246 4989 agnoscat
