3684 5416
386 450 441 455 —
1437 373 1644 446 Legati
1681 375 1979 446 pontificii.
2910 382 3005 454 561

389 578 544 638 quae
576 559 641 617 in
676 556 1014 618 Romanam
1049 558 1368 620 ecclesiam
1404 560 1762 642 deliquerit,
1794 568 2050 621 matrem
2085 569 2276 636 tuam,
2307 584 2463 643 quae
2494 585 2678 645 quum
2712 571 2770 625 te
2801 570 3008 628 nutri-

390 666 551 724 verit
593 670 654 723 et
693 664 1075 738 exaltaverit,
1123 672 1187 726 tu
1231 687 1361 727 eam
1395 671 1651 749 penitus
1685 669 1987 749 sprevisse
2018 669 2270 743 videris,
2302 670 2411 749 qui
2442 671 2659 751 spretis
2691 672 3008 734 canonicis

390 770 813 832 sanctionibus
858 786 917 832 et
963 772 1413 834 consuetudine
1458 774 1751 853 generali,
1796 791 1973 836 motu
2021 775 2274 857 proprio
2321 779 2802 860 praesumpsisti,
2851 781 3017 861 quod

398 897 512 937 nec
522 880 768 957 sactum
784 881 945 958 ficit,
977 900 1090 939 nec
1121 881 1423 954 auditum,
1457 881 1861 942 venerabilem
1875 885 2154 960 fratrem
2188 890 2463 945 nostrum
2497 885 2846 947 Troianum
2880 887 3002 969 epi-

297 1008 325 1053 5
390 1004 655 1066 scopum
687 988 871 1065 regni
898 986 1155 1046 Siciliae
1186 987 1626 1048 cancellarium
1645 995 1903 1070 praeter
1931 990 2200 1070 speciale
2231 992 2586 1052 mandatum
2620 1000 2899 1054 nostrum
2932 994 3010 1055 de

390 1091 663 1152 Troiana
697 1091 948 1153 ecclesia
981 1093 1057 1153 ad
1091 1092 1596 1155 panormitanam
1631 1095 1709 1155 de
1742 1094 1921 1173 facto,
1955 1098 2103 1175 quia
2124 1097 2197 1156 de
2217 1099 2353 1157 iure
2370 1119 2491 1159 non
2499 1101 2792 1180 potuisti,
2814 1116 3013 1162 trans-

393 1196 565 1259 ferre.
601 1197 785 1277 [Sane
816 1205 925 1259 etc.
957 1202 1037 1277 cf.
1069 1221 1119 1259 c.
1150 1217 1211 1279 3.
1245 1201 1319 1260 de
1350 1220 1463 1261 usu
1497 1206 1558 1260 et
1587 1208 1747 1263 auct.
1762 1201 1924 1283 pall.
1958 1202 2009 1263 I.
2044 1199 2121 1281 8.]

606 1424 670 1494 e)
708 1424 1212 1479 Innocentius
1252 1425 1367 1479 111.
1407 1425 1676 1497 eidem,
1714 1425 1785 1481 in
1825 1445 1872 1482 c.
1899 1446 1952 1498 4.
1980 1429 2049 1483 X.
2075 1431 2144 1483 de
2180 1432 2372 1501 officio
2408 1433 2592 1501 legati.
2632 1431 2672 1484 1.
2715 1449 2798 1505 30.

607 1583 636 1613 ‘
676 1583 837 1654 Corp.
866 1586 973 1639 iur.
999 1603 1121 1639 can.
1150 1585 1238 1639 ed.
1278 1584 1713 1654 Friedberg.
1753 1587 2018 1642 Tom.11.
2049 1587 2159 1642 col.
2197 1588 2308 1657 ¹84·
2360 1589 2742 1644 Potthast.
2770 1608 2823 1644 n.
2862 1591 3011 1662 1056.

286 1748 339 1781 ,ο
1020 1709 1389 1765 Summatum
1419 1710 1524 1765 fuit
1550 1728 1722 1783 supra
1747 1709 1803 1765 in
1833 1729 1956 1783 cap.
1985 1713 2370 1783 praecedenti.

608 1821 801 1896 Quod
846 1823 1308 1885 translationem
1344 1825 1383 1899 †
1415 1827 1743 1907 pontificis
1775 1826 1851 1887 de
1893 1823 2149 1886 Troiano
2183 1829 2531 1909 episcopatu
2565 1830 2651 1889 ad
2677 1830 3011 1892 Panormi-

395 1938 601 1992 tanam
634 1930 1015 2012 metropolim
1049 1953 1085 1991 a
1120 1938 1176 1991 te
1189 1934 1436 2010 factam
1472 1933 1756 1994 nolumus
1788 1940 1989 1993 ratam
2010 1932 2254 2008 habere,
2274 1934 2443 2015 {elus
2462 1937 2671 2016 utique
2693 1957 2812 1997 non
2835 1958 3009 1998 ama-

396 2037 720 2111 ritudinis,
766 2038 877 2097 sed
917 2030 1312 2100 rectitudinis
1357 2060 1468 2100 nos
1515 2040 1779 2113 induxit,
1813 2042 1982 2120 quia,
2015 2040 2184 2101 Licet
2217 2040 2281 2100 in
2315 2060 2511 2120 regno
2545 2042 2780 2103 Siciliae
2816 2063 3007 2122 gene-

396 2144 534 2205 ralis
566 2144 640 2204 sit
672 2144 777 2204 tibi
811 2144 1140 2205 commissa
1172 2146 1417 2225 legatiO,
1449 2147 1524 2206 ad
1559 2166 1629 2207 ea
1660 2161 1867 2207 tamen
1899 2146 2031 2207 sine
2062 2147 2306 2228 speciali
2326 2148 2618 2209 mandato
2640 2164 2856 2210 nostro
2880 2170 3010 2211 non

287 2289 336 2332 ¹5
395 2250 656 2312 debuisti
689 2271 912 2312 manus
943 2252 1288 2328 extendere,
1320 2272 1478 2333 quae
1511 2252 1575 2314 in
1608 2253 1860 2332 signum
1892 2253 2190 2335 privilegii
2223 2253 2550 2333 singularis
2582 2271 2729 2316 sunt
2759 2270 3004 2318 tantum

396 2377 649 2419 summo
682 2358 961 2420 Pontifici
1009 2374 1324 2420 reservata.
1397 2358 1613 2421 Tamen
1649 2360 1723 2420 Et
1768 2360 1819 2420 si
1868 2361 2173 2440 quaedam
2213 2381 2285 2421 ex
2319 2361 2430 2439 hia,
2463 2381 2623 2441 quae
2656 2362 2733 2423 de
2765 2362 3014 2444 speciali

395 2465 793 2527 concessione
838 2486 1019 2547 saepe
1071 2466 1243 2527 fuere
1294 2466 1506 2546 legatis
1552 2466 1806 2545 indulta,
1846 2483 1914 2528 ut
1945 2466 2196 2528 illorum
2228 2468 2510 2529 videlicet
2542 2468 2869 2548 absoluti0,
2901 2470 3011 2551 qui

395 2588 646 2653 propter
693 2573 1016 2653 sacrilegas
1068 2592 1371 2634 manuum
1423 2573 1783 2634 iniectiones
1828 2574 1891 2635 in
1938 2574 2209 2653 clericos,
2264 2575 2545 2652 incidunt
2592 2575 2655 2636 in
2702 2595 3009 2638 canonem

396 2680 819 2760 promulgatae
865 2680 1219 2757 sententiae,
1262 2680 1591 2742 videantur
1636 2700 1709 2742 ex
1753 2680 1891 2762 ipso
1937 2682 2264 2761 legationis
2297 2682 2507 2745 officio
2543 2682 2667 2745 iam
2698 2683 2880 2746 licere
2916 2683 3011 2745 le-

284 2827 342 2859 20
395 2788 566 2868 gatiS,
619 2807 699 2848 an
750 2788 1076 2867 existimaS‚
1144 2789 1287 2869 quia
1339 2789 1500 2849 vices
1557 2804 1796 2850 nostras
1841 2805 2141 2870 tanquam
2186 2790 2386 2870 legato
2432 2791 2539 2852 tibi
2586 2791 3014 2853 commisimus

396 2895 839 2974 exsequendas,
887 2896 1063 2975 quod
1098 2896 1601 2958 Panormitanam
1648 2895 1968 2958 ecclesiam
2015 2917 2226 2978 posses
2271 2898 2571 2959 subiicere
2606 2898 3013 2975 Messanensi,

397 3017 464 3062 ut
514 3002 681 3063 illam
731 3001 1090 3084 praeficeres
1141 3004 1256 3084 isti,
1303 3023 1598 3066 concesso
1644 3002 1759 3065 sibi
1807 3003 2126 3085 privilegio
2171 3005 2529 3087 primatiae?
2579 3009 2678 3066 An
2710 3020 2906 3088 putaS,
2940 3025 3014 3067 ex

396 3109 612 3170 eadem
659 3130 841 3171 causa
871 3110 980 3172 tibi
1009 3112 1209 3187 licere,
1259 3112 1421 3173 duos
1452 3112 1845 3193 episcopatus
1879 3113 2075 3188 unire,
2109 3112 2205 3173 vel
2237 3133 2435 3175 unum
2472 3112 2743 3174 dividere
2775 3113 2909 3173 sine
2942 3111 3015 3171 li-

397 3216 592 3278 centia
640 3217 929 3299 speciali?
977 3217 1111 3278 Non
1160 3239 1307 3299 ergo
1356 3221 1422 3278 in
1468 3222 1599 3280 eius
1651 3219 1884 3293 odium,
1916 3218 2015 3279 vel
2042 3220 2127 3279 ad
2154 3220 2454 3280 iniuriam
2487 3222 2583 3280 tui
2611 3226 2849 3301 reputes
2884 3240 3017 3281 esse

285 3368 341 3411 ²5
378 3325 649 3401 sactum,
694 3325 808 3385 sed
849 3330 919 3385 ut
931 3324 1341 3406 privilegium
1376 3325 1548 3385 Petri
1578 3331 1824 3385 maneat
1854 3327 2306 3399 inconcussum,
2339 3347 2521 3406 quum
2556 3334 2616 3386 et
2621 3325 2851 3404 felicis
2883 3346 3015 3386 me-

397 3432 631 3490 moriae
661 3431 1013 3492 Alexander
1046 3431 1245 3513 Papa,
1263 3431 1706 3513 praedecessor
1738 3438 1966 3503 noster,
1999 3434 2183 3511 quasi
2210 3432 2413 3491 simile
2426 3433 2683 3506 fecerit,
2715 3432 3016 3492 obviando

387 3540 889 3619 praesumptioni
930 3537 1143 3617 legati,
1189 3557 1361 3617 quem
1408 3539 1473 3597 in
1507 3536 1886 3617 Hispaniam
1922 3537 2290 3610 destinarat,
2323 3536 2549 3596 volenti
2575 3537 2782 3597 simile
2813 3543 3015 3597 atten-

401 3650 552 3704 tare.
621 3641 835 3725 [Super
867 3665 933 3704 eo
964 3664 1104 3704 vero
1138 3650 1245 3703 etc.
1279 3645 1355 3721 af.
1390 3666 1439 3703 c.
1477 3660 1576 3704 ιι.
1611 3644 1684 3704 de
1717 3650 1894 3725 temp.
1931 3643 2063 3704 ord.
2095 3642 2143 3704 I.
2190 3663 2206 3703 1
2233 3640 2307 3721 1.]

1091 3940 1220 3996 218.
1275 3938 1715 3996 GREGORIUS
1755 3940 1870 3995 lx.
1910 3896 2345 4009 (ieet-1141).

450 4118 518 4188 a)
576 4117 999 4189 Gregorius
1039 4118 1145 4172 IX.
1188 4117 1683 4172 patriarchae
1721 4116 2477 4189 Hierosolymitan0‚
2516 4116 2587 4172 in
2626 4133 2673 4171 c.
2712 4115 2764 4171 8.
2804 4118 2871 4171 X.
2911 4118 2979 4170 de

289 4171 345 4217 3⁰
1410 4200 1600 4269 officio
1638 4200 1823 4268 legati.
1860 4198 1900 4251 I.
1941 4214 2025 4270 30.

615 4354 643 4381 ⁸
685 4354 843 4423 Corp.
871 4355 979 4407 τήν.
1005 4371 1127 4406 can.
1169 4352 1257 4406 ed.
1284 4351 1719 4423 Friedberg.
1761 4352 1934 4407 Tom.
1963 4351 2026 4404 11.
2068 4350 2327 4422 col.185.
2367 4350 2732 4405 Potthast
2769 4368 2824 4405 n.
2863 4369 3026 4425 9559.

401 4497 712 4551 Praesente
760 4495 948 4567 legato
975 4494 1046 4550 de
1073 4495 1250 4550 latere
1278 4494 1469 4550 minor
1495 4494 1717 4566 legatus
1745 4492 2178 4550 exsecutionem
2207 4491 2386 4549 officii
2409 4491 2498 4548 sui
2524 4492 2808 4549 dimittere
2837 4496 3029 4550 debet.

616 4627 911 4688 Volentes
958 4629 1051 4702 (et
1095 4629 1266 4706 infra
1282 4628 1338 4701 ,9
1389 4626 1768 4688 Frater-nitati
1813 4642 1954 4687 tuae
1999 4624 2321 4705 legationis
2353 4624 2635 4686 officium
2666 4624 2729 4685 in
2768 4625 3025 4705 provin-

290 4777 342 4824 35
400 4735 493 4797 cia
527 4749 633 4796 tua
666 4733 961 4796 duximus
995 4732 1535 4810 committendum,
1567 4733 1647 4794 ita
1681 4748 1910 4811 tamen,
1945 4733 2139 4813 quod,
2174 4732 2223 4792 si
2255 4732 2529 4812 legatum
2564 4732 2639 4791 ad
2672 4747 2871 4810 partes
2893 4729 3026 4791 illas

402 4841 480 4903 de
533 4841 719 4903 latere
770 4856 981 4902 nostro
1032 4840 1359 4920 contigerit
1405 4839 1714 4916 destinari,
1747 4838 2204 4900 exsecutionem
2251 4838 2442 4920 ipsius
2474 4835 2682 4915 officii,
2718 4836 3023 4918 quamdiu

400 4949 652 5030 legatus
686 4948 815 5029 ipse
846 4946 929 5007 ibi
964 4946 1165 5025 fuerit,
1199 4965 1313 5027 pro
1347 4945 1507 5006 sedis
1540 4944 1910 5027 apostolicae
1943 4945 2276 5006 reverentia
2309 4943 2575 5007 omnino
2609 4942 2893 5005 dimittas,

615 5069 916 5113 Galante:
946 5068 1114 5112 Fontes
1142 5067 1223 5121 jur.
1254 5080 1350 5110 can.
2816 5047 2884 5121 36
