<?xml version="1.0" encoding="UTF-8"?>
<!DOCTYPE html PUBLIC "-//W3C//DTD XHTML 1.0 Transitional//EN"
    "http://www.w3.org/TR/xhtml1/DTD/xhtml1-transitional.dtd">
<html xmlns="http://www.w3.org/1999/xhtml" xml:lang="en" lang="en">
 <head>
  <title>
</title>
<meta http-equiv="Content-Type" content="text/html;charset=utf-8" />
  <meta name='ocr-system' content='tesseract 3.04.00' />
  <meta name='ocr-capabilities' content='ocr_page ocr_carea ocr_par ocr_line ocrx_word'/>
</head>
<body>
  <div class='ocr_page' id='page_1' title='image "./fontesiuriscano00unkngoog/fontesiuriscano00unkngoog_0458.png"; bbox 0 0 3684 5416; ppageno 0'>
   <div class='ocr_carea' id='block_1_1' title="bbox 572 368 2196 437">
    <p class='ocr_par' dir='ltr' id='par_1_1' title="bbox 572 368 2196 437">
     <span class='ocr_line' id='line_1_1' title="bbox 572 368 2196 437; baseline 0.001 -16"><span class='ocrx_word' id='word_1_1' title='bbox 572 384 680 437; x_wconf 86' lang='lat'><strong>422</strong></span> <span class='ocrx_word' id='word_1_2' title='bbox 1592 368 1865 424; x_wconf 81' lang='lat' dir='ltr'>Pontifex</span> <span class='ocrx_word' id='word_1_3' title='bbox 1903 385 2196 425; x_wconf 87' lang='lat' dir='ltr'><strong>romanus.</strong></span> 
     </span>
    </p>
   </div>
   <div class='ocr_carea' id='block_1_2' title="bbox 457 523 3203 2564">
    <p class='ocr_par' dir='ltr' id='par_1_2' title="bbox 457 523 3203 2564">
     <span class='ocr_line' id='line_1_2' title="bbox 571 523 3203 632; baseline 0.002 -22"><span class='ocrx_word' id='word_1_4' title='bbox 571 549 783 611; x_wconf 89' lang='lat' dir='ltr'><strong>dictae.</strong></span> <span class='ocrx_word' id='word_1_5' title='bbox 881 559 910 619; x_wconf 85' lang='lat' dir='ltr'><strong>s</strong></span> <span class='ocrx_word' id='word_1_6' title='bbox 966 571 1021 632; x_wconf 88' lang='lat'><strong>3.</strong></span> <span class='ocrx_word' id='word_1_7' title='bbox 1087 551 1282 613; x_wconf 91' lang='lat' dir='ltr'><strong>Porro</strong></span> <span class='ocrx_word' id='word_1_8' title='bbox 1326 523 1389 612; x_wconf 34' lang='lat' dir='ltr'><strong>‘si</strong></span> <span class='ocrx_word' id='word_1_9' title='bbox 1452 553 1740 614; x_wconf 85' lang='lat' dir='ltr'><strong>Romano</strong></span> <span class='ocrx_word' id='word_1_10' title='bbox 1802 572 1933 614; x_wconf 91' lang='lat' dir='ltr'><strong>non</strong></span> <span class='ocrx_word' id='word_1_11' title='bbox 1995 552 2188 615; x_wconf 90' lang='lat' dir='ltr'><strong>electo</strong></span> <span class='ocrx_word' id='word_1_12' title='bbox 2248 553 2542 615; x_wconf 86' lang='lat' dir='ltr'><strong>Pontifice</strong></span> <span class='ocrx_word' id='word_1_13' title='bbox 2587 554 2927 615; x_wconf 84' lang='lat' dir='ltr'>cardinales</span> <span class='ocrx_word' id='word_1_14' title='bbox 2973 574 3203 617; x_wconf 84' lang='lat' dir='ltr'><strong>omnes</strong></span> 
     </span>
     <span class='ocr_line' id='line_1_3' title="bbox 570 655 3192 742; baseline 0.001 -23"><span class='ocrx_word' id='word_1_15' title='bbox 570 655 757 719; x_wconf 91' lang='lat' dir='ltr'><strong>simul</strong></span> <span class='ocrx_word' id='word_1_16' title='bbox 805 658 900 719; x_wconf 87' lang='lat' dir='ltr'><strong>vel</strong></span> <span class='ocrx_word' id='word_1_17' title='bbox 947 659 1289 720; x_wconf 86' lang='lat' dir='ltr'><strong>successive</strong></span> <span class='ocrx_word' id='word_1_18' title='bbox 1337 660 1531 741; x_wconf 90' lang='lat' dir='ltr'><strong>(quod</strong></span> <span class='ocrx_word' id='word_1_19' title='bbox 1563 660 1734 737; x_wconf 90' lang='lat' dir='ltr'><strong>absit)</strong></span> <span class='ocrx_word' id='word_1_20' title='bbox 1782 660 1943 721; x_wconf 85' lang='lat' dir='ltr'><strong>exire</strong></span> <span class='ocrx_word' id='word_1_21' title='bbox 1977 660 2316 740; x_wconf 81' lang='lat' dir='ltr'><strong>contigeret</strong></span> <span class='ocrx_word' id='word_1_22' title='bbox 2348 660 2636 723; x_wconf 91' lang='lat' dir='ltr'><strong>conclave</strong></span> <span class='ocrx_word' id='word_1_23' title='bbox 2669 662 3038 742; x_wconf 89' lang='lat' dir='ltr'><strong>deputatum</strong></span> <span class='ocrx_word' id='word_1_24' title='bbox 3070 661 3192 722; x_wconf 90' lang='lat' dir='ltr'><strong>eis-</strong></span> 
     </span>
     <span class='ocr_line' id='line_1_4' title="bbox 565 764 3196 850; baseline 0.001 -24"><span class='ocrx_word' id='word_1_25' title='bbox 565 764 744 826; x_wconf 87' lang='lat' dir='ltr'>dem:</span> <span class='ocrx_word' id='word_1_26' title='bbox 797 766 881 843; x_wconf 90' lang='lat' dir='ltr'><strong>hi,</strong></span> <span class='ocrx_word' id='word_1_27' title='bbox 916 766 994 826; x_wconf 88' lang='lat' dir='ltr'><strong>ad</strong></span> <span class='ocrx_word' id='word_1_28' title='bbox 1027 786 1190 847; x_wconf 94' lang='lat' dir='ltr'><strong>quos</strong></span> <span class='ocrx_word' id='word_1_29' title='bbox 1222 766 1483 848; x_wconf 85' lang='lat' dir='ltr'>pertinet</span> <span class='ocrx_word' id='word_1_30' title='bbox 1516 767 1825 829; x_wconf 83' lang='lat' dir='ltr'><strong>exsecutio</strong></span> <span class='ocrx_word' id='word_1_31' title='bbox 1859 767 2318 829; x_wconf 85' lang='lat' dir='ltr'><strong>constitutionis</strong></span> <span class='ocrx_word' id='word_1_32' title='bbox 2350 768 2712 850; x_wconf 83' lang='lat' dir='ltr'><strong>praedictae,</strong></span> <span class='ocrx_word' id='word_1_33' title='bbox 2746 769 2886 830; x_wconf 90' lang='lat' dir='ltr'><strong>illos</strong></span> <span class='ocrx_word' id='word_1_34' title='bbox 2918 789 2992 829; x_wconf 85' lang='lat' dir='ltr'><strong>ex</strong></span> <span class='ocrx_word' id='word_1_35' title='bbox 3024 768 3196 849; x_wconf 80' lang='lat' dir='ltr'><strong>ipsis,</strong></span> 
     </span>
     <span class='ocr_line' id='line_1_5' title="bbox 564 872 3186 958; baseline 0.002 -26"><span class='ocrx_word' id='word_1_36' title='bbox 564 872 794 952; x_wconf 90' lang='lat' dir='ltr'><strong>quibus</strong></span> <span class='ocrx_word' id='word_1_37' title='bbox 841 872 1164 935; x_wconf 86' lang='lat' dir='ltr'><strong>infirmitas</strong></span> <span class='ocrx_word' id='word_1_38' title='bbox 1204 873 1479 957; x_wconf 88' lang='lat' dir='ltr'><strong>corporis</strong></span> <span class='ocrx_word' id='word_1_39' title='bbox 1513 890 1617 936; x_wconf 89' lang='lat' dir='ltr'><strong>aut</strong></span> <span class='ocrx_word' id='word_1_40' title='bbox 1651 890 1800 936; x_wconf 87' lang='lat' dir='ltr'><strong>nota</strong></span> <span class='ocrx_word' id='word_1_41' title='bbox 1832 875 2110 937; x_wconf 82' lang='lat' dir='ltr'><strong>debilitas</strong></span> <span class='ocrx_word' id='word_1_42' title='bbox 2141 875 2598 958; x_wconf 80' lang='lat' dir='ltr'><strong>excusationem</strong></span> <span class='ocrx_word' id='word_1_43' title='bbox 2633 895 2762 938; x_wconf 90' lang='lat' dir='ltr'><strong>non</strong></span> <span class='ocrx_word' id='word_1_44' title='bbox 2795 876 2981 956; x_wconf 87' lang='lat' dir='ltr'><strong>dabit,</strong></span> <span class='ocrx_word' id='word_1_45' title='bbox 3016 875 3186 936; x_wconf 88' lang='lat' dir='ltr'><strong>idem</strong></span> 
     </span>
     <span class='ocr_line' id='line_1_6' title="bbox 482 979 3190 1065; baseline -0 -21"><span class='ocrx_word' id='word_1_46' title='bbox 482 1000 506 1045; x_wconf 80' lang='grc'><strong><em>5</em></strong></span> <span class='ocrx_word' id='word_1_47' title='bbox 564 979 855 1041; x_wconf 85' lang='lat' dir='ltr'><strong>conclave</strong></span> <span class='ocrx_word' id='word_1_48' title='bbox 902 999 1092 1060; x_wconf 88' lang='lat' dir='ltr'><strong>quam</strong></span> <span class='ocrx_word' id='word_1_49' title='bbox 1138 981 1261 1043; x_wconf 91' lang='lat' dir='ltr'><strong>cito</strong></span> <span class='ocrx_word' id='word_1_50' title='bbox 1295 998 1607 1064; x_wconf 87' lang='lat' dir='ltr'><strong>poterunt,</strong></span> <span class='ocrx_word' id='word_1_51' title='bbox 1643 982 1937 1044; x_wconf 83' lang='lat' dir='ltr'><strong>reintrare</strong></span> <span class='ocrx_word' id='word_1_52' title='bbox 1969 982 2364 1063; x_wconf 90' lang='lat' dir='ltr'><strong>compellant,</strong></span> <span class='ocrx_word' id='word_1_53' title='bbox 2399 1002 2632 1065; x_wconf 89' lang='lat' dir='ltr'><strong>poenas</strong></span> <span class='ocrx_word' id='word_1_54' title='bbox 2663 984 2730 1045; x_wconf 89' lang='lat' dir='ltr'><strong>in</strong></span> <span class='ocrx_word' id='word_1_55' title='bbox 2767 984 2926 1045; x_wconf 88' lang='lat' dir='ltr'><strong>dicta</strong></span> <span class='ocrx_word' id='word_1_56' title='bbox 2960 983 3190 1044; x_wconf 89' lang='lat' dir='ltr'><strong>consti-</strong></span> 
     </span>
     <span class='ocr_line' id='line_1_7' title="bbox 561 1087 3178 1164; baseline 0.001 -15"><span class='ocrx_word' id='word_1_57' title='bbox 561 1087 801 1150; x_wconf 85' lang='lat' dir='ltr'><strong>tutione</strong></span> <span class='ocrx_word' id='word_1_58' title='bbox 836 1105 1179 1164; x_wconf 76' lang='lat' dir='ltr'><strong>contentaS,</strong></span> <span class='ocrx_word' id='word_1_59' title='bbox 1212 1089 1329 1151; x_wconf 88' lang='lat' dir='ltr'><strong>nisi</strong></span> <span class='ocrx_word' id='word_1_60' title='bbox 1361 1091 1484 1152; x_wconf 89' lang='lat' dir='ltr'><strong>hoc</strong></span> <span class='ocrx_word' id='word_1_61' title='bbox 1518 1090 1770 1151; x_wconf 88' lang='lat' dir='ltr'><strong>fecerint</strong></span> <span class='ocrx_word' id='word_1_62' title='bbox 1802 1089 2130 1152; x_wconf 89' lang='lat' dir='ltr'><strong>incursuri.</strong></span> <span class='ocrx_word' id='word_1_63' title='bbox 2179 1089 2540 1153; x_wconf 87' lang='lat' dir='ltr'><strong>Cardinales</strong></span> <span class='ocrx_word' id='word_1_64' title='bbox 2570 1105 2782 1152; x_wconf 87' lang='lat' dir='ltr'><strong>autem</strong></span> <span class='ocrx_word' id='word_1_65' title='bbox 2813 1091 3178 1152; x_wconf 89' lang='lat' dir='ltr'><strong>huiusmodi</strong></span> 
     </span>
     <span class='ocr_line' id='line_1_8' title="bbox 563 1195 3197 1278; baseline 0.002 -23"><span class='ocrx_word' id='word_1_66' title='bbox 563 1195 854 1257; x_wconf 90' lang='lat' dir='ltr'><strong>conclave</strong></span> <span class='ocrx_word' id='word_1_67' title='bbox 899 1195 1259 1258; x_wconf 90' lang='lat' dir='ltr'><strong>reintrantes</strong></span> <span class='ocrx_word' id='word_1_68' title='bbox 1305 1196 1379 1257; x_wconf 94' lang='lat' dir='ltr'><strong>ad</strong></span> <span class='ocrx_word' id='word_1_69' title='bbox 1427 1196 1793 1259; x_wconf 86' lang='lat' dir='ltr'><strong>electionem</strong></span> <span class='ocrx_word' id='word_1_70' title='bbox 1829 1197 1955 1259; x_wconf 90' lang='lat' dir='ltr'><strong>iam</strong></span> <span class='ocrx_word' id='word_1_71' title='bbox 1988 1198 2214 1259; x_wconf 88' lang='lat' dir='ltr'><strong>dictam</strong></span> <span class='ocrx_word' id='word_1_72' title='bbox 2248 1197 2586 1278; x_wconf 89' lang='lat' dir='ltr'><strong>procedant</strong></span> <span class='ocrx_word' id='word_1_73' title='bbox 2618 1213 2677 1258; x_wconf 90' lang='lat' dir='ltr'><strong>et</strong></span> <span class='ocrx_word' id='word_1_74' title='bbox 2709 1197 2856 1259; x_wconf 90' lang='lat' dir='ltr'><strong>alias</strong></span> <span class='ocrx_word' id='word_1_75' title='bbox 2888 1198 3197 1260; x_wconf 89' lang='lat' dir='ltr'><strong>constitu-</strong></span> 
     </span>
     <span class='ocr_line' id='line_1_9' title="bbox 562 1301 3188 1385; baseline 0.002 -23"><span class='ocrx_word' id='word_1_76' title='bbox 562 1302 804 1364; x_wconf 89' lang='lat' dir='ltr'><strong>tionem</strong></span> <span class='ocrx_word' id='word_1_77' title='bbox 837 1301 1171 1384; x_wconf 81' lang='lat' dir='ltr'><strong>praefatam</strong></span> <span class='ocrx_word' id='word_1_78' title='bbox 1203 1306 1532 1366; x_wconf 87' lang='lat' dir='ltr'><strong>observent</strong></span> <span class='ocrx_word' id='word_1_79' title='bbox 1563 1306 1912 1366; x_wconf 91' lang='lat' dir='ltr'><strong>secundum</strong></span> <span class='ocrx_word' id='word_1_80' title='bbox 1945 1319 2195 1384; x_wconf 89' lang='lat' dir='ltr'><strong>statum,</strong></span> <span class='ocrx_word' id='word_1_81' title='bbox 2228 1305 2295 1366; x_wconf 92' lang='lat' dir='ltr'><strong>in</strong></span> <span class='ocrx_word' id='word_1_82' title='bbox 2330 1324 2460 1385; x_wconf 94' lang='lat' dir='ltr'><strong>quo</strong></span> <span class='ocrx_word' id='word_1_83' title='bbox 2494 1320 2666 1365; x_wconf 89' lang='lat' dir='ltr'><strong>erant</strong></span> <span class='ocrx_word' id='word_1_84' title='bbox 2703 1304 2763 1366; x_wconf 90' lang='lat' dir='ltr'><strong>in</strong></span> <span class='ocrx_word' id='word_1_85' title='bbox 2791 1306 3017 1367; x_wconf 89' lang='lat' dir='ltr'><strong>eodem</strong></span> <span class='ocrx_word' id='word_1_86' title='bbox 3037 1324 3188 1367; x_wconf 90' lang='lat' dir='ltr'><strong>con-</strong></span> 
     </span>
     <span class='ocr_line' id='line_1_10' title="bbox 561 1409 3186 1494; baseline 0 -23"><span class='ocrx_word' id='word_1_87' title='bbox 561 1409 735 1488; x_wconf 89' lang='lat' dir='ltr'><strong>clavi,</strong></span> <span class='ocrx_word' id='word_1_88' title='bbox 783 1410 1038 1492; x_wconf 90' lang='lat' dir='ltr'><strong>quando</strong></span> <span class='ocrx_word' id='word_1_89' title='bbox 1083 1411 1290 1494; x_wconf 88' lang='lat' dir='ltr'><strong>ipsum</strong></span> <span class='ocrx_word' id='word_1_90' title='bbox 1335 1425 1403 1472; x_wconf 91' lang='lat' dir='ltr'><strong>ut</strong></span> <span class='ocrx_word' id='word_1_91' title='bbox 1449 1411 1870 1493; x_wconf 89' lang='lat' dir='ltr'><strong>praemittitur,</strong></span> <span class='ocrx_word' id='word_1_92' title='bbox 1923 1411 2263 1473; x_wconf 84' lang='lat' dir='ltr'><strong>exiverunt.</strong></span> <span class='ocrx_word' id='word_1_93' title='bbox 2356 1420 2386 1481; x_wconf 83' lang='lat' dir='ltr'>S</span> <span class='ocrx_word' id='word_1_94' title='bbox 2432 1431 2492 1491; x_wconf 86' lang='lat'><strong>4.</strong></span> <span class='ocrx_word' id='word_1_95' title='bbox 2539 1412 2856 1487; x_wconf 89' lang='lat' dir='ltr'><strong>Ceterum,</strong></span> <span class='ocrx_word' id='word_1_96' title='bbox 2909 1426 2979 1472; x_wconf 95' lang='lat' dir='ltr'><strong>ut</strong></span> <span class='ocrx_word' id='word_1_97' title='bbox 3029 1412 3186 1472; x_wconf 86' lang='lat' dir='ltr'><strong>circa</strong></span> 
     </span>
     <span class='ocr_line' id='line_1_11' title="bbox 457 1516 3188 1600; baseline 0.001 -23"><span class='ocrx_word' id='word_1_98' title='bbox 457 1533 508 1568; x_wconf 79' lang='grc' dir='ltr'><strong>ιο</strong></span> <span class='ocrx_word' id='word_1_99' title='bbox 563 1516 931 1579; x_wconf 90' lang='lat' dir='ltr'><strong>electionem</strong></span> <span class='ocrx_word' id='word_1_100' title='bbox 981 1518 1349 1600; x_wconf 87' lang='lat' dir='ltr'><strong>praedictam</strong></span> <span class='ocrx_word' id='word_1_101' title='bbox 1402 1539 1479 1580; x_wconf 93' lang='lat' dir='ltr'><strong>eo</strong></span> <span class='ocrx_word' id='word_1_102' title='bbox 1529 1519 1726 1599; x_wconf 85' lang='lat' dir='ltr'><strong>magis</strong></span> <span class='ocrx_word' id='word_1_103' title='bbox 1775 1520 2049 1580; x_wconf 87' lang='lat' dir='ltr'><strong>vitentur</strong></span> <span class='ocrx_word' id='word_1_104' title='bbox 2097 1518 2512 1580; x_wconf 84' lang='lat' dir='ltr'><strong>dissensiones</strong></span> <span class='ocrx_word' id='word_1_105' title='bbox 2563 1533 2622 1579; x_wconf 89' lang='lat' dir='ltr'><strong>et</strong></span> <span class='ocrx_word' id='word_1_106' title='bbox 2673 1518 3000 1580; x_wconf 87' lang='lat' dir='ltr'><strong>schismata</strong></span> <span class='ocrx_word' id='word_1_107' title='bbox 3052 1538 3188 1599; x_wconf 93' lang='lat' dir='ltr'><strong>quo</strong></span> 
     </span>
     <span class='ocr_line' id='line_1_12' title="bbox 563 1623 3185 1713; baseline 0 -28"><span class='ocrx_word' id='word_1_108' title='bbox 563 1623 773 1685; x_wconf 90' lang='lat' dir='ltr'><strong>minor</strong></span> <span class='ocrx_word' id='word_1_109' title='bbox 818 1623 1183 1703; x_wconf 87' lang='lat' dir='ltr'><strong>eligentibus</strong></span> <span class='ocrx_word' id='word_1_110' title='bbox 1228 1625 1419 1688; x_wconf 89' lang='lat' dir='ltr'><strong>aderit</strong></span> <span class='ocrx_word' id='word_1_111' title='bbox 1465 1627 1809 1713; x_wconf 90' lang='lat' dir='ltr'><strong>dissidendi</strong></span> <span class='ocrx_word' id='word_1_112' title='bbox 1860 1625 2143 1688; x_wconf 87' lang='lat' dir='ltr'><strong>facultas:</strong></span> <span class='ocrx_word' id='word_1_113' title='bbox 2195 1626 2607 1706; x_wconf 88' lang='lat' dir='ltr'><strong>decernimus,</strong></span> <span class='ocrx_word' id='word_1_114' title='bbox 2643 1641 2712 1687; x_wconf 89' lang='lat' dir='ltr'><strong>ut</strong></span> <span class='ocrx_word' id='word_1_115' title='bbox 2744 1625 2954 1688; x_wconf 89' lang='lat' dir='ltr'><strong>nullus</strong></span> <span class='ocrx_word' id='word_1_116' title='bbox 2989 1626 3185 1688; x_wconf 91' lang='lat' dir='ltr'><strong>cardi-</strong></span> 
     </span>
     <span class='ocr_line' id='line_1_13' title="bbox 562 1731 3187 1815; baseline 0.001 -23"><span class='ocrx_word' id='word_1_117' title='bbox 562 1731 799 1793; x_wconf 90' lang='lat' dir='ltr'><strong>nalium</strong></span> <span class='ocrx_word' id='word_1_118' title='bbox 847 1732 1173 1794; x_wconf 88' lang='lat' dir='ltr'><strong>cuiuslibet</strong></span> <span class='ocrx_word' id='word_1_119' title='bbox 1220 1733 1881 1795; x_wconf 88' lang='lat' dir='ltr'><strong>excommunicationis</strong></span> <span class='ocrx_word' id='word_1_120' title='bbox 1928 1732 2355 1814; x_wconf 84' lang='lat' dir='ltr'><strong>suspensionis</strong></span> <span class='ocrx_word' id='word_1_121' title='bbox 2403 1748 2510 1796; x_wconf 86' lang='lat' dir='ltr'><strong>aut</strong></span> <span class='ocrx_word' id='word_1_122' title='bbox 2541 1733 2840 1794; x_wconf 88' lang='lat' dir='ltr'><strong>interdicti</strong></span> <span class='ocrx_word' id='word_1_123' title='bbox 2873 1749 3187 1815; x_wconf 85' lang='lat' dir='ltr'><strong>praetextu</strong></span> 
     </span>
     <span class='ocr_line' id='line_1_14' title="bbox 561 1839 3188 1921; baseline 0.001 -22"><span class='ocrx_word' id='word_1_124' title='bbox 561 1859 595 1899; x_wconf 93' lang='lat' dir='ltr'><strong>a</strong></span> <span class='ocrx_word' id='word_1_125' title='bbox 629 1839 786 1900; x_wconf 89' lang='lat' dir='ltr'><strong>dicta</strong></span> <span class='ocrx_word' id='word_1_126' title='bbox 818 1839 1014 1900; x_wconf 89' lang='lat' dir='ltr'><strong>valeat</strong></span> <span class='ocrx_word' id='word_1_127' title='bbox 1044 1839 1343 1901; x_wconf 90' lang='lat' dir='ltr'><strong>electione</strong></span> <span class='ocrx_word' id='word_1_128' title='bbox 1376 1840 1609 1921; x_wconf 87' lang='lat' dir='ltr'><strong>repelli,</strong></span> <span class='ocrx_word' id='word_1_129' title='bbox 1658 1840 1899 1901; x_wconf 87' lang='lat' dir='ltr'><strong>iuribus</strong></span> <span class='ocrx_word' id='word_1_130' title='bbox 1931 1840 2063 1901; x_wconf 90' lang='lat' dir='ltr'><strong>aliis</strong></span> <span class='ocrx_word' id='word_1_131' title='bbox 2095 1841 2254 1902; x_wconf 89' lang='lat' dir='ltr'><strong>circa</strong></span> <span class='ocrx_word' id='word_1_132' title='bbox 2285 1841 2651 1903; x_wconf 89' lang='lat' dir='ltr'><strong>electionem</strong></span> <span class='ocrx_word' id='word_1_133' title='bbox 2685 1841 2948 1902; x_wconf 89' lang='lat' dir='ltr'><strong>eandem</strong></span> <span class='ocrx_word' id='word_1_134' title='bbox 2983 1842 3188 1902; x_wconf 89' lang='lat' dir='ltr'><strong>hacte-</strong></span> 
     </span>
     <span class='ocr_line' id='line_1_15' title="bbox 560 1945 3190 2029; baseline 0.001 -24"><span class='ocrx_word' id='word_1_135' title='bbox 560 1965 681 2006; x_wconf 93' lang='lat' dir='ltr'><strong>nus</strong></span> <span class='ocrx_word' id='word_1_136' title='bbox 727 1945 902 2006; x_wconf 90' lang='lat' dir='ltr'><strong>editis</strong></span> <span class='ocrx_word' id='word_1_137' title='bbox 948 1947 1128 2027; x_wconf 92' lang='lat' dir='ltr'><strong>plene</strong></span> <span class='ocrx_word' id='word_1_138' title='bbox 1176 1946 1241 2007; x_wconf 91' lang='lat' dir='ltr'><strong>in</strong></span> <span class='ocrx_word' id='word_1_139' title='bbox 1286 1965 1403 2008; x_wconf 87' lang='lat' dir='ltr'><strong>suo</strong></span> <span class='ocrx_word' id='word_1_140' title='bbox 1450 1949 1673 2008; x_wconf 89' lang='lat' dir='ltr'><strong>robore</strong></span> <span class='ocrx_word' id='word_1_141' title='bbox 1723 1947 2047 2009; x_wconf 70' lang='lat' dir='ltr'><strong>duraturis</strong></span> <span class='ocrx_word' id='word_1_142' title='bbox 2112 1956 2141 2017; x_wconf 84' lang='lat' dir='ltr'><strong>s</strong></span> <span class='ocrx_word' id='word_1_143' title='bbox 2196 1968 2248 2027; x_wconf 86' lang='lat'><strong>5.</strong></span> <span class='ocrx_word' id='word_1_144' title='bbox 2302 1948 2556 2027; x_wconf 90' lang='lat' dir='ltr'><strong>Verum,</strong></span> <span class='ocrx_word' id='word_1_145' title='bbox 2600 1948 2748 2028; x_wconf 89' lang='lat' dir='ltr'><strong>quia</strong></span> <span class='ocrx_word' id='word_1_146' title='bbox 2778 1964 2902 2009; x_wconf 90' lang='lat' dir='ltr'><strong>tam</strong></span> <span class='ocrx_word' id='word_1_147' title='bbox 2937 1968 3009 2009; x_wconf 84' lang='lat' dir='ltr'><strong>ex</strong></span> <span class='ocrx_word' id='word_1_148' title='bbox 3043 1968 3190 2029; x_wconf 86' lang='lat' dir='ltr'><strong>pro-</strong></span> 
     </span>
     <span class='ocr_line' id='line_1_16' title="bbox 458 2052 3183 2137; baseline 0.001 -24"><span class='ocrx_word' id='word_1_149' title='bbox 458 2067 507 2112; x_wconf 68' lang='grc' dir='ltr'><strong>ιε»</strong></span> <span class='ocrx_word' id='word_1_150' title='bbox 560 2052 706 2114; x_wconf 84' lang='lat' dir='ltr'><strong>visis</strong></span> <span class='ocrx_word' id='word_1_151' title='bbox 759 2053 1045 2115; x_wconf 88' lang='lat' dir='ltr'><strong>remediis</strong></span> <span class='ocrx_word' id='word_1_152' title='bbox 1092 2072 1283 2134; x_wconf 90' lang='lat' dir='ltr'><strong>quam</strong></span> <span class='ocrx_word' id='word_1_153' title='bbox 1329 2074 1403 2114; x_wconf 83' lang='lat' dir='ltr'><strong>ex</strong></span> <span class='ocrx_word' id='word_1_154' title='bbox 1449 2054 1834 2118; x_wconf 86' lang='lat' dir='ltr'><strong>orationibus</strong></span> <span class='ocrx_word' id='word_1_155' title='bbox 1880 2056 1955 2116; x_wconf 92' lang='lat' dir='ltr'><strong>ad</strong></span> <span class='ocrx_word' id='word_1_156' title='bbox 1992 2056 2198 2116; x_wconf 90' lang='lat' dir='ltr'><strong>Deum</strong></span> <span class='ocrx_word' id='word_1_157' title='bbox 2247 2074 2432 2137; x_wconf 88' lang='lat' dir='ltr'><strong>super</strong></span> <span class='ocrx_word' id='word_1_158' title='bbox 2477 2055 2665 2118; x_wconf 90' lang='lat' dir='ltr'><strong>huius</strong></span> <span class='ocrx_word' id='word_1_159' title='bbox 2697 2057 2948 2136; x_wconf 85' lang='lat' dir='ltr'><strong>negotio</strong></span> <span class='ocrx_word' id='word_1_160' title='bbox 2980 2055 3183 2116; x_wconf 81' lang='lat' dir='ltr'><strong>effun-</strong></span> 
     </span>
     <span class='ocr_line' id='line_1_17' title="bbox 563 2160 3190 2243; baseline 0 -22"><span class='ocrx_word' id='word_1_161' title='bbox 563 2160 803 2239; x_wconf 90' lang='lat' dir='ltr'><strong>dendis,</strong></span> <span class='ocrx_word' id='word_1_162' title='bbox 866 2161 1039 2240; x_wconf 91' lang='lat' dir='ltr'><strong>quod</strong></span> <span class='ocrx_word' id='word_1_163' title='bbox 1099 2161 1360 2222; x_wconf 87' lang='lat' dir='ltr'><strong>breviter</strong></span> <span class='ocrx_word' id='word_1_164' title='bbox 1411 2162 1772 2223; x_wconf 89' lang='lat' dir='ltr'><strong>huiusmodi</strong></span> <span class='ocrx_word' id='word_1_165' title='bbox 1834 2161 2178 2223; x_wconf 89' lang='lat' dir='ltr'><strong>celebretur</strong></span> <span class='ocrx_word' id='word_1_166' title='bbox 2226 2162 2464 2240; x_wconf 88' lang='lat' dir='ltr'><strong>electio,</strong></span> <span class='ocrx_word' id='word_1_167' title='bbox 2518 2163 3041 2243; x_wconf 90' lang='lat' dir='ltr'><strong>praesumendum</strong></span> <span class='ocrx_word' id='word_1_168' title='bbox 3095 2178 3190 2223; x_wconf 90' lang='lat' dir='ltr'><strong>est</strong></span> 
     </span>
     <span class='ocr_line' id='line_1_18' title="bbox 562 2266 3178 2350; baseline 0.001 -23"><span class='ocrx_word' id='word_1_169' title='bbox 562 2266 955 2348; x_wconf 89' lang='lat' dir='ltr'><strong>probabiliter</strong></span> <span class='ocrx_word' id='word_1_170' title='bbox 974 2283 1033 2329; x_wconf 91' lang='lat' dir='ltr'><strong>et</strong></span> <span class='ocrx_word' id='word_1_171' title='bbox 1052 2269 1463 2349; x_wconf 84' lang='lat' dir='ltr'><strong>sperandum:</strong></span> <span class='ocrx_word' id='word_1_172' title='bbox 1501 2271 1827 2330; x_wconf 90' lang='lat' dir='ltr'><strong>statuimus</strong></span> <span class='ocrx_word' id='word_1_173' title='bbox 1849 2282 1917 2329; x_wconf 87' lang='lat' dir='ltr'><strong>ut</strong></span> <span class='ocrx_word' id='word_1_174' title='bbox 1937 2268 2109 2329; x_wconf 90' lang='lat' dir='ltr'><strong>electi</strong></span> <span class='ocrx_word' id='word_1_175' title='bbox 2131 2283 2189 2329; x_wconf 89' lang='lat' dir='ltr'><strong>et</strong></span> <span class='ocrx_word' id='word_1_176' title='bbox 2205 2268 2322 2346; x_wconf 85' lang='lat' dir='ltr'><strong>alii,</strong></span> <span class='ocrx_word' id='word_1_177' title='bbox 2355 2269 2463 2349; x_wconf 91' lang='lat' dir='ltr'><strong>qui</strong></span> <span class='ocrx_word' id='word_1_178' title='bbox 2495 2289 2568 2330; x_wconf 88' lang='lat' dir='ltr'><strong>ex</strong></span> <span class='ocrx_word' id='word_1_179' title='bbox 2600 2288 2976 2350; x_wconf 88' lang='lat' dir='ltr'><strong>quacunque</strong></span> <span class='ocrx_word' id='word_1_180' title='bbox 2997 2288 3178 2330; x_wconf 88' lang='lat' dir='ltr'><strong>causa</strong></span> 
     </span>
     <span class='ocr_line' id='line_1_19' title="bbox 561 2374 3177 2458; baseline 0 -24"><span class='ocrx_word' id='word_1_181' title='bbox 561 2374 638 2434; x_wconf 89' lang='lat' dir='ltr'><strong>ad</strong></span> <span class='ocrx_word' id='word_1_182' title='bbox 688 2374 900 2435; x_wconf 91' lang='lat' dir='ltr'><strong>sedem</strong></span> <span class='ocrx_word' id='word_1_183' title='bbox 950 2374 1351 2456; x_wconf 89' lang='lat' dir='ltr'><strong>apostolicam</strong></span> <span class='ocrx_word' id='word_1_184' title='bbox 1397 2376 1606 2437; x_wconf 88' lang='lat' dir='ltr'><strong>venire</strong></span> <span class='ocrx_word' id='word_1_185' title='bbox 1654 2376 1747 2436; x_wconf 86' lang='lat' dir='ltr'><strong>vel</strong></span> <span class='ocrx_word' id='word_1_186' title='bbox 1794 2375 2033 2437; x_wconf 90' lang='lat' dir='ltr'><strong>mittere</strong></span> <span class='ocrx_word' id='word_1_187' title='bbox 2083 2391 2230 2437; x_wconf 90' lang='lat' dir='ltr'><strong>sunt</strong></span> <span class='ocrx_word' id='word_1_188' title='bbox 2276 2375 2563 2455; x_wconf 87' lang='lat' dir='ltr'><strong>adstricti,</strong></span> <span class='ocrx_word' id='word_1_189' title='bbox 2612 2377 2688 2438; x_wconf 90' lang='lat' dir='ltr'><strong>ad</strong></span> <span class='ocrx_word' id='word_1_190' title='bbox 2723 2377 2939 2458; x_wconf 88' lang='lat' dir='ltr'><strong>ipsam,</strong></span> <span class='ocrx_word' id='word_1_191' title='bbox 2971 2394 3177 2456; x_wconf 88' lang='lat' dir='ltr'><strong>quum</strong></span> 
     </span>
     <span class='ocr_line' id='line_1_20' title="bbox 561 2479 3185 2564; baseline 0.002 -25"><span class='ocrx_word' id='word_1_192' title='bbox 561 2496 748 2557; x_wconf 87' lang='lat' dir='ltr'><strong>vacat,</strong></span> <span class='ocrx_word' id='word_1_193' title='bbox 779 2501 848 2541; x_wconf 90' lang='lat' dir='ltr'><strong>ac</strong></span> <span class='ocrx_word' id='word_1_194' title='bbox 879 2481 928 2540; x_wconf 91' lang='lat' dir='ltr'><strong>si</strong></span> <span class='ocrx_word' id='word_1_195' title='bbox 964 2500 1094 2541; x_wconf 92' lang='lat' dir='ltr'><strong>non</strong></span> <span class='ocrx_word' id='word_1_196' title='bbox 1127 2498 1362 2542; x_wconf 88' lang='lat' dir='ltr'><strong>vacaret</strong></span> <span class='ocrx_word' id='word_1_197' title='bbox 1394 2481 1602 2544; x_wconf 90' lang='lat' dir='ltr'><strong>venire</strong></span> <span class='ocrx_word' id='word_1_198' title='bbox 1635 2483 1730 2543; x_wconf 88' lang='lat' dir='ltr'><strong>vel</strong></span> <span class='ocrx_word' id='word_1_199' title='bbox 1762 2483 1999 2545; x_wconf 88' lang='lat' dir='ltr'><strong>mittere</strong></span> <span class='ocrx_word' id='word_1_200' title='bbox 2024 2497 2365 2546; x_wconf 90' lang='lat' dir='ltr'><strong>teneantur.</strong></span> <span class='ocrx_word' id='word_1_201' title='bbox 2401 2480 2458 2563; x_wconf 89' lang='lat' dir='ltr'><strong>[l.</strong></span> <span class='ocrx_word' id='word_1_202' title='bbox 2479 2502 2528 2545; x_wconf 94' lang='lat' dir='ltr'><strong>c.</strong></span> <span class='ocrx_word' id='word_1_203' title='bbox 2549 2484 2665 2547; x_wconf 92' lang='lat' dir='ltr'><strong>col.</strong></span> <span class='ocrx_word' id='word_1_204' title='bbox 2698 2479 3185 2564; x_wconf 65' lang='lat'><strong>1135—1136.}</strong></span> 
     </span>
    </p>
   </div>
   <div class='ocr_carea' id='block_1_3' title="bbox 450 2744 2736 2975">
    <p class='ocr_par' dir='ltr' id='par_1_3' title="bbox 450 2744 2736 2975">
     <span class='ocr_line' id='line_1_21' title="bbox 450 2744 2736 2816; baseline 0.003 -23"><span class='ocrx_word' id='word_1_205' title='bbox 450 2762 507 2794; x_wconf 65' lang='grc' dir='ltr'><strong>ιο</strong></span> <span class='ocrx_word' id='word_1_206' title='bbox 1003 2745 1131 2801; x_wconf 86' lang='grc'><strong>188.</strong></span> <span class='ocrx_word' id='word_1_207' title='bbox 1184 2744 1610 2801; x_wconf 73' lang='lat' dir='ltr'><strong>CONCILHJM</strong></span> <span class='ocrx_word' id='word_1_208' title='bbox 1650 2744 2262 2801; x_wconf 69' lang='lat' dir='ltr'><strong>CONSTANTIENSE</strong></span> <span class='ocrx_word' id='word_1_209' title='bbox 2303 2744 2736 2816; x_wconf 72' lang='lat'><strong>(1414—1418).</strong></span> 
     </span>
     <span class='ocr_line' id='line_1_22' title="bbox 1500 2905 2235 2975; baseline -0.003 -14"><span class='ocrx_word' id='word_1_210' title='bbox 1500 2905 1539 2961; x_wconf 84' lang='lat' dir='ltr'>S</span> <span class='ocrx_word' id='word_1_211' title='bbox 1560 2921 1693 2960; x_wconf 89' lang='lat' dir='ltr'><strong>ess.</strong></span> <span class='ocrx_word' id='word_1_212' title='bbox 1735 2921 1894 2975; x_wconf 83' lang='lat' dir='ltr'><strong>gen.</strong></span> <span class='ocrx_word' id='word_1_213' title='bbox 1931 2906 2050 2960; x_wconf 89' lang='lat' dir='ltr'><strong>XX</strong></span> <span class='ocrx_word' id='word_1_214' title='bbox 2071 2906 2235 2961; x_wconf 88' lang='lat' dir='ltr'><strong>XIX.</strong></span> 
     </span>
    </p>
   </div>
   <div class='ocr_carea' id='block_1_4' title="bbox 448 3047 3190 3602">
    <p class='ocr_par' dir='ltr' id='par_1_4' title="bbox 774 3047 3184 3119">
     <span class='ocr_line' id='line_1_23' title="bbox 774 3047 3184 3119; baseline 0.001 -17"><span class='ocrx_word' id='word_1_215' title='bbox 774 3049 803 3077; x_wconf 73' lang='lat'><em>⁶</em></span> <span class='ocrx_word' id='word_1_216' title='bbox 844 3048 949 3102; x_wconf 78' lang='lat' dir='ltr'><strong>Hn</strong></span> <span class='ocrx_word' id='word_1_217' title='bbox 971 3047 1161 3110; x_wconf 88' lang='lat' dir='ltr'><strong>bler,</strong></span> <span class='ocrx_word' id='word_1_218' title='bbox 1226 3048 1327 3101; x_wconf 78' lang='lat' dir='ltr'><strong>Die</strong></span> <span class='ocrx_word' id='word_1_219' title='bbox 1366 3048 1701 3119; x_wconf 64' lang='lat' dir='ltr'><strong>Constanzer</strong></span> <span class='ocrx_word' id='word_1_220' title='bbox 1750 3049 2132 3118; x_wconf 65' lang='lat' dir='ltr'><strong>Reformatt&#39;on</strong></span> <span class='ocrx_word' id='word_1_221' title='bbox 2184 3051 2301 3102; x_wconf 82' lang='lat' dir='ltr'><strong>und</strong></span> <span class='ocrx_word' id='word_1_222' title='bbox 2347 3051 2437 3102; x_wconf 82' lang='lat' dir='ltr'><strong>die</strong></span> <span class='ocrx_word' id='word_1_223' title='bbox 2490 3051 2835 3104; x_wconf 76' lang='lat' dir='ltr'><strong>Com-orclate</strong></span> <span class='ocrx_word' id='word_1_224' title='bbox 2885 3067 2982 3103; x_wconf 78' lang='lat' dir='ltr'><strong>von</strong></span> <span class='ocrx_word' id='word_1_225' title='bbox 3023 3053 3184 3118; x_wconf 75' lang='lat'><strong>1418.</strong></span> 
     </span>
    </p>

    <p class='ocr_par' dir='ltr' id='par_1_5' title="bbox 558 3126 3179 3202">
     <span class='ocr_line' id='line_1_24' title="bbox 558 3126 3179 3202; baseline 0.001 -19"><span class='ocrx_word' id='word_1_226' title='bbox 558 3126 793 3199; x_wconf 87' lang='lat' dir='ltr'><strong>Leipzig</strong></span> <span class='ocrx_word' id='word_1_227' title='bbox 827 3127 977 3199; x_wconf 87' lang='lat'><strong>1867.</strong></span> <span class='ocrx_word' id='word_1_228' title='bbox 1005 3146 1058 3199; x_wconf 91' lang='lat' dir='ltr'><strong>p.</strong></span> <span class='ocrx_word' id='word_1_229' title='bbox 1094 3128 1191 3183; x_wconf 90' lang='lat'><strong>118</strong></span> <span class='ocrx_word' id='word_1_230' title='bbox 1216 3144 1342 3199; x_wconf 90' lang='lat' dir='ltr'><strong>seq.</strong></span> <span class='ocrx_word' id='word_1_231' title='bbox 1396 3129 1504 3183; x_wconf 87' lang='lat' dir='ltr'><strong>Ma</strong></span> <span class='ocrx_word' id='word_1_232' title='bbox 1523 3128 1665 3199; x_wconf 90' lang='lat' dir='ltr'><strong>nsi,</strong></span> <span class='ocrx_word' id='word_1_233' title='bbox 1705 3130 1867 3183; x_wconf 79' lang='lat' dir='ltr'><strong>Cone.</strong></span> <span class='ocrx_word' id='word_1_234' title='bbox 1896 3132 2059 3199; x_wconf 78' lang='lat' dir='ltr'><strong>ampl.</strong></span> <span class='ocrx_word' id='word_1_235' title='bbox 2087 3132 2208 3186; x_wconf 80' lang='lat' dir='ltr'><strong>coll.</strong></span> <span class='ocrx_word' id='word_1_236' title='bbox 2235 3130 2306 3184; x_wconf 88' lang='lat' dir='ltr'><strong>T.</strong></span> <span class='ocrx_word' id='word_1_237' title='bbox 2333 3129 2506 3184; x_wconf 89' lang='lat' dir='ltr'><strong>XXII.</strong></span> <span class='ocrx_word' id='word_1_238' title='bbox 2539 3147 2676 3202; x_wconf 86' lang='lat'><strong>1159</strong></span> <span class='ocrx_word' id='word_1_239' title='bbox 2700 3146 2821 3202; x_wconf 90' lang='lat' dir='ltr'><strong>seq.</strong></span> <span class='ocrx_word' id='word_1_240' title='bbox 2876 3131 2976 3185; x_wconf 90' lang='lat' dir='ltr'><strong>He</strong></span> <span class='ocrx_word' id='word_1_241' title='bbox 2995 3129 3179 3193; x_wconf 81' lang='lat' dir='ltr'><strong>fele,</strong></span> 
     </span>
    </p>

    <p class='ocr_par' dir='ltr' id='par_1_6' title="bbox 560 3208 3174 3280">
     <span class='ocr_line' id='line_1_25' title="bbox 560 3208 3174 3280; baseline 0.001 -17"><span class='ocrx_word' id='word_1_242' title='bbox 560 3208 1149 3279; x_wconf 53' lang='lat' dir='ltr'><strong>Concdzkngesclnthte.</strong></span> <span class='ocrx_word' id='word_1_243' title='bbox 1188 3210 1258 3263; x_wconf 87' lang='lat' dir='ltr'><strong>T.</strong></span> <span class='ocrx_word' id='word_1_244' title='bbox 1289 3208 1378 3262; x_wconf 93' lang='lat' dir='ltr'><strong>VI.</strong></span> <span class='ocrx_word' id='word_1_245' title='bbox 1417 3226 1471 3280; x_wconf 88' lang='lat' dir='ltr'><strong>p.</strong></span> <span class='ocrx_word' id='word_1_246' title='bbox 1500 3226 1623 3264; x_wconf 86' lang='grc'><strong>222.</strong></span> <span class='ocrx_word' id='word_1_247' title='bbox 1686 3208 1915 3264; x_wconf 83' lang='lat' dir='ltr'><strong>Finke</strong></span> <span class='ocrx_word' id='word_1_248' title='bbox 1935 3250 1948 3272; x_wconf 84' lang='lat'>‚</span> <span class='ocrx_word' id='word_1_249' title='bbox 1986 3213 2128 3264; x_wconf 76' lang='lat' dir='ltr'><strong>Acta</strong></span> <span class='ocrx_word' id='word_1_250' title='bbox 2173 3212 2397 3265; x_wconf 76' lang='lat' dir='ltr'><strong>Concile&#39;t</strong></span> <span class='ocrx_word' id='word_1_251' title='bbox 2440 3211 2886 3265; x_wconf 64' lang='lat' dir='ltr'><strong>Constanh‘enstls.</strong></span> <span class='ocrx_word' id='word_1_252' title='bbox 2927 3211 2965 3264; x_wconf 94' lang='lat'><strong>1.</strong></span> <span class='ocrx_word' id='word_1_253' title='bbox 3005 3210 3174 3265; x_wconf 74' lang='lat' dir='ltr'><strong>Mun-</strong></span> 
     </span>
    </p>

    <p class='ocr_par' dir='ltr' id='par_1_7' title="bbox 448 3288 3190 3363">
     <span class='ocr_line' id='line_1_26' title="bbox 448 3288 3190 3363; baseline 0 -18"><span class='ocrx_word' id='word_1_254' title='bbox 448 3306 501 3353; x_wconf 80' lang='lat'><strong>25</strong></span> <span class='ocrx_word' id='word_1_255' title='bbox 559 3301 677 3345; x_wconf 88' lang='lat' dir='ltr'><strong>ster</strong></span> <span class='ocrx_word' id='word_1_256' title='bbox 709 3288 856 3360; x_wconf 88' lang='lat'><strong>1896.</strong></span> <span class='ocrx_word' id='word_1_257' title='bbox 911 3290 1138 3354; x_wconf 88' lang='lat' dir='ltr'><strong>Idem,</strong></span> <span class='ocrx_word' id='word_1_258' title='bbox 1177 3291 1558 3362; x_wconf 72' lang='lat' dir='ltr'><strong>Forsclmngen</strong></span> <span class='ocrx_word' id='word_1_259' title='bbox 1596 3292 1713 3344; x_wconf 85' lang='lat' dir='ltr'><strong>und</strong></span> <span class='ocrx_word' id='word_1_260' title='bbox 1749 3294 1978 3360; x_wconf 76' lang='lat' dir='ltr'><strong>Quellen</strong></span> <span class='ocrx_word' id='word_1_261' title='bbox 2020 3309 2117 3362; x_wconf 62' lang='lat' dir='ltr'><strong>{ur</strong></span> <span class='ocrx_word' id='word_1_262' title='bbox 2158 3292 2485 3347; x_wconf 71' lang='lat' dir='ltr'><strong>Gesclu’clete</strong></span> <span class='ocrx_word' id='word_1_263' title='bbox 2520 3294 2615 3346; x_wconf 85' lang='lat' dir='ltr'><strong>des</strong></span> <span class='ocrx_word' id='word_1_264' title='bbox 2654 3295 2994 3363; x_wconf 52' lang='lat' dir='ltr'><strong>Konstanzcr</strong></span> <span class='ocrx_word' id='word_1_265' title='bbox 3029 3293 3190 3346; x_wconf 69' lang='lat' dir='ltr'><strong>Kon-</strong></span> 
     </span>
    </p>

    <p class='ocr_par' dir='ltr' id='par_1_8' title="bbox 559 3368 3178 3443">
     <span class='ocr_line' id='line_1_27' title="bbox 559 3368 3178 3443; baseline 0.001 -20"><span class='ocrx_word' id='word_1_266' title='bbox 559 3372 673 3441; x_wconf 58' lang='lat' dir='ltr'><strong>qils.</strong></span> <span class='ocrx_word' id='word_1_267' title='bbox 738 3369 1076 3424; x_wconf 81' lang='lat' dir='ltr'><strong>Paderborn</strong></span> <span class='ocrx_word' id='word_1_268' title='bbox 1129 3368 1277 3441; x_wconf 85' lang='lat'><strong>1889.</strong></span> <span class='ocrx_word' id='word_1_269' title='bbox 1353 3368 1603 3440; x_wconf 84' lang='lat' dir='ltr'><strong>Tosti,</strong></span> <span class='ocrx_word' id='word_1_270' title='bbox 1639 3372 1817 3425; x_wconf 75' lang='lat' dir='ltr'><strong>Storia</strong></span> <span class='ocrx_word' id='word_1_271' title='bbox 1879 3373 1970 3424; x_wconf 79' lang='lat' dir='ltr'><strong>dcl</strong></span> <span class='ocrx_word' id='word_1_272' title='bbox 2025 3372 2267 3423; x_wconf 70' lang='lat' dir='ltr'><strong>Concilio</strong></span> <span class='ocrx_word' id='word_1_273' title='bbox 2322 3373 2385 3424; x_wconf 78' lang='lat' dir='ltr'><strong>di</strong></span> <span class='ocrx_word' id='word_1_274' title='bbox 2439 3372 2724 3443; x_wconf 58' lang='lat' dir='ltr'><strong>Costanza.</strong></span> <span class='ocrx_word' id='word_1_275' title='bbox 2787 3371 2971 3426; x_wconf 84' lang='lat' dir='ltr'><strong>Roma</strong></span> <span class='ocrx_word' id='word_1_276' title='bbox 3030 3370 3178 3443; x_wconf 89' lang='lat'><strong>1887.</strong></span> 
     </span>
    </p>

    <p class='ocr_par' dir='ltr' id='par_1_9' title="bbox 556 3450 3190 3602">
     <span class='ocr_line' id='line_1_28' title="bbox 559 3450 3190 3524; baseline -0.001 -19"><span class='ocrx_word' id='word_1_277' title='bbox 559 3451 833 3523; x_wconf 89' lang='lat' dir='ltr'><strong>Wylle,</strong></span> <span class='ocrx_word' id='word_1_278' title='bbox 892 3451 997 3504; x_wconf 69' lang='lat' dir='ltr'><strong>The</strong></span> <span class='ocrx_word' id='word_1_279' title='bbox 1036 3453 1266 3506; x_wconf 83' lang='lat' dir='ltr'><strong>Council</strong></span> <span class='ocrx_word' id='word_1_280' title='bbox 1313 3453 1389 3522; x_wconf 69' lang='lat' dir='ltr'><strong>of</strong></span> <span class='ocrx_word' id='word_1_281' title='bbox 1416 3452 1732 3506; x_wconf 75' lang='lat' dir='ltr'><strong>Constance.</strong></span> <span class='ocrx_word' id='word_1_282' title='bbox 1775 3452 2027 3507; x_wconf 86' lang='lat' dir='ltr'><strong>London</strong></span> <span class='ocrx_word' id='word_1_283' title='bbox 2078 3470 2228 3524; x_wconf 87' lang='lat'><strong>¹900·</strong></span> <span class='ocrx_word' id='word_1_284' title='bbox 2277 3450 2720 3516; x_wconf 79' lang='lat' dir='ltr'><strong>HinschiuS,</strong></span> <span class='ocrx_word' id='word_1_285' title='bbox 2771 3453 3190 3507; x_wconf 76' lang='lat' dir='ltr'><strong>Kt‘rchenreclzt..</strong></span> 
     </span>
     <span class='ocr_line' id='line_1_29' title="bbox 556 3533 1065 3602; baseline -0.004 -15"><span class='ocrx_word' id='word_1_286' title='bbox 556 3533 731 3587; x_wconf 90' lang='lat' dir='ltr'><strong>Tom.</strong></span> <span class='ocrx_word' id='word_1_287' title='bbox 771 3533 809 3585; x_wconf 93' lang='lat'><strong>1.</strong></span> <span class='ocrx_word' id='word_1_288' title='bbox 850 3549 903 3602; x_wconf 93' lang='lat' dir='ltr'><strong>p.</strong></span> <span class='ocrx_word' id='word_1_289' title='bbox 944 3549 1065 3601; x_wconf 88' lang='lat'><strong>271.</strong></span> 
     </span>
    </p>
   </div>
   <div class='ocr_carea' id='block_1_5' title="bbox 440 3661 3185 5027">
    <p class='ocr_par' dir='ltr' id='par_1_10' title="bbox 768 3661 3175 3744">
     <span class='ocr_line' id='line_1_30' title="bbox 768 3661 3175 3744; baseline 0.001 -22"><span class='ocrx_word' id='word_1_290' title='bbox 768 3661 836 3722; x_wconf 88' lang='lat'><strong>11.</strong></span> <span class='ocrx_word' id='word_1_291' title='bbox 902 3662 1186 3723; x_wconf 79' lang='lat' dir='ltr'><strong>Provisz’o</strong></span> <span class='ocrx_word' id='word_1_292' title='bbox 1229 3664 1522 3724; x_wconf 77' lang='lat' dir='ltr'><strong>adversus</strong></span> <span class='ocrx_word' id='word_1_293' title='bbox 1560 3666 1777 3738; x_wconf 76' lang='lat' dir='ltr'><strong>fictura</strong></span> <span class='ocrx_word' id='word_1_294' title='bbox 1821 3662 2158 3723; x_wconf 77' lang='lat' dir='ltr'><strong>schismata</strong></span> <span class='ocrx_word' id='word_1_295' title='bbox 2189 3664 2637 3743; x_wconf 82' lang='lat' dir='ltr'><strong>praecavenda.</strong></span> <span class='ocrx_word' id='word_1_296' title='bbox 2718 3663 2781 3725; x_wconf 91' lang='lat' dir='ltr'><strong>Si</strong></span> <span class='ocrx_word' id='word_1_297' title='bbox 2817 3682 2964 3725; x_wconf 88' lang='lat' dir='ltr'><strong>vero</strong></span> <span class='ocrx_word' id='word_1_298' title='bbox 2998 3664 3175 3744; x_wconf 76' lang='lat' dir='ltr'><strong>quod</strong></span> 
     </span>
    </p>

    <p class='ocr_par' dir='ltr' id='par_1_11' title="bbox 448 3768 3184 4277">
     <span class='ocr_line' id='line_1_31' title="bbox 448 3768 3176 3853; baseline -0 -19"><span class='ocrx_word' id='word_1_299' title='bbox 448 3790 502 3834; x_wconf 83' lang='lat'><strong>30</strong></span> <span class='ocrx_word' id='word_1_300' title='bbox 557 3768 710 3830; x_wconf 88' lang='lat' dir='ltr'><strong>absit</strong></span> <span class='ocrx_word' id='word_1_301' title='bbox 741 3768 806 3829; x_wconf 90' lang='lat' dir='ltr'><strong>in</strong></span> <span class='ocrx_word' id='word_1_302' title='bbox 840 3768 1122 3830; x_wconf 89' lang='lat' dir='ltr'><strong>futurum</strong></span> <span class='ocrx_word' id='word_1_303' title='bbox 1156 3769 1423 3831; x_wconf 90' lang='lat' dir='ltr'><strong>schisma</strong></span> <span class='ocrx_word' id='word_1_304' title='bbox 1454 3769 1600 3830; x_wconf 90' lang='lat' dir='ltr'><strong>oriri</strong></span> <span class='ocrx_word' id='word_1_305' title='bbox 1632 3769 2018 3850; x_wconf 89' lang='lat' dir='ltr'><strong>contingeret</strong></span> <span class='ocrx_word' id='word_1_306' title='bbox 2049 3769 2129 3831; x_wconf 88' lang='lat' dir='ltr'><strong>ita</strong></span> <span class='ocrx_word' id='word_1_307' title='bbox 2163 3770 2337 3849; x_wconf 92' lang='lat' dir='ltr'><strong>quod</strong></span> <span class='ocrx_word' id='word_1_308' title='bbox 2372 3770 2500 3831; x_wconf 90' lang='lat' dir='ltr'><strong>duo</strong></span> <span class='ocrx_word' id='word_1_309' title='bbox 2520 3769 2615 3830; x_wconf 88' lang='lat' dir='ltr'><strong>vel</strong></span> <span class='ocrx_word' id='word_1_310' title='bbox 2640 3770 2845 3851; x_wconf 85' lang='lat' dir='ltr'><strong>plures</strong></span> <span class='ocrx_word' id='word_1_311' title='bbox 2868 3790 2980 3853; x_wconf 88' lang='lat' dir='ltr'><strong>pro</strong></span> <span class='ocrx_word' id='word_1_312' title='bbox 3003 3790 3176 3833; x_wconf 88' lang='lat' dir='ltr'><strong>sum-</strong></span> 
     </span>
     <span class='ocr_line' id='line_1_32' title="bbox 556 3874 3180 3959; baseline 0.001 -23"><span class='ocrx_word' id='word_1_313' title='bbox 556 3874 675 3937; x_wconf 90' lang='lat' dir='ltr'><strong>mis</strong></span> <span class='ocrx_word' id='word_1_314' title='bbox 708 3876 1110 3956; x_wconf 87' lang='lat' dir='ltr'><strong>pontificibus</strong></span> <span class='ocrx_word' id='word_1_315' title='bbox 1145 3895 1208 3937; x_wconf 92' lang='lat' dir='ltr'><strong>se</strong></span> <span class='ocrx_word' id='word_1_316' title='bbox 1241 3891 1539 3955; x_wconf 84' lang='lat' dir='ltr'><strong>gererent,</strong></span> <span class='ocrx_word' id='word_1_317' title='bbox 1588 3896 1621 3937; x_wconf 89' lang='lat' dir='ltr'><strong>a</strong></span> <span class='ocrx_word' id='word_1_318' title='bbox 1655 3876 1753 3937; x_wconf 88' lang='lat' dir='ltr'><strong>die</strong></span> <span class='ocrx_word' id='word_1_319' title='bbox 1787 3896 1920 3956; x_wconf 91' lang='lat' dir='ltr'><strong>quo</strong></span> <span class='ocrx_word' id='word_1_320' title='bbox 1953 3875 2067 3958; x_wconf 92' lang='lat' dir='ltr'><strong>ipsi</strong></span> <span class='ocrx_word' id='word_1_321' title='bbox 2100 3875 2230 3937; x_wconf 92' lang='lat' dir='ltr'><strong>duo</strong></span> <span class='ocrx_word' id='word_1_322' title='bbox 2266 3876 2359 3937; x_wconf 85' lang='lat' dir='ltr'><strong>vel</strong></span> <span class='ocrx_word' id='word_1_323' title='bbox 2393 3876 2600 3957; x_wconf 90' lang='lat' dir='ltr'><strong>plures</strong></span> <span class='ocrx_word' id='word_1_324' title='bbox 2635 3876 2891 3957; x_wconf 88' lang='lat' dir='ltr'><strong>insignia</strong></span> <span class='ocrx_word' id='word_1_325' title='bbox 2925 3877 3180 3959; x_wconf 83' lang='lat' dir='ltr'><strong>pontifi-—</strong></span> 
     </span>
     <span class='ocr_line' id='line_1_33' title="bbox 555 3982 3184 4065; baseline 0.001 -22"><span class='ocrx_word' id='word_1_326' title='bbox 555 4000 724 4045; x_wconf 90' lang='lat' dir='ltr'><strong>catus</strong></span> <span class='ocrx_word' id='word_1_327' title='bbox 769 3983 1014 4065; x_wconf 92' lang='lat' dir='ltr'><strong>publice</strong></span> <span class='ocrx_word' id='word_1_328' title='bbox 1060 3982 1458 4044; x_wconf 84' lang='lat' dir='ltr'><strong>assumserim</strong></span> <span class='ocrx_word' id='word_1_329' title='bbox 1502 4001 1610 4044; x_wconf 92' lang='lat' dir='ltr'><strong>seu</strong></span> <span class='ocrx_word' id='word_1_330' title='bbox 1644 3982 2066 4044; x_wconf 89' lang='lat' dir='ltr'><strong>administrare</strong></span> <span class='ocrx_word' id='word_1_331' title='bbox 2099 3983 2437 4064; x_wconf 89' lang='lat' dir='ltr'><strong>coeperint,</strong></span> <span class='ocrx_word' id='word_1_332' title='bbox 2472 3983 2845 4063; x_wconf 84' lang='lat' dir='ltr'><strong>intelligatur</strong></span> <span class='ocrx_word' id='word_1_333' title='bbox 2876 3984 3013 4065; x_wconf 90' lang='lat' dir='ltr'><strong>ipso</strong></span> <span class='ocrx_word' id='word_1_334' title='bbox 3047 3983 3184 4061; x_wconf 86' lang='lat' dir='ltr'><strong>jure</strong></span> 
     </span>
     <span class='ocr_line' id='line_1_34' title="bbox 553 4088 3184 4172; baseline 0 -21"><span class='ocrx_word' id='word_1_335' title='bbox 553 4089 858 4151; x_wconf 89' lang='lat' dir='ltr'><strong>terminus</strong></span> <span class='ocrx_word' id='word_1_336' title='bbox 909 4089 1152 4152; x_wconf 86' lang='lat' dir='ltr'><strong>concilii</strong></span> <span class='ocrx_word' id='word_1_337' title='bbox 1204 4105 1355 4152; x_wconf 87' lang='lat' dir='ltr'><strong>tunc</strong></span> <span class='ocrx_word' id='word_1_338' title='bbox 1408 4088 1561 4151; x_wconf 87' lang='lat' dir='ltr'><strong>forte</strong></span> <span class='ocrx_word' id='word_1_339' title='bbox 1613 4089 1771 4150; x_wconf 91' lang='lat' dir='ltr'><strong>ultra</strong></span> <span class='ocrx_word' id='word_1_340' title='bbox 1817 4108 2051 4150; x_wconf 90' lang='lat' dir='ltr'><strong>annum</strong></span> <span class='ocrx_word' id='word_1_341' title='bbox 2100 4089 2378 4172; x_wconf 90' lang='lat' dir='ltr'><strong>pendens</strong></span> <span class='ocrx_word' id='word_1_342' title='bbox 2424 4091 2501 4151; x_wconf 93' lang='lat' dir='ltr'><strong>ad</strong></span> <span class='ocrx_word' id='word_1_343' title='bbox 2548 4108 2789 4152; x_wconf 90' lang='lat' dir='ltr'><strong>annum</strong></span> <span class='ocrx_word' id='word_1_344' title='bbox 2821 4091 3184 4172; x_wconf 78' lang='lat' dir='ltr'><strong>proximum.</strong></span> 
     </span>
     <span class='ocr_line' id='line_1_35' title="bbox 556 4196 3184 4277; baseline 0.001 -21"><span class='ocrx_word' id='word_1_345' title='bbox 556 4197 963 4257; x_wconf 78' lang='lat' dir='ltr'><strong>abbreviatus,</strong></span> <span class='ocrx_word' id='word_1_346' title='bbox 1015 4197 1092 4257; x_wconf 88' lang='lat' dir='ltr'><strong>ad</strong></span> <span class='ocrx_word' id='word_1_347' title='bbox 1126 4198 1298 4276; x_wconf 92' lang='lat' dir='ltr'><strong>quod</strong></span> <span class='ocrx_word' id='word_1_348' title='bbox 1331 4215 1554 4258; x_wconf 89' lang='lat' dir='ltr'><strong>omnes</strong></span> <span class='ocrx_word' id='word_1_349' title='bbox 1587 4196 1834 4277; x_wconf 88' lang='lat' dir='ltr'><strong>praelati</strong></span> <span class='ocrx_word' id='word_1_350' title='bbox 1867 4211 1925 4257; x_wconf 92' lang='lat' dir='ltr'><strong>et</strong></span> <span class='ocrx_word' id='word_1_351' title='bbox 1956 4196 2140 4258; x_wconf 92' lang='lat' dir='ltr'><strong>ceteri</strong></span> <span class='ocrx_word' id='word_1_352' title='bbox 2172 4196 2280 4276; x_wconf 87' lang='lat' dir='ltr'><strong>qui</strong></span> <span class='ocrx_word' id='word_1_353' title='bbox 2315 4197 2392 4257; x_wconf 88' lang='lat' dir='ltr'><strong>ad</strong></span> <span class='ocrx_word' id='word_1_354' title='bbox 2425 4197 2760 4258; x_wconf 89' lang='lat' dir='ltr'><strong>concilium</strong></span> <span class='ocrx_word' id='word_1_355' title='bbox 2783 4198 2866 4258; x_wconf 90' lang='lat' dir='ltr'><strong>ire</strong></span> <span class='ocrx_word' id='word_1_356' title='bbox 2888 4213 3184 4260; x_wconf 88' lang='lat' dir='ltr'><strong>tenentur</strong></span> 
     </span>
    </p>

    <p class='ocr_par' dir='ltr' id='par_1_12' title="bbox 444 4300 3185 4813">
     <span class='ocr_line' id='line_1_36' title="bbox 444 4300 3177 4385; baseline 0 -19"><span class='ocrx_word' id='word_1_357' title='bbox 444 4322 494 4370; x_wconf 84' lang='grc'><strong>35</strong></span> <span class='ocrx_word' id='word_1_358' title='bbox 554 4303 672 4364; x_wconf 89' lang='lat' dir='ltr'><strong>sub</strong></span> <span class='ocrx_word' id='word_1_359' title='bbox 722 4302 940 4382; x_wconf 90' lang='lat' dir='ltr'><strong>poenis</strong></span> <span class='ocrx_word' id='word_1_360' title='bbox 988 4300 1135 4377; x_wconf 89' lang='lat' dir='ltr'><strong>juris</strong></span> <span class='ocrx_word' id='word_1_361' title='bbox 1181 4319 1240 4364; x_wconf 89' lang='lat' dir='ltr'><strong>et</strong></span> <span class='ocrx_word' id='word_1_362' title='bbox 1284 4303 1415 4364; x_wconf 89' lang='lat' dir='ltr'><strong>aliis</strong></span> <span class='ocrx_word' id='word_1_363' title='bbox 1462 4323 1570 4385; x_wconf 89' lang='lat' dir='ltr'><strong>per</strong></span> <span class='ocrx_word' id='word_1_364' title='bbox 1614 4303 1953 4365; x_wconf 89' lang='lat' dir='ltr'><strong>concilium</strong></span> <span class='ocrx_word' id='word_1_365' title='bbox 1998 4303 2394 4385; x_wconf 88' lang='lat' dir='ltr'><strong>imponendis</strong></span> <span class='ocrx_word' id='word_1_366' title='bbox 2441 4305 2677 4385; x_wconf 87' lang='lat' dir='ltr'><strong>absque</strong></span> <span class='ocrx_word' id='word_1_367' title='bbox 2706 4304 2823 4365; x_wconf 91' lang='lat' dir='ltr'><strong>alia</strong></span> <span class='ocrx_word' id='word_1_368' title='bbox 2853 4305 3177 4367; x_wconf 90' lang='lat' dir='ltr'><strong>vocatione</strong></span> 
     </span>
     <span class='ocr_line' id='line_1_37' title="bbox 555 4409 3185 4493; baseline 0.001 -25"><span class='ocrx_word' id='word_1_369' title='bbox 555 4409 951 4470; x_wconf 89' lang='lat' dir='ltr'><strong>conveniant.</strong></span> <span class='ocrx_word' id='word_1_370' title='bbox 1002 4427 1116 4469; x_wconf 91' lang='lat' dir='ltr'><strong>nec</strong></span> <span class='ocrx_word' id='word_1_371' title='bbox 1150 4428 1279 4471; x_wconf 92' lang='lat' dir='ltr'><strong>non</strong></span> <span class='ocrx_word' id='word_1_372' title='bbox 1312 4410 1645 4491; x_wconf 90' lang='lat' dir='ltr'><strong>imperator</strong></span> <span class='ocrx_word' id='word_1_373' title='bbox 1676 4409 1985 4490; x_wconf 91' lang='lat' dir='ltr'><strong>ceterique</strong></span> <span class='ocrx_word' id='word_1_374' title='bbox 2018 4429 2192 4490; x_wconf 88' lang='lat' dir='ltr'><strong>reges</strong></span> <span class='ocrx_word' id='word_1_375' title='bbox 2224 4425 2283 4472; x_wconf 92' lang='lat' dir='ltr'><strong>et</strong></span> <span class='ocrx_word' id='word_1_376' title='bbox 2313 4410 2616 4492; x_wconf 90' lang='lat' dir='ltr'><strong>principes</strong></span> <span class='ocrx_word' id='word_1_377' title='bbox 2649 4410 2743 4472; x_wconf 90' lang='lat' dir='ltr'><strong>vel</strong></span> <span class='ocrx_word' id='word_1_378' title='bbox 2779 4412 3185 4493; x_wconf 60' lang='lat' dir='ltr'><strong>personaliter⁴</strong></span> 
     </span>
     <span class='ocr_line' id='line_1_38' title="bbox 552 4514 3180 4598; baseline 0.001 -22"><span class='ocrx_word' id='word_1_379' title='bbox 552 4529 659 4576; x_wconf 87' lang='lat' dir='ltr'><strong>aut</strong></span> <span class='ocrx_word' id='word_1_380' title='bbox 690 4533 798 4595; x_wconf 89' lang='lat' dir='ltr'><strong>per</strong></span> <span class='ocrx_word' id='word_1_381' title='bbox 828 4514 1122 4577; x_wconf 89' lang='lat' dir='ltr'><strong>solennes</strong></span> <span class='ocrx_word' id='word_1_382' title='bbox 1155 4515 1421 4578; x_wconf 90' lang='lat' dir='ltr'><strong>nuncios</strong></span> <span class='ocrx_word' id='word_1_383' title='bbox 1451 4531 1772 4598; x_wconf 88' lang='lat' dir='ltr'><strong>tamquam</strong></span> <span class='ocrx_word' id='word_1_384' title='bbox 1804 4517 1882 4578; x_wconf 89' lang='lat' dir='ltr'><strong>ad</strong></span> <span class='ocrx_word' id='word_1_385' title='bbox 1914 4536 2251 4579; x_wconf 88' lang='lat' dir='ltr'><strong>commune</strong></span> <span class='ocrx_word' id='word_1_386' title='bbox 2270 4517 2632 4579; x_wconf 89' lang='lat' dir='ltr'><strong>incendium</strong></span> <span class='ocrx_word' id='word_1_387' title='bbox 2652 4517 3180 4597; x_wconf 84' lang='lat' dir='ltr'><strong>exstinguendum</strong></span> 
     </span>
     <span class='ocr_line' id='line_1_39' title="bbox 551 4622 3182 4705; baseline 0.001 -22"><span class='ocrx_word' id='word_1_388' title='bbox 551 4641 662 4705; x_wconf 87' lang='lat' dir='ltr'><strong>per</strong></span> <span class='ocrx_word' id='word_1_389' title='bbox 692 4623 920 4684; x_wconf 88' lang='lat' dir='ltr'><strong>viscera</strong></span> <span class='ocrx_word' id='word_1_390' title='bbox 952 4622 1407 4685; x_wconf 86' lang='lat' dir='ltr'><strong>misericordiae</strong></span> <span class='ocrx_word' id='word_1_391' title='bbox 1439 4623 1679 4685; x_wconf 89' lang='lat' dir='ltr'><strong>domini</strong></span> <span class='ocrx_word' id='word_1_392' title='bbox 1712 4623 1909 4685; x_wconf 87' lang='lat' dir='ltr'><strong>nostri</strong></span> <span class='ocrx_word' id='word_1_393' title='bbox 1940 4624 2084 4686; x_wconf 90' lang='lat' dir='ltr'><strong>Jesu</strong></span> <span class='ocrx_word' id='word_1_394' title='bbox 2116 4623 2348 4686; x_wconf 90' lang='lat' dir='ltr'><strong>Christi</strong></span> <span class='ocrx_word' id='word_1_395' title='bbox 2387 4644 2462 4685; x_wconf 87' lang='lat' dir='ltr'><strong>ex</strong></span> <span class='ocrx_word' id='word_1_396' title='bbox 2492 4643 2661 4685; x_wconf 90' lang='lat' dir='ltr'><strong>nunc</strong></span> <span class='ocrx_word' id='word_1_397' title='bbox 2691 4625 2993 4686; x_wconf 88' lang='lat' dir='ltr'><strong>exhortati</strong></span> <span class='ocrx_word' id='word_1_398' title='bbox 3025 4643 3182 4685; x_wconf 82' lang='lat' dir='ltr'><strong>con—</strong></span> 
     </span>
     <span class='ocr_line' id='line_1_40' title="bbox 552 4730 3173 4813; baseline 0 -20"><span class='ocrx_word' id='word_1_399' title='bbox 552 4746 818 4793; x_wconf 88' lang='lat' dir='ltr'><strong>currant.</strong></span> <span class='ocrx_word' id='word_1_400' title='bbox 854 4746 911 4791; x_wconf 89' lang='lat' dir='ltr'><strong>et</strong></span> <span class='ocrx_word' id='word_1_401' title='bbox 943 4730 1201 4810; x_wconf 88' lang='lat' dir='ltr'><strong>quilibet</strong></span> <span class='ocrx_word' id='word_1_402' title='bbox 1233 4730 1513 4812; x_wconf 90' lang='lat' dir='ltr'><strong>ipsorum</strong></span> <span class='ocrx_word' id='word_1_403' title='bbox 1546 4751 1611 4792; x_wconf 90' lang='lat' dir='ltr'><strong>se</strong></span> <span class='ocrx_word' id='word_1_404' title='bbox 1643 4750 1757 4812; x_wconf 92' lang='lat' dir='ltr'><strong>pro</strong></span> <span class='ocrx_word' id='word_1_405' title='bbox 1790 4732 2086 4792; x_wconf 87' lang='lat' dir='ltr'><strong>Romano</strong></span> <span class='ocrx_word' id='word_1_406' title='bbox 2119 4731 2412 4813; x_wconf 87' lang='lat' dir='ltr'><strong>pontifice</strong></span> <span class='ocrx_word' id='word_1_407' title='bbox 2444 4732 2797 4811; x_wconf 89' lang='lat' dir='ltr'><strong>gerentium</strong></span> <span class='ocrx_word' id='word_1_408' title='bbox 2818 4731 2974 4792; x_wconf 85' lang='lat' dir='ltr'><strong>infra</strong></span> <span class='ocrx_word' id='word_1_409' title='bbox 2996 4750 3173 4793; x_wconf 90' lang='lat' dir='ltr'><strong>men-</strong></span> 
     </span>
    </p>

    <p class='ocr_par' dir='ltr' id='par_1_13' title="bbox 440 4837 3180 5027">
     <span class='ocr_line' id='line_1_41' title="bbox 440 4837 3180 4920; baseline 0 -21"><span class='ocrx_word' id='word_1_410' title='bbox 440 4856 502 4899; x_wconf 83' lang='grc' dir='ltr'><strong>4ο</strong></span> <span class='ocrx_word' id='word_1_411' title='bbox 553 4856 686 4901; x_wconf 89' lang='lat' dir='ltr'><strong>sem</strong></span> <span class='ocrx_word' id='word_1_412' title='bbox 731 4859 765 4899; x_wconf 89' lang='lat' dir='ltr'><strong>a</strong></span> <span class='ocrx_word' id='word_1_413' title='bbox 813 4839 912 4900; x_wconf 90' lang='lat' dir='ltr'><strong>die</strong></span> <span class='ocrx_word' id='word_1_414' title='bbox 958 4858 1080 4918; x_wconf 89' lang='lat' dir='ltr'><strong>qua</strong></span> <span class='ocrx_word' id='word_1_415' title='bbox 1127 4837 1445 4900; x_wconf 90' lang='lat' dir='ltr'><strong>scientiam</strong></span> <span class='ocrx_word' id='word_1_416' title='bbox 1485 4839 1707 4899; x_wconf 89' lang='lat' dir='ltr'><strong>habere</strong></span> <span class='ocrx_word' id='word_1_417' title='bbox 1742 4837 1943 4920; x_wconf 87' lang='lat' dir='ltr'><strong>potuit</strong></span> <span class='ocrx_word' id='word_1_418' title='bbox 1973 4839 2168 4900; x_wconf 87' lang='lat' dir='ltr'><strong>alium</strong></span> <span class='ocrx_word' id='word_1_419' title='bbox 2199 4840 2297 4901; x_wconf 90' lang='lat' dir='ltr'><strong>vel</strong></span> <span class='ocrx_word' id='word_1_420' title='bbox 2329 4840 2483 4902; x_wconf 89' lang='lat' dir='ltr'><strong>alios</strong></span> <span class='ocrx_word' id='word_1_421' title='bbox 2515 4839 2880 4902; x_wconf 89' lang='lat' dir='ltr'><strong>assumsisse</strong></span> <span class='ocrx_word' id='word_1_422' title='bbox 2914 4853 3180 4919; x_wconf 87' lang='lat' dir='ltr'><strong>papatus</strong></span> 
     </span>
     <span class='ocr_line' id='line_1_42' title="bbox 551 4944 3174 5027; baseline 0 -22"><span class='ocrx_word' id='word_1_423' title='bbox 551 4944 818 5025; x_wconf 83' lang='lat' dir='ltr'><strong>insignia</strong></span> <span class='ocrx_word' id='word_1_424' title='bbox 852 4944 944 5005; x_wconf 83' lang='lat' dir='ltr'><strong>vel</strong></span> <span class='ocrx_word' id='word_1_425' title='bbox 978 4945 1044 5005; x_wconf 92' lang='lat' dir='ltr'><strong>in</strong></span> <span class='ocrx_word' id='word_1_426' title='bbox 1077 4960 1300 5027; x_wconf 87' lang='lat' dir='ltr'><strong>papatu</strong></span> <span class='ocrx_word' id='word_1_427' title='bbox 1334 4945 1792 5008; x_wconf 90' lang='lat' dir='ltr'><strong>administrasse</strong></span> <span class='ocrx_word' id='word_1_428' title='bbox 1822 4962 2105 5009; x_wconf 89' lang='lat' dir='ltr'><strong>teneatur</strong></span> <span class='ocrx_word' id='word_1_429' title='bbox 2124 4950 2240 5009; x_wconf 89' lang='lat' dir='ltr'><strong>sub</strong></span> <span class='ocrx_word' id='word_1_430' title='bbox 2261 4946 2763 5009; x_wconf 88' lang='lat' dir='ltr'><strong>interminatione</strong></span> <span class='ocrx_word' id='word_1_431' title='bbox 2783 4944 3174 5008; x_wconf 85' lang='lat' dir='ltr'><strong>maledictio·</strong></span> 
     </span>
    </p>
   </div>
  </div>
 </body>
</html>
