3684 5416
553 1514 602 1546 to

557 2247 601 2290 ¹5

554 2855 605 2886 20

556 3388 605 3432 ²5

558 3993 612 4038 30

561 4626 611 4671 35

663 356 760 393 120
1285 343 1547 398 Potestas
1588 343 1970 400 ecclesiastiea
2011 359 2065 400 et
2103 344 2405 415 imperium
2447 344 2621 398 civile.

657 542 844 602 quem
893 542 1094 604 nuper
1129 524 1260 584 Deo
1309 526 1560 606 peperit,
1597 527 1892 609 profectu.
1960 529 2246 590 Laetifica
2282 549 2450 608 erg0,
2485 529 2750 608 gloriose
2784 543 2840 589 et
2873 527 3122 589 illustris
3155 526 3255 598 fili,

656 647 909 693 matrem
956 650 1149 715 tuam,
1199 653 1255 698 et
1302 653 1434 698 esto
1480 636 1564 697 illi
1612 637 1676 698 in
1724 636 2086 698 columnam
2139 636 2426 697 ferream!
2494 636 2655 697 Nam
2689 634 3018 714 refrigescit
3050 633 3260 694 caritas

655 740 1020 820 multorum,
1074 760 1132 805 et
1185 743 1496 804 malorum
1543 743 1877 804 hominum
1925 743 2186 803 versutia
2236 741 2513 803 navicula
2565 758 2769 802 nostra
2805 739 2945 801 feris
2977 740 3261 801 fluctibus

654 846 928 927 agitatur,
975 865 1034 911 et
1065 850 1581 932 despumantibus
1614 851 1800 912 undis
1833 851 2238 932 pertunditur.
2305 850 2425 911 Sed
2458 870 2777 930 speramus
2810 849 2872 909 in
2904 867 3079 929 spem
3109 868 3261 910 con-

654 970 742 1015 tra
789 976 985 1037 spem,
1033 976 1092 1020 et
1123 959 1473 1020 Dominum
1519 959 1962 1028 collaudamus,
2007 958 2116 1039 qui
2155 957 2312 1018 eruit
2343 973 2400 1017 te
2436 958 2511 1017 de
2545 972 2840 1037 potestate
2873 959 3261 1018 tenebrarum

655 1076 712 1120 et
744 1061 809 1121 in
843 1078 1010 1124 tanto
1045 1064 1316 1146 principe
1351 1064 1614 1144 providit
1638 1064 1958 1138 Ecclesiae,
1995 1063 2103 1143 qui
2137 1063 2329 1143 possit
2360 1082 2496 1123 eam
2530 1064 2684 1123 tueri
2719 1079 2775 1123 et
2806 1079 3016 1123 contra
3050 1082 3260 1124 occur-

656 1185 856 1230 rentes
895 1172 1325 1252 pestiferorum
1360 1188 1615 1232 conatus
1647 1173 1884 1251 galeam
1922 1170 2131 1231 salutis
2165 1171 2438 1232 induere.
2505 1171 2693 1249 Perge
2727 1170 2929 1249 igitur,
2961 1170 3174 1231 dilecte
3206 1186 3262 1230 et

653 1277 921 1356 gloriose
968 1277 1075 1357 fili,
1126 1295 1191 1338 ut
1226 1278 1396 1338 Deus
1444 1278 1845 1358 omnipotens
1878 1277 2264 1337 serenitatem
2298 1292 2470 1338 tuam
2504 1293 2561 1337 et
2595 1296 2854 1357 regnum
2893 1277 3260 1358 protectione

656 1385 904 1446 coelesti
951 1403 1379 1467 prosequatur,
1429 1402 1486 1446 et
1532 1385 1768 1465 angelis
1814 1387 1942 1446 suis
1989 1387 2256 1462 mandet,
2309 1403 2374 1446 ut
2406 1386 2755 1446 custodiant
2787 1403 2843 1446 te
2879 1386 2939 1447 in
2972 1385 3258 1446 omnibus

656 1491 768 1552 viis
800 1492 941 1569 tuiS‚
977 1510 1033 1554 et
1067 1495 1169 1554 det
1198 1494 1307 1554 tibi
1342 1493 1405 1554 in
1439 1494 1692 1555 circuitu
1728 1496 1804 1554 de
1838 1494 2101 1554 inimicis
2134 1493 2262 1553 suis
2294 1493 2638 1554 victoriam!
2705 1490 2761 1571 [l.
2795 1512 2842 1553 c.
2877 1513 3011 1574 pag.
3045 1491 3211 1574 624]

1060 1801 1148 1856 35.
1206 1801 1619 1856 concumbi
1659 1799 2240 1856 AURELIANENSE
2276 1799 2591 1855 PRIMUM
2632 1799 2701 1855 A.
2740 1801 2867 1855 511.

872 1987 900 2016 ‘
955 1989 1194 2043 Concilio
1249 1992 1381 2043 Aevi
1411 1991 1802 2060 Merowingici,
1844 1990 1929 2045 ed.
1987 1991 2043 2044 M
2060 2008 2090 2043 a
2110 2007 2141 2042 a
2158 2007 2184 2043 s
2201 2007 2227 2044 s
2245 2005 2275 2043 e
2293 2006 2327 2043 n
2386 1990 2755 2053 (Monumenta
2802 1989 3141 2043 Germaniae
3186 1988 3263 2042 ln'-

660 2069 879 2123 storica.
908 2069 1112 2138 Legum
1138 2071 1277 2123 Sect.
1307 2071 1421 2134 III,·
1459 2070 1697 2123 Concilia
1736 2070 1783 2123 T.
1816 2072 1855 2136 I)
1900 2086 1952 2140 p.
1992 2088 2172 2138 1—14.
2231 2070 2271 2122 Β
2293 2086 2369 2122 ru
2387 2085 2466 2121 ns
2484 2108 2497 2130 ‚
2540 2068 2786 2121 canones
2811 2070 3189 2140 Apostolorum
3213 2075 3270 2122 et

662 2147 1041 2202 Cone-iliorum.
1084 2149 1119 2203 1.
1157 2149 1268 2204 ¹60.
1321 2150 1378 2203 M
1401 2148 1590 2211 ansi,
1621 2149 1821 2203 Concil.
1852 2152 2015 2220 ampl.
2054 2150 2176 2202 coll.
2214 2143 2356 2201 Vlll.
2386 2164 2438 2218 p.
2469 2165 2587 2220 530.
2642 2147 2785 2202 l-lef
2794 2147 2932 2210 ele,
2973 2149 3263 2203 Concilien-

653 2228 982 2298 geschichte.
1023 2229 1082 2283 11.
1113 2247 1164 2299 p.
1193 2231 1313 2285 661.
1356 2230 1432 2279 W
1450 2230 1597 2300 eyl‚
1636 2231 1966 2302 Dasfrcz‘nk.
2001 2228 2582 2284 Staatskirchenrecht.
2613 2229 2647 2298 ξ
2676 2247 2723 2301 3.
2770 2229 2816 2283 L
2834 2246 2870 2284 o
2888 2228 3060 2284 enin
3076 2246 3129 2300 g,
3155 2231 3265 2284 Ge·

659 2309 895 2363 schichte
932 2311 1027 2363 des
1063 2311 1354 2364 deutschen
1394 2312 1833 2365 Kircltenrechts.
1875 2310 1936 2363 Il.
1964 2327 2020 2381 p.
2057 2328 2168 2382 130,
2205 2329 2221 2364 ι
2235 2328 2302 2381 59
2328 2327 2447 2382 seq.

1085 2474 1472 2556 [Epistula
1522 2476 1807 2558 synodi
1859 2477 1946 2536 ad
1999 2476 2498 2538 Clodoveum
2548 2473 2845 2556 regem]

874 2621 1129 2681 Domno
1180 2638 1296 2678 suo
1348 2618 1678 2679 catholicae
1735 2617 2023 2679 ecclesiae
2076 2617 2232 2690 filio,
2298 2618 2779 2679 Chlothouecho
2827 2618 3268 2697 gloriosissimo

660 2729 811 2807 regi,
843 2746 1062 2789 omnes
1095 2726 1457 2795 sacerdotes,
1491 2744 1649 2806 quos
1682 2726 1758 2787 ad
1794 2726 2134 2787 concilium
2168 2726 2377 2787 venire
2413 2726 2685 2790 iussistis.

876 2832 1042 2909 Quia
1087 2849 1249 2893 tanta
1296 2833 1372 2893 ad
1420 2833 1726 2912 religionis
1772 2833 2104 2903 catholicae
2152 2834 2389 2894 cultum
2432 2833 2736 2913 gloriosae
2782 2833 2923 2894 fidei
2970 2851 3114 2893 cura
3163 2852 3270 2893 vos

662 2942 895 3016 excitat,
932 2956 998 3000 ut
1029 2939 1417 3001 sacerdotalis
1451 2940 1673 3000 mentis
1707 2940 1995 3001 affectum
2018 2941 2360 3001 sacerdotes
2382 2940 2455 3000 de
2479 2943 2660 3000 rebus
2684 2939 3034 3000 necessariis
3053 2956 3264 3000 tracta-

662 3066 831 3109 turos
865 3048 929 3108 in
964 3066 1160 3108 unum
1196 3047 1414 3126 collegi
1445 3047 1761 3122 iusseritis,
1784 3048 2135 3109 secundum
2157 3047 2485 3108 voluntatis
2506 3064 2733 3108 vestrae
2757 3045 3266 3107 consultationem

662 3170 721 3216 et
765 3153 976 3215 titulos
1023 3174 1184 3234 quos
1229 3155 1477 3216 dedistis
1523 3174 1591 3214 ea
1640 3174 1798 3235 quae
1848 3155 2028 3216 nobis
2076 3155 2274 3214 visum
2309 3169 2369 3214 et
2400 3153 2760 3214 definitione
2805 3153 3267 3234 respondimus:

663 3262 741 3323 ita
778 3278 860 3339 ut,
892 3262 941 3321 si
977 3281 1044 3322 ea
1079 3281 1235 3341 quae
1271 3282 1387 3322 nos
1419 3260 1745 3321 statuimus
1779 3260 1961 3320 etiam
1998 3276 2197 3320 vestro
2230 3278 2387 3320 recta
2422 3280 2549 3320 esse
2584 3260 2815 3321 iudicio
2858 3261 3271 3339 comproban-

661 3384 777 3442 tur,
810 3368 955 3430 tanti
989 3386 1331 3429 consensus
1363 3368 1520 3446 regis
1552 3388 1621 3427 ac
1653 3367 1894 3427 domini
1930 3365 2144 3444 majori
2179 3367 2533 3427 auctoritate
2564 3366 2929 3428 servandam
2961 3382 3269 3427 tantorum

665 3474 860 3536 firmet
892 3476 1261 3536 sententiam
1293 3474 1700 3535 sacerdotum.

1746 3596 2208 3678 [Praefatio]

878 3744 1042 3805 Cum
1076 3762 1322 3805 auctore
1360 3744 1493 3804 Deo
1526 3764 1597 3804 ex
1631 3743 1989 3805 evocatione
2036 3739 2465 3820 gloriosissimi
2513 3740 2669 3818 regis
2700 3739 3179 3810 Chlothouechi,
3209 3739 3273 3798 in

666 3852 1084 3913 Aurilianensi
1142 3854 1290 3912 urbe
1338 3850 1551 3913 fuisset
1597 3850 1932 3911 concilium
1982 3866 2376 3909 summorum
2426 3847 2764 3908 antistitum
2815 3862 3273 3926 congregatum,

665 3958 986 4020 communi
1049 3960 1343 4019 omnibus
1405 3957 1756 4019 conlatione
1818 3955 2190 4037 complacuit
2248 3955 2388 4029 hoc,
2454 3954 2629 4034 quod
2682 3955 2869 4013 verbo
2920 3968 3271 4021 statuerunt,

666 4067 847 4127 etiam
882 4066 1215 4146 scripturae
1246 4065 1672 4126 testimonium
1707 4065 2018 4124 roborare.

668 4245 740 4306 C.
777 4243 874 4304 IV.
941 4241 1067 4322 [De
1114 4243 1638 4304 ordinatione
1690 4241 2184 4302 clericorum
2235 4255 2305 4299 et
2357 4257 2435 4299 ut
2482 4237 2643 4299 filii
2685 4235 3273 4298 clericorumin

1446 4349 1817 4431 episcopi
1867 4348 2028 4408 sint
2077 4343 2514 4428 potestate]

882 4494 974 4553 De
1026 4492 1521 4554 ordinationibus
1566 4491 1931 4552 clericorum
1981 4489 2044 4549 id
2090 4488 2542 4548 observandum
2593 4505 2724 4546 esse
2784 4484 3160 4554 censuimus,
3212 4500 3276 4543 ut

669 4601 880 4662 nullus
923 4598 1329 4661 saecularium
1377 4599 1453 4658 ad
1499 4597 1811 4658 clericatus
1859 4595 2135 4657 officium
2183 4610 2605 4676 praesumatur
2656 4593 2773 4654 nisi
2807 4610 2909 4652 aut
2942 4611 3085 4652 cum
3120 4590 3277 4669 regis

670 4709 942 4770 iussione
988 4723 1093 4768 aut
1137 4727 1280 4768 cum
1330 4706 1546 4766 iudicis
1595 4704 1940 4778 voluntate;
1995 4703 2073 4763 ita
2122 4719 2190 4764 ut
2239 4702 2345 4762 filii
2380 4701 2762 4777 clericorum,
2798 4699 2859 4760 id
2893 4714 2984 4759 est
3015 4714 3275 4780 patrum,

669 4835 928 4876 avorum
981 4835 1049 4876 ac
1097 4832 1493 4895 proavorum,
1529 4832 1688 4893 quos
1722 4811 2078 4892 supradicto
2111 4810 2332 4870 ordine
2366 4824 2694 4889 parentum
2728 4821 2962 4868 constat
2992 4807 3275 4866 observa—

669 4924 840 4984 tione
874 4923 1263 4997 subiunctus,
1300 4920 1364 4981 in
1398 4919 1834 5000 episcoporum
1874 4931 2171 4999 potestate
2205 4934 2273 4976 ac
2307 4914 2682 4975 districtione
2715 4912 3065 4975 consistant.
