3684 5416
638 378 672 430 6
1600 372 1847 430 Ecclesia
1877 370 2283 444 antiquissima.

638 554 1105 633 διπλοκαρδία,
1169 554 1399 633 δόλος,
1463 553 1912 633 ὑπερηφανία,

635 662 858 737 κακία,
877 661 1237 735 αὐθάδεια,
1252 660 1627 735 πλεονεξία,
1644 662 1911 739 αἰσχρο-

634 770 852 852 λογία,
886 768 1268 847 ζηλοτυπία,
1310 768 1681 846 θρασύτης,
1708 768 1911 849 ὕψος,

640 875 1025 951 ἀλαζονεία·
1085 900 1137 939 2.
1180 874 1452 938 διῶκται
1486 875 1788 953 ἀγαθῶν,
1826 895 1912 956 μι-ἱ

554 1013 573 1055 5
633 984 918 1059 σοῦντες
939 982 1284 1061 ἀλήθειαν,
1322 982 1717 1060 ἀγαπῶντες
1751 981 1910 1061 ψεῦ-

528 1548 576 1578 to

632 1088 776 1166 δος,
813 1092 897 1153 οῦ
940 1088 1388 1168 γινώσκοντες
1422 1087 1669 1169 μισθὸν
1707 1087 1909 1149 δικαι-

631 1194 907 1275 οσύνης,
940 1199 1023 1258 οῦ
1051 1195 1461 1276 κολλώμενοι
1483 1196 1725 1276 ἀγαθῷ
1742 1192 1912 1256 οῦδὲ

629 1302 846 1382 κρίσει
911 1302 1159 1383 δικαίᾳ,
1223 1305 1731 1380 ἀγρυπνοῦντες
1782 1303 1912 1363 οὐκ

632 1412 730 1486 εἰς
762 1410 839 1473 τὸ
874 1411 1162 1488 ἀγαθόν,
1192 1410 1335 1473 ἀλλ’
1362 1412 1460 1486 εἰς
1482 1408 1558 1471 τὸ
1579 1407 1907 1485 πονηρόν·

631 1514 724 1577 ὡν
770 1518 1038 1599 μακρὰν
1082 1514 1384 1595 πραΰτης
1427 1515 1538 1578 καὶ
1585 1514 1909 1595 ὑπομονὴ,

554 1644 559 1647 ·
632 1625 881 1705 μάταια
900 1625 1315 1701 ἀγαπῶντες,
1330 1621 1693 1700 διώκοντες
1712 1625 1906 1683 ἀντα-

630 1730 920 1813 πόδομα,
963 1732 1092 1794 οῦκ
1123 1732 1477 1806 ἐλεοῦντες
1509 1728 1786 1806 πτωχόν,
1822 1729 1907 1789 οῦ

628 1840 997 1914 πονοῦντες
1046 1837 1147 1899 ἐπὶ
1191 1836 1787 1917 καταπονουμένῳ,
1822 1838 1907 1898 οῦ

629 1942 1075 2024 γινώσκοντες
1094 1943 1214 2007 τὸν
1233 1943 1612 2020 ποιήσαντα
1631 1940 1904 2017 αύτούς,

553 2083 571 2113 z
630 2056 864 2132 φονεῖς
893 2052 1160 2123 τέκνων,
1193 2052 1479 2131 φθορεῖς
1512 2050 1905 2131 πλάσματος

627 2160 798 2221 θεοῦ
829 2157 1415 2239 ἀποστρεφόμενοι
1448 2157 1568 2218 τὸν
1599 2154 1904 2237 ἐνδεόμε-

626 2286 766 2337 νον,
778 2268 1326 2341 καταπονοῦντες
1340 2263 1458 2325 τὸν
1478 2263 1904 2347 θλιβόμενον,

626 2370 964 2434 πλουσίων
978 2372 1417 2450 παράκλητοι,
1436 2369 1734 2448 πενήτων
1750 2371 1902 2430 ἄνο-

627 2498 734 2561 μοι
768 2478 1004 2557 κριταί,
1038 2478 1603 2558 πανθαμάρτητοι·
1640 2474 1904 2555 ρυσθεί-

627 2605 762 2661 ητε,
810 2586 1032 2657 τέκνα,
1082 2584 1217 2646 ἀπὸ
1264 2583 1517 2646 τούτων
1569 2584 1900 2645 ἁπάντων.

717 2695 810 2755 Vl.
833 2689 1046 2770 ‘’Opot,
1069 2691 1153 2774 μή
1188 2713 1282 2770 τις
1312 2706 1394 2755 σε
1426 2691 1731 2772 πλανήσῃ
1766 2689 1903 2754 ἀπὸ

626 2797 875 2878 ταύτης
919 2801 1037 2876 τῆς
1070 2798 1243 2861 ὁδοῦ
1274 2802 1394 2878 τῆς
1424 2798 1725 2878 διδαχῆς,
1762 2797 1903 2861 ἐπεὶ

624 2905 965 2983 παρεκτὸς
995 2907 1164 2968 θεοῦ
1197 2921 1278 2967 σε
1321 2904 1649 2967 διδάσκει.
1719 2929 1770 2969 2.
1821 2906 1900 2966 El

624 3011 742 3094 μὲν
804 3012 942 3091 γὰρ
1001 3011 1293 3074 δύνασαι
1349 3013 1687 3097 βαστάσαι
1737 3013 1904 3074 ὅλον

514 3153 537 3169 0
624 3120 742 3182 τὸν
772 3118 982 3196 ζυγὸν
1014 3121 1135 3182 τοῦ
1165 3118 1426 3195 κυρίου,
1462 3120 1717 3195 τέλειος
1751 3119 1896 3198 ἔσῃ·

627 3229 685 3288 εἰ
733 3227 792 3288 δ’
830 3230 914 3290 ού
962 3224 1275 3298 δύνασαι,
1341 3224 1380 3284 ὃ
1444 3224 1632 3305 δύνῃ,
1698 3228 1899 3287 τοῦτο

558 3326 567 3335 ’
624 3333 809 3395 ποίει.
879 3358 931 3416 3.
967 3334 1137 3410 Περὶ
1185 3331 1267 3394 δὲ
1311 3335 1428 3410 τῆς
1467 3331 1809 3416 βρώσεως,
1861 3330 1900 3392 ὃ

623 3440 914 3503 δύνασαι
978 3442 1361 3525 βάστασον·
1440 3439 1576 3502 ἀπὸ
1639 3439 1720 3501 δὲ
1779 3441 1901 3500 τοῦ

624 3546 1080 3610 εἰδωλοθύτου
1100 3548 1251 3609 λίαν
1264 3548 1586 3625 πρόσεχε·
1620 3545 1903 3618 λατρεία

623 3655 760 3732 γάρ
794 3657 933 3716 ἐστι
967 3656 1145 3716 θεῶν
1175 3656 1453 3733 νεκρῶν.

713 3765 835 3825 Vll.
902 3762 1072 3839 ΙΙερί
1122 3760 1202 3823 δὲ
1251 3764 1370 3824 τοῦ
1423 3760 1896 3844 βαπτίσματος,

620 3867 797 3929 οὕτω
836 3869 1215 3952 βαπτίσατε·
1253 3871 1464 3930 ταῦτα
1496 3868 1715 3930 πάντα
1742 3887 1898 3945 προ-

1968 555 2216 635 duplex‚
2248 555 2450 627 dolus,
2497 553 2811 634 superbia,
2843 553 3111 626 malitia,
3146 573 3243 612 ar-

1969 661 2269 742 rogantia,
2316 662 2608 733 avaritia,
2638 660 3114 741 turpiloquium,
3149 660 3242 720 in-

1967 767 2146 841 vidia,
2196 767 2542 841 insolentia,
2598 767 2815 839 fastus,
2867 770 3191 827 ostentatio
3210 790 3244 839 ,-

1973 897 2028 938 2.
2059 879 2375 937 bonorum
2411 890 2849 956 persecutores,
2891 893 3103 935 osores
3137 894 3238 934 ve-

1968 982 2175 1057 ritatis,
2225 997 2527 1042 amatores
2578 980 2899 1055 mendacii,
2954 999 3082 1040 non
3137 999 3240 1040 co-

1965 1106 2328 1169 gnoscentes
2389 1088 2734 1149 mercedem
2784 1086 3065 1159 iustitiae,
3113 1106 3242 1147 non

1966 1196 2364 1258 adhaerentes
2397 1195 2549 1256 bono
2581 1213 2784 1274 neque
2806 1193 3037 1255 iudicio
3058 1193 3243 1267 ius10‚

1968 1304 2281 1383 vigilantes
2314 1323 2442 1363 non
2475 1302 2551 1362 ad
2587 1304 2845 1378 bonum,
2877 1302 2985 1362 sed
3007 1302 3084 1361 ad
3110 1320 3239 1362 ma-

1963 1412 2117 1487 lum,
2165 1430 2199 1470 a
2247 1411 2479 1490 quibus
2525 1409 2715 1489 longe
2745 1411 2915 1469 abest
2949 1427 3242 1468 mansue-

1964 1520 2119 1579 tudo
2151 1533 2210 1578 et
2242 1517 2545 1598 patientia,
2578 1516 2686 1596 qui
2707 1515 2983 1595 dilefflmt
2999 1517 3243 1587 inam'a,

1962 1632 2274 1685 sectantur
2321 1625 2892 1695 remunerationem,
2942 1640 3072 1682 non
3123 1621 3239 1681 mi-

1962 1746 2244 1793 serentur
2291 1730 2513 1810 inopis,
2560 1747 2689 1790 non
2727 1729 3006 1790 laborant
3040 1729 3116 1789 de
3150 1728 3241 1789 af-

1961 1838 2148 1912 flicto,
2212 1856 2339 1897 non
2401 1852 2841 1916 cognoscentes
2901 1850 3238 1896 creatorem

1961 1964 2169 2017 suum,
2232 1944 2564 2005 liberorum
2627 1945 3109 2022 interemptores,
3173 1942 3236 2001 in

1961 2051 2279 2112 abortione
2359 2066 2824 2129 corrumpentes
2893 2065 3234 2109 creaturam

1964 2158 2096 2235 Dei,
2127 2174 2472 2218 aversantes
2494 2175 2782 2238 egenum,
2813 2155 3238 2237 opprimentes

1961 2264 2274 2341 afflictum,
2296 2264 2553 2325 divitum
2578 2264 2870 2335 advocati,
2887 2282 3235 2344 pauperum

1960 2371 2158 2451 iniqui
2205 2370 2455 2445 iudices,
2502 2371 2798 2432 omnibus
2844 2369 3106 2450 peccatis
3138 2369 3236 2429 in-

1959 2478 2231 2559 quinati;
2283 2477 2645 2555 liberemini,
2696 2477 2823 2552 filii,
2859 2479 2934 2537 ab
2968 2476 3061 2537 his
3095 2495 3234 2537 om-

1961 2586 2161 2647 nibus.

2052 2692 2145 2755 Vl.
2185 2691 2358 2767 Vide,
2393 2712 2470 2752 ne
2503 2690 2645 2772 quis
2662 2706 2719 2753 te
2739 2692 3100 2753 abducatab
3123 2690 3238 2752 hac

1957 2800 2054 2861 via
2085 2799 2417 2874 doctrinae,
2448 2800 2747 2879 quoniam
2773 2815 3009 2880 praeter
3029 2799 3234 2859 Deum

1960 2924 2016 2968 te
2067 2907 2260 2968 docet.
2328 2928 2382 2967 2.
2438 2907 2501 2968 Si
2552 2906 2717 2967 enim
2766 2921 2966 2968 totum
3015 2907 3229 2984 iugum

1961 3013 2215 3075 Domini
2251 3030 2493 3094 portare
2528 3029 2723 3095 potes,
2747 3013 3051 3095 perfectus
3083 3013 3231 3080 eris:

1957 3123 2006 3182 si
2040 3141 2187 3182 vero
2220 3140 2350 3182 non
2373 3136 2566 3202 potes,
2604 3121 2783 3182 facias
2804 3121 2887 3196 id,
2922 3121 3096 3201 quod
3119 3141 3230 3201 po-

1957 3243 2062 3289 tes.
2119 3249 2174 3308 3.
2213 3226 2405 3303 Quod
2439 3230 2515 3289 ad
2551 3229 2758 3289 cibum
2793 3228 3022 3302 attinet,
3059 3227 3234 3308 quod

1958 3351 2132 3416 potes
2177 3351 2385 3417 porta:
2452 3334 2765 3396 immolata
2798 3351 3003 3395 autem
3038 3334 3230 3394 simu-

1957 3443 2262 3503 lacrorum
2286 3442 2461 3503 valde
2484 3442 2752 3513 declina;
2788 3441 3046 3502 servitus
3067 3440 3231 3501 enim

1956 3565 2101 3609 sunt
2132 3549 2393 3610 deorum
2429 3564 2837 3610 mortuorum.

2048 3763 2166 3824 V11.
2219 3763 2311 3823 De
2358 3762 2663 3843 baptismo
2697 3778 2920 3837 autern,
2959 3760 3044 3822 sic
3077 3762 3230 3841 bap-

1954 3870 2158 3943 tizate3
2227 3870 2376 3930 haec
2422 3868 2629 3931 omnia
2676 3885 3008 3950 postquam
3054 3884 3226 3928 antea

621 3975 943 4053 ειπὸντες,
1001 3974 1366 4060 βαπτίσατε
1412 3977 1507 4050 εἰς
1553 3973 1631 4036 τὸ
1678 3973 1899 4055 ὄνομα
1954 3976 2201 4048 dixistis
2234 3976 2538 4058 baptizate
2570 3980 2633 4036 in
2668 3978 2910 4036 nomine
2927 3979 3140 4056 patris
3172 3981 3234 4034 et

619 4085 739 4145 τοῦ
790 4081 1048 4159 πατρὸς
1093 4083 1205 4143 καὶ
1256 4085 1377 4144 τοῦ
1422 4082 1574 4144 υἱοῦ
1619 4082 1732 4142 καὶ
1773 4084 1895 4144 τοῦ
1931 4084 2083 4164 filii
2123 4089 2184 4143 et
2225 4085 2486 4164 spiritus
2529 4086 2733 4143 sancti
2774 4082 2838 4142 in
2885 4101 3044 4162 aqua
3078 4082 3232 4143 viva.

512 4219 558 4261 35
620 4190 818 4268 ἁγίου
881 4188 1259 4270 πνεύματος
1323 4191 1397 4250 ἐν
1445 4186 1637 4250 ὕδατι
1685 4189 1894 4263 ζῶντι.
1956 4210 2010 4251 2.
2033 4191 2140 4252 Sin
2160 4205 2365 4252 autem
2389 4210 2521 4251 non
2543 4191 2733 4250 habes
2753 4209 2980 4270 aquam
3000 4190 3227 4256 vivam,

624 4320 676 4360 2.
716 4297 880 4357 Ἐὰν
925 4292 1005 4357 δὲ
1052 4294 1134 4376 μὴ
1183 4293 1341 4375 ἔχῃς
1388 4294 1577 4372 ὕδωρ
1609 4296 1759 4368 ζῶν,
1796 4296 1895 4372 εἰς

618 4404 788 4465 ἄλλο
835 4402 1026 4480 ὕδωρ
1078 4403 1425 4487 βάπτισον·
1481 4403 1537 4464 εἰ
1571 4400 1629 4462 δ’
1668 4403 1752 4464 οῦ
1785 4400 1892 4463 δύ-

616 4526 820 4572 νασαι
856 4512 929 4571 ἐν
962 4509 1220 4590 ψυχρῷ,
1257 4511 1331 4570 ἐν
1363 4510 1608 4591 θερμῷ.
1649 4532 1702 4592 3.
1729 4509 1893 4570 Ἐὰν

617 4616 697 4679 δὲ
743 4616 1104 4699 ἀμφότερα
1154 4615 1236 4698 μὴ
1288 4614 1463 4696 ἔχῃς,
1512 4615 1750 4694 ἔκχεον
1797 4616 1893 4691 εἰς

619 4723 736 4804 τὴν
784 4723 1091 4805 κεφαλὴν
1137 4722 1279 4801 τρὶς
1322 4721 1512 4799 ὕδωρ
1545 4723 1641 4799 εἰς
1673 4720 1894 4803 ὄνομα

615 4830 874 4909 πατρὸς
905 4829 1017 4892 καὶ
1050 4829 1202 4892 υἱοῦ
1232 4829 1344 4890 καὶ
1380 4829 1579 4908 ἁγίου
1612 4827 1892 4910 πνεύμα-

615 4960 751 5016 τος.
804 4963 862 5022 4.
921 4935 1078 5015 Πρὸ
1130 4935 1210 4998 δὲ
1260 4938 1382 4999 τοῦ
1437 4936 1892 5021 βαπτίσματος

1953 4299 2016 4358 in
2050 4297 2163 4359 alia
2198 4315 2355 4378 aqua
2392 4297 2659 4377 baptiza;
2712 4297 2761 4357 si
2793 4316 2920 4359 non
2955 4312 3128 4378 potes
3163 4297 3224 4357 in

1951 4404 2187 4484 frigida,
2221 4404 2285 4463 in
2319 4403 2532 4464 calida.
2593 4423 2646 4483 3.
2679 4402 2789 4464 Sin
2823 4419 3026 4464 autem
3066 4422 3226 4464 neu-

1949 4526 2106 4573 tram
2168 4512 2374 4588 babes‚
2456 4510 2706 4572 effunde
2768 4511 2834 4570 in
2895 4526 3078 4591 caput
3139 4527 3227 4571 ter

1949 4635 2175 4699 aquarn
2229 4622 2294 4679 in
2345 4621 2588 4679 nomine
2631 4621 2838 4698 patris
2888 4625 2947 4678 et
2994 4618 3126 4684 filii
3169 4624 3230 4676 et

1947 4729 2208 4807 spiritus
2256 4728 2475 4786 sancti.
2542 4745 2602 4803 4.
2656 4730 2815 4786 Ante
2849 4724 3221 4804 baptismum

1949 4832 2220 4894 ieiunato
2266 4831 2582 4912 baptizans
2630 4848 2687 4892 et
2732 4830 3133 4912 baptizandus
3167 4847 3224 4890 et

1947 4939 1996 5000 si
2030 4939 2138 5019 qui
2172 4938 2270 4999 alii
2306 4952 2599 5019 possunt:
2641 4938 3079 5018 baptizandum
3112 4956 3222 4996 au-
