3684 5416
525 1499 571 1530 to

524 2032 569 2075 ι5

520 3099 567 3148 25

518 3773 569 3816 30

516 4395 566 4438 35

512 4931 564 4969 40

626 327 733 397 496
1697 325 1868 380 Curia
1908 343 2163 380 romana.

629 529 779 587 tum,
825 511 901 572 ita
950 526 1156 572 tamen
1204 511 1374 591 quod
1424 510 1733 572 confectio
1779 510 2182 590 minutarum,
2235 531 2396 591 quae
2428 528 2819 574 concernunt
2849 512 3138 591 justitiam
3168 515 3244 576 ad

627 618 915 680 Notarios
948 618 1117 699 ipsos
1151 619 1465 700 pertineat.
1529 618 1605 678 Et
1636 632 1875 699 praeter
1907 618 2030 680 hoc
2062 618 2353 679 salarium
2387 619 2669 696 habeant,
2701 620 2976 682 minutae
3011 641 3120 702 per
3139 641 3245 682 eos

628 726 777 786 fiant
821 725 917 787 vel
963 725 1247 805 expensis
1293 744 1516 788 eorum
1563 739 1621 786 et
1668 726 1788 787 hoc
1834 725 1999 786 idem
2049 724 2112 786 in
2159 725 2458 787 omnibus
2489 726 2621 787 aliis
2652 726 2838 789 literis
2872 726 3153 806 justitiae,
3189 742 3244 787 et

628 833 1059 914 provisionum
1089 833 1167 893 ad
1201 831 1499 893 Ecclesias
1531 832 1950 910 Cathedrales,
1999 848 2058 893 et
2091 833 2466 895 Monasteria
2499 835 2807 914 quaelibet
2842 835 3156 908 factarum,
3190 849 3247 894 et

625 939 974 1001 fiendarum
1023 939 1088 999 in
1135 938 1525 1010 Consistorio
1577 954 1808 1015 nostro,
1875 959 2031 1018 quae
2080 959 2190 1020 per
2233 958 2459 1001 manus
2510 941 2791 1023 ipsorum
2845 941 3246 1003 Notariorum

625 1061 964 1122 transeunt,
1010 1044 1420 1127 praecipimus
1466 1044 1792 1106 observari.
1857 1045 2095 1106 Verum
2141 1045 2554 1109 intelleximus
2584 1048 2760 1129 quod
2793 1063 3242 1129 procuratores,

626 1152 734 1232 qui
769 1171 981 1213 causas
1014 1170 1201 1233 super
1233 1151 1461 1231 quibus
1495 1151 1911 1232 expediuntur
1942 1151 2150 1213 literae
2184 1155 2619 1216 executoriales
2652 1154 2714 1216 in
2747 1153 3001 1233 judicic,
3050 1154 3113 1216 in
3146 1174 3243 1215 ea·

626 1260 765 1320 dem
819 1260 1009 1321 Curia
1060 1274 1333 1339 egerunt,
1383 1260 1477 1319 vel
1529 1259 1962 1335 defenderunt,
2011 1260 2262 1340 quando
2310 1261 2514 1322 literae
2562 1259 2926 1340 hujusmodi
2974 1261 3038 1323 in
3085 1262 3245 1323 dicta

624 1367 933 1428 audientia
968 1365 1486 1428 contradictarum
1516 1366 1824 1443 leguntur.
1862 1366 1986 1428 Ubi
2019 1366 2135 1447 ipsi
2169 1383 2594 1448 procuratores
2626 1368 2947 1446 intersunt,
2971 1368 3240 1431 mediam

626 1488 861 1554 partem
907 1488 1077 1534 taxae
1122 1472 1425 1533 dictarum
1471 1471 1783 1534 literarum
1830 1488 2189 1535 executores
2235 1474 2312 1535 de
2358 1492 2527 1535 novo
2576 1495 2609 1536 a
2655 1475 2930 1555 partibus
2965 1475 3245 1536 nituntur

627 1580 887 1659 exigere,
936 1596 992 1640 et
1039 1599 1218 1662 saepe
1264 1580 1532 1659 exigunt,
1566 1579 1719 1641 illud
1751 1596 2106 1660 reputantes
2140 1583 2426 1659 abusum,
2461 1581 2591 1643 fieri
2625 1582 3050 1662 prohibemus.
3114 1581 3244 1641 Vo-

624 1688 822 1748 lentes
868 1687 1123 1749 eosdem
1170 1704 1595 1768 procuratores
1641 1687 1970 1750 communi
2017 1687 2239 1749 salario
2287 1707 2401 1769 pro
2448 1689 2579 1749 aliis
2628 1690 2690 1750 in
2723 1689 2879 1750 dicta
2913 1687 3242 1766 audientia,

628 1793 904 1874 legendis
936 1793 1121 1855 literis
1154 1795 1408 1875 quaudo
1442 1794 1672 1856 ibidem
1705 1794 2009 1856 intersunt
2041 1815 2173 1856 esse
2206 1811 2551 1874 contentOS,
2601 1795 2707 1856 ubi
2741 1795 2950 1856 forsan
2984 1795 3100 1877 ipsi
3136 1813 3246 1875 per

628 1913 829 1961 totum
877 1898 1237 1977 hujusmodi
1281 1900 1519 1961 literam
1564 1901 1979 1964 executoriam
2029 1902 2506 1982 procuraverint,
2538 1922 2670 1984 quo
2702 1921 2845 1964 casu
2881 1919 3245 1982 competens

627 2006 914 2067 salarium
964 2027 999 2066 a
1046 2007 1317 2088 partibus
1363 2023 1586 2088 petere,
1631 2022 1690 2067 et
1726 2007 1995 2088 recipere
2028 2010 2267 2090 possint
2297 2011 2651 2071 secundum
2684 2011 2858 2089 quod
2891 2010 2953 2070 in
2990 2009 3244 2070 taxatio-

629 2115 811 2175 nibus
845 2113 1096 2194 praefati
1127 2114 1382 2175 Joannis
1413 2114 1595 2176 XXII.
1628 2114 2114 2195 praedecessoris
2149 2117 2426 2177 habetur.

838 2229 868 2290 s
907 2241 937 2301 3
960 2242 1004 2281 1.
1056 2221 1388 2282 Caeterum
1421 2239 1565 2280 cum
1601 2240 1781 2301 saepe
1814 2221 2134 2300 continget
2167 2223 2341 2302 quod
2380 2222 2443 2283 in
2476 2222 2772 2284 omnibus
2807 2222 3024 2283 diebus
3057 2221 3245 2282 unius

626 2328 1068 2405 hebdomadae,
1100 2328 1325 2408 quibus
1358 2326 1549 2389 teneri
1581 2327 1736 2389 solet
1767 2327 2101 2409 audientia,
2144 2343 2203 2389 et
2233 2328 2571 2409 aliquando
2604 2330 2667 2389 in
2701 2330 2943 2390 duabus
2976 2326 3243 2405 conjun-

626 2435 733 2496 ctis
767 2434 1175 2496 hebdomadis
1208 2435 1392 2496 feriae
1412 2435 1819 2512 celebrantur,
1840 2436 2011 2496 unde
2032 2436 2164 2497 lites
2186 2436 2504 2517 prorogari
2524 2435 2843 2516 contingit.
2880 2435 3239 2513 StatuimuS,

624 2557 683 2603 et
714 2541 898 2604 etiam
929 2541 1308 2618 ordinamus,
1342 2558 1410 2604 ut
1442 2544 1964 2624 quotiescumque
1998 2543 2062 2604 in
2097 2562 2219 2604 una
2252 2543 2645 2606 hebdomada
2678 2559 2799 2603 tres
2829 2542 2914 2603 illi
2947 2542 3078 2603 dies
3097 2544 3242 2624 qui-

625 2651 741 2710 bus
770 2648 964 2711 teneri
996 2649 1152 2711 solet
1183 2650 1517 2731 audientia,
1554 2649 2029 2731 quomodolibet
2061 2650 2183 2711 sint
2215 2648 2424 2727 feriati,
2459 2664 2891 2732 praeterquam
2925 2650 2991 2711 in
3013 2649 3241 2712 octavis

627 2756 984 2835 NativitatiS‚
1033 2774 1091 2818 et
1122 2758 1608 2820 Resurrectionis
1641 2759 1728 2820 D.
1764 2759 1839 2820 Ν.
1871 2757 2025 2827 Jesu
2059 2757 2332 2832 Christi,
2366 2758 2645 2819 videlicet
2690 2777 2799 2839 per
2842 2773 3078 2838 septem
3110 2758 3241 2819 dies

624 2877 785 2937 ante,
833 2877 892 2923 et
940 2879 1175 2945 septem
1221 2880 1381 2945 post,
1429 2864 1529 2926 die
1578 2865 1744 2927 Jovis
1789 2865 1852 2926 in
1901 2864 2293 2926 hebdomada
2325 2865 2451 2941 tali,
2485 2864 2535 2925 si
2567 2865 2668 2925 illa
2702 2864 2832 2925 dies
2865 2863 3072 2925 feriata
3107 2884 3241 2925 non

626 2968 823 3047 fuerit,
855 2970 1138 3050 alioquin
1170 2970 1269 3031 die
1301 2971 1552 3033 Sabbati
1584 2970 1893 3033 audientia
1926 2985 2216 3031 teneatur.

839 3085 869 3145 s
906 3095 1007 3156 32.
1053 3076 1226 3138 Nulli
1259 3097 1408 3159 ergo
1443 3077 1708 3140 omnino
1741 3076 2078 3138 hominum
2111 3078 2288 3138 liceat
2320 3093 2430 3138 etc.

840 3185 1070 3246 Datum
1119 3188 1358 3247 Romae
1403 3187 1567 3266 apud
1614 3187 1674 3247 S.
1708 3187 1958 3248 Petrum
1991 3202 2102 3246 etc.
2150 3209 2201 3247 a.
2251 3206 2434 3266 1422.
2503 3184 2560 3265 [l.
2592 3205 2642 3247 c.
2675 3206 2811 3268 pag.
2850 3182 3239 3265 300—303.]

1312 3429 1441 3484 2⁰5.
1499 3429 1926 3486 cnmx‘rus
1966 3431 2090 3485 111.
2129 3429 2564 3499 (ηδε-1453.)

622 3589 1190 3645 Thesaurarius
1221 3604 1289 3645 et
1316 3589 2097 3645 clericiReverendae
2126 3591 2484 3645 Gamerae
2510 3589 3045 3660 Apostolicae‚
3085 3590 3242 3644 veri

625 3669 1070 3725 Familiares
1143 3672 1421 3741 Papae,
1486 3670 1805 3741 eiusque
1864 3684 1934 3725 et
1991 3669 2207 3725 Sedis
2267 3668 2772 3741 Apostolicae
2832 3669 3238 3741 Capellani

1573 3767 1737 3805 esse
1779 3749 2288 3805 declarantur.

837 3885 866 3914 ‘
904 3887 1177 3956 Magnum
1215 3886 1528 3939 Bullarium
1569 3886 1895 3939 Romanum.
1937 3885 2006 3939 T.
2034 3886 2071 3938 l.
2114 3902 2166 3955 p.
2198 3884 2496 3958 362—363.
2568 3885 2908 3956 Bangen,
2956 3887 3062 3939 Die
3099 3893 3237 3939 rc'fm.

623 3966 813 4020 Kurie.
853 3983 905 4036 p.
936 3983 1034 4037 345
1078 3983 1197 4037 seq.
1248 3964 1688 4034 Hinsehius‚
1726 3965 2138 4020 Kirchenrecht.
2177 3966 2349 4020 Tom.
2378 3966 2415 4022 Ι.
2456 3981 2509 4035 p.
2535 3966 2659 4035 406.

688 4113 994 4175 Callistus
1026 4114 1387 4196 EpiscopuS,
1420 4115 1646 4175 Servus
1679 4115 2002 4176 Servorum
2036 4114 2184 4174 Dei.
2235 4114 2340 4174 Ad
2352 4116 2637 4190 futuram
2671 4117 2770 4175 rei
2800 4119 3176 4176 memoriam.

837 4257 1018 4333 Quae
1066 4258 1356 4319 laudabili
1409 4273 1467 4318 et
1517 4259 1775 4340 provida
1824 4258 2370 4339 praedecessorum
2427 4270 2787 4317 nostrorum
2851 4256 3239 4318 ordinatione

620 4380 805 4447 gesta,
851 4384 962 4425 seu
1007 4367 1358 4446 approbata,
1394 4365 1489 4426 vel
1524 4381 1747 4427 statuta
1779 4381 1944 4442 sunt,
1975 4365 2346 4446 opportunis
2381 4382 2497 4424 nos
2530 4363 2711 4423 decet
2750 4363 3062 4425 favoribus
3095 4381 3238 4443 pro-

619 4471 815 4552 sequi,
847 4486 905 4531 et
936 4469 1243 4531 efficacem
1277 4490 1529 4552 operam
1565 4472 1855 4533 adhibere
1889 4471 2044 4532 circa
2079 4471 2528 4551 observantiam
2561 4471 2950 4532 eorumdem.

833 4588 863 4648 s
907 4599 954 4640 ι.
994 4579 1255 4639 Dudum
1286 4578 1593 4659 siquidem
1617 4580 1938 4661 Eugenius
1971 4580 2132 4660 Papa
2154 4578 2248 4639 lV.
2271 4579 2703 4660 praedecessor
2732 4594 2962 4639 noster.
3007 4577 3239 4653 (Omit-

620 4689 774 4747 titur
805 4688 1135 4747 residuum.
1197 4684 1325 4747 Cfr.
1361 4687 1575 4767 Magn.
1609 4686 1967 4748 Bullarium
2000 4685 2172 4749 Rom.
2203 4686 2394 4748 Tom.
2425 4685 2464 4745 l.
2499 4695 2634 4765 pag.
2676 4685 2838 4765 330).

836 4802 864 4863 s
904 4814 955 4854 2.
991 4794 1064 4853 Et
1095 4795 1544 4874 subsequenter
1577 4794 1849 4875 praefato
1883 4793 2351 4875 praedecessore
2385 4793 2567 4853 rebus
2600 4791 2897 4853 humanis
2931 4805 3241 4871 exempto,

622 4920 729 4982 per
761 4900 896 4982 piae
929 4920 1111 4962 mem.
1133 4901 1463 4963 Nicolaum
1498 4901 1724 4982 Papam
1749 4902 1820 4963 V.
1846 4901 2028 4961 etiam
2065 4900 2598 4980 praedecessorem
2633 4914 2937 4973 nostrum,
2973 4912 3243 4976 accept0,
