3684 5416
1323 380 1569 436 Ordines
1608 392 1665 436 et
1703 380 2204 451 congregationes.
2955 383 3060 453 655

447 564 641 625 ctrina
689 585 797 626 seu
848 565 1003 626 vitae
1051 564 1411 626 christianae
1462 564 1718 646 puritate
1765 566 2117 647 apparuerit
2161 567 2556 648 conspicuus,
2608 583 2758 630 tunc
2809 570 3066 629 demum

446 672 804 733 admittatur
848 672 926 733 ad
972 672 1106 734 lesu
1141 673 1368 735 Christi
1404 672 1702 748 militiam,
1747 673 1857 753 qui
1887 674 2180 735 tenuibus
2212 676 2443 756 coeptis
2477 676 2702 737 nostris
2738 677 2936 737 favere
2971 676 3065 736 di-

449 796 689 860 gnetur,
722 781 796 841 ad
829 780 1089 860 gloriam
1126 780 1240 841 Dei
1277 780 1488 856 PatriS,
1522 779 1619 840 cui
1652 779 1766 840 soli
1798 781 1872 841 sit
1904 800 2147 862 semper
2178 782 2366 842 decus
2400 797 2457 843 et
2492 784 2695 844 honor
2717 783 2778 844 in
2806 782 3068 844 saecula.

450 892 674 948 Amen.

370 1019 396 1062 5
668 1003 696 1063 s
743 1014 835 1072 ¹4·
884 994 1051 1055 Cum
1084 1008 1291 1055 autem
1324 993 1409 1055 nil
1442 993 1504 1055 in
1540 993 1884 1075 praemissis
1916 995 2249 1075 reperiatur
2281 997 2452 1075 quod
2490 996 2662 1077 pium
2696 1015 2823 1057 non
2859 996 2934 1057 sit
2967 1012 3072 1057 aut

448 1117 752 1178 sanctum,
801 1120 916 1162 nos
947 1101 1037 1177 (ut
1071 1100 1258 1161 iidem
1293 1101 1460 1178 socii,
1507 1101 1615 1182 qui
1649 1102 1829 1162 nobis
1863 1121 2048 1182 super
2080 1102 2206 1163 hoc
2235 1103 2584 1164 humillime
2619 1103 2948 1184 supplicari
2983 1102 3070 1163 fe-

449 1226 683 1285 cerunt,
715 1209 779 1269 in
814 1228 1031 1270 eorum
1069 1209 1172 1290 pio
1208 1209 1452 1270 vivendi
1487 1209 1803 1291 proposito
1836 1229 1914 1271 eo
1948 1210 2357 1290 promptiores
2377 1211 2655 1287 existant,
2675 1230 2805 1292 quo
2838 1230 2902 1270 se
2936 1230 3066 1272 ma·

452 1316 564 1377 iori
598 1316 773 1377 Sedis
806 1314 1200 1396 Apostolicae
1252 1316 1439 1397 gratia
1491 1315 1781 1396 completi
1835 1316 2258 1396 cognoverint,
2309 1332 2367 1377 et
2418 1319 2749 1399 praemissa
2797 1337 2905 1398 per
2951 1337 3066 1378 nos

452 1421 778 1502 approbari
829 1421 1108 1500 viderint)
1162 1421 1492 1503 praemissa
1541 1422 1752 1483 omnia
1805 1437 1865 1482 et
1909 1422 2171 1500 singula,
2217 1436 2537 1503 tamquam
2585 1424 2661 1483 ad
2694 1422 3072 1505 spiritualem

351 1560 402 1593 ιο
458 1527 805 1611 profectum
838 1531 1210 1591 eorumdem
1242 1530 1558 1591 sociorum
1591 1546 1648 1590 et
1679 1529 1900 1609 reliqui
1935 1529 2244 1591 christiani
2276 1532 2478 1610 gregis
2511 1547 2880 1611 opportuna,
2914 1549 3064 1610 apo-

455 1641 668 1703 stolica
711 1640 1088 1713 auctoritate,
1144 1656 1359 1700 tenore
1400 1638 1837 1720 praesentium,
1868 1658 1940 1699 ex
1971 1654 2130 1700 certa
2163 1639 2414 1700 scientia
2449 1642 2884 1722 approbamus,
2917 1658 3069 1700 con-

456 1744 776 1806 firmamus
827 1760 884 1805 et
936 1745 1376 1824 benedicimus,
1423 1765 1492 1805 ac
1539 1761 1868 1826 perpetuae
1915 1744 2216 1806 firmitatis
2262 1747 2611 1807 munimine
2670 1749 3072 1821 roboramus;

463 1855 756 1934 ipsosque
803 1852 1006 1914 socios
1051 1856 1165 1913 sub
1212 1869 1420 1914 nostra
1466 1869 1523 1913 et
1569 1853 1755 1913 huius
1788 1869 2032 1913 sanctae
2064 1852 2241 1914 Sedis
2274 1853 2665 1933 Apostolicae
2700 1853 3075 1935 protectione

456 1961 847 2043 suscipimus,
898 1961 983 2022 eis
1030 1959 1439 2021 nihilominus
1479 1961 1890 2022 concedentes
1938 1961 2108 2041 quod
2157 1961 2549 2042 particulares
2597 1962 2753 2021 inter
2787 1979 2894 2020 eos
2927 1979 3076 2020 con-

352 2112 402 2156 ⁸5
460 2069 827 2146 stitutiones‚
863 2088 1018 2149 quas
1051 2069 1124 2128 ad
1161 2067 1477 2129 Societatis
1511 2068 1869 2129 huiusmodi
1920 2067 2112 2129 finem
2147 2083 2207 2128 et
2238 2068 2372 2129 Iesu
2406 2066 2633 2128 Christi
2669 2067 2925 2128 Domini
2959 2087 3073 2127 no-

459 2177 562 2237 stri
609 2174 869 2254 gloriam
919 2195 988 2235 ac
1033 2175 1298 2256 proximi
1348 2175 1670 2236 utilitatem
1704 2174 2058 2236 conformes
2091 2192 2220 2234 esse
2255 2173 2670 2250 iudicaverint,
2707 2174 2972 2235 condere
3005 2174 3076 2234 li-

459 2286 602 2344 bere
633 2299 691 2344 et
722 2283 883 2343 licite
915 2282 1170 2344 valeant.

675 2399 704 2459 s
750 2410 844 2468 ¹5·
905 2390 1050 2450 Non
1105 2390 1489 2450 obstantibus
1520 2389 1823 2468 generalis
1858 2388 2102 2449 concilii
2138 2402 2197 2449 et
2232 2388 2420 2449 felicis
2453 2389 2890 2451 recordationis
2925 2388 3077 2449 Gre-

462 2498 621 2579 gorii
655 2499 853 2579 Papae
894 2498 970 2574 X,
1018 2497 1505 2579 praedecessoris
1553 2499 1768 2576 nostri,
1814 2518 1883 2559 ac
1930 2497 2249 2577 quibusvis
2282 2498 2413 2558 aliis
2445 2498 2987 2559 constitutionibus
3020 2515 3078 2558 et

355 2644 412 2676 ‚0
464 2607 961 2668 ordinationibus
995 2605 1345 2685 apostolicis
1380 2607 1718 2687 ceterisque
1754 2605 2073 2668 contrariis
2107 2604 2620 2687 quibuscumque.

679 2724 708 2783 S
753 2716 845 2777 16.
896 2714 1207 2775 Volumus
1239 2730 1446 2775 autem
1481 2715 1651 2795 quod
1687 2715 1750 2775 in
1783 2714 2085 2775 Societate
2119 2713 2477 2775 huiusmodi
2514 2734 2712 2794 usque
2746 2715 2822 2775 ad
2857 2734 3083 2776 nurne-

464 2842 604 2882 rum
651 2821 963 2900 sexaginta
1011 2840 1434 2902 personarum,
1468 2823 1798 2883 formulam
1835 2822 2080 2882 vivendi
2119 2820 2473 2882 huiusmodi
2510 2821 2786 2902 profiteri
2821 2822 3082 2904 cupien-

465 2929 641 3003 tium,
678 2944 736 2989 et
770 2946 900 2989 non
937 2929 1111 3005 ultra,
1149 2929 1381 2991 admitti
1416 2945 1474 2990 et
1507 2929 1789 2990 Societati
1825 2929 2122 3010 praefatae
2156 2928 2468 3008 aggregari
2490 2928 2804 2990 dumtaxat
2825 2928 3084 2990 valeant.

681 3034 855 3095 Nulli
889 3053 1038 3114 ergo
1072 3049 1181 3095 etc.
1247 3035 1309 3096 Si
1344 3035 1481 3115 quis
1513 3050 1624 3096 etc.

359 3179 409 3224 ²5
683 3141 913 3202 Datum
950 3142 1186 3202 Romae
1218 3141 1382 3223 apud
1417 3142 1712 3204 Sanctum
1737 3143 2038 3220 Marcum,
2073 3161 2242 3202 anno
2276 3141 2718 3203 lncarnationis
2740 3143 3085 3204 dominicae

468 3251 799 3313 millesimo
848 3251 1353 3331 quingentesimo
1402 3250 1898 3331 quadragesimO,
1949 3272 1984 3311 v
2019 3251 2306 3311 kalendas
2353 3251 2640 3329 octobriS,
2689 3252 3084 3333 pontificatus

470 3358 662 3418 nostri
697 3376 865 3419 anno
899 3357 993 3418 Vl.

690 3467 825 3527 Dat.
857 3465 952 3526 die
994 3485 1093 3533 27-
1125 3485 1252 3546 sep.
1298 3484 1482 3544 1540,
1517 3464 1734 3546 pontif.
1767 3483 1936 3525 anno
1970 3464 2069 3525 VI.

1270 3742 1398 3798 274.
1452 3743 1596 3798 LEO
1634 3744 1816 3800 XIII.
1859 3743 2292 3813 (1878-1903).

361 3939 420 3984 30
652 3905 1141 3960 Constitutio
1181 3906 1266 3959 de
1307 3903 1857 3976 religiosorum
1897 3901 2288 3957 institutis
2331 3916 2504 3958 vota
2543 3902 2912 3975 simplicia

1495 3983 2058 4055 profitentium.

692 4133 721 4163 *
760 4132 900 4183 Acta
940 4132 992 4182 S.
1031 4131 1201 4182 Sedis.
1242 4131 1413 4186 Tom.
1457 4148 1543 4203 33.
1582 4147 1637 4200 p.
1680 4145 1980 4201 341—347.
2036 4128 2307 4190 Arndt,
2345 4130 2453 4181 Die
2488 4129 2813 4201 kirehh'clzen
2866 4129 3096 4182 Rechts-

475 4212 908 4279 bestimmungen
934 4211 1053 4278 fur
1086 4211 1175 4262 die
1212 4212 1904 4278 Frauencongregationem.
1983 4207 2169 4263 Mainz
2219 4226 2363 4278 ¹90¹·
2429 4207 2799 4272 Nardelli‚
2841 4211 2935 4261 Les
2973 4227 3098 4262 con-

469 4293 801 4361 gr‹'·gat1·0ns
856 4294 1170 4360 religieuses
1209 4291 1240 4343 ἁ
1280 4309 1442 4343 voe-ux
1487 4293 1708 4362 simples
1744 4292 1882 4343 dans
1921 4292 2043 4344 leur
2081 4295 2307 4360 rapport
2339 4306 2461 4342 avec
2497 4292 2572 4341 les
2610 4294 2826 4360 e'vffques
2862 4292 2918 4343 d’
2937 4297 3099 4360 apres

368 4402 420 4446 ‘⁴35
478 4375 533 4424 la
572 4375 715 4426 balle
756 4373 1089 4425 «Conditae»
1132 4374 1198 4423 de
1234 4374 1371 4423 Leon
1413 4373 1560 4424 XIII.
1618 4370 1770 4424 l'aris
1820 4389 1972 4443 ¹90¹·
2052 4370 2490 4438 Boudinon‚
2539 4373 2640 4423 Les
2675 4374 3098 4440 congrbgations

478 4457 798 4524 reltgieuses
835 4455 867 4507 ιὶ
907 4471 1069 4507 voeux
1107 4455 1327 4522 simples
1368 4455 1456 4516 (Le
1492 4457 1773 4506 canonista·
1808 4456 2215 4523 contemporain
2267 4469 2414 4521 1901,
2463 4452 2637 4523 1902.)
2715 4453 2960 4506 Mores
2980 4455 3064 4506 co
3085 4492 3100 4518 ‚

480 4538 555 4588 La
595 4538 947 4606 separaqione
983 4536 1129 4586 della
1172 4533 1365 4586 Chiesa
1404 4535 1553 4587 dallo
1592 4535 1744 4586 Statu
1784 4537 1837 4586 in
1881 4533 2136 4586 Francia.
2212 4531 2436 4586 Torino
2487 4533 2633 4602 1906.
2674 4549 2725 4603 p.
2780 4551 2842 4602 ¹4
2878 4550 3000 4604 seq.

600 4684 716 4744 Leo
749 4684 1067 4764 episcopus
1099 4701 1308 4741 servus
1340 4701 1648 4740 servorum
1680 4682 1800 4740 dei.
1867 4681 1973 4740 Ad
1985 4687 2345 4762 perpetuam
2379 4684 2476 4741 rei
2504 4685 2874 4743 memoriam.

697 4841 1004 4903 Conditae
1051 4862 1081 4900 a
1130 4839 1380 4900 Christo
1413 4838 1714 4899 Ecclesiae
1763 4858 1831 4898 ea
1881 4839 1970 4900 vis
2019 4839 2311 4900 divinitus
2346 4841 2502 4901 inest
2535 4862 2604 4901 ac
2641 4842 2997 4920 fecunditaS,
3033 4860 3100 4904 ut

371 4974 424 5014 40
482 4949 709 5010 multas
756 4949 1044 5009 anteactis
1089 4946 1492 5026 temporibuS‚
1544 4944 1838 5025 plurimas
1873 4959 2063 5004 aetate
2098 4946 2210 5006 hac
2243 4946 2519 5006 elabente
2555 4948 2881 5028 utriusque
2915 4969 3097 5011 sexus
