3684 5416
620 1576 669 1608 ¹0

622 2111 666 2154 ¹5

616 2645 672 2677 20

620 3186 671 3231 25

624 3722 677 3766 30

630 4255 680 4299 35

631 4794 684 4833 ⁴0

733 420 832 485 ig
1354 369 1620 455 Potestas
1658 397 2040 454 ecclesiastica
2079 409 2138 452 et
2172 394 2477 467 imperium
2514 392 2690 448 civile.

941 586 1261 665 Regnante
1307 584 1570 645 domino
1616 598 1832 644 nostro
1863 581 2006 644 Jesu
2039 579 2290 643 Christo
2325 578 2393 639 in
2424 593 2812 660 perpetuum.
2880 576 3013 656 Ego
3047 574 3328 652 Karolus,

723 691 911 772 gratia
946 691 1060 752 Dei
1105 691 1365 771 eiusque
1409 689 1826 751 misericordia
1872 688 2146 751 donante
2192 707 2295 748 rex
2341 702 2400 747 et
2430 702 2630 747 rector
2661 684 2833 763 regni
2865 683 3245 746 Francorum
3273 698 3334 743 et

720 799 981 860 devotus
1024 814 1264 859 sanctae
1307 797 1596 859 aeclesiae
1640 794 1930 858 defensor
1972 794 2349 874 humilisque
2394 793 2654 868 adiutor,
2712 791 3007 853 omnibus
3055 789 3330 850 ecclesia-

721 909 905 971 sticae
944 907 1182 991 pietatis
1214 907 1539 969 ordinibus
1570 925 1679 967 seu
1713 905 2039 967 saecularis
2072 904 2375 986 potentiae
2409 902 2807 982 dignitatibus
2838 901 2902 962 in
2935 900 3189 962 Christo
3221 900 3332 959 do-

723 1015 915 1092 min0,
948 1014 1084 1076 Deo
1113 1030 1387 1090 aetern0,
1420 1028 1750 1095 perpetuae
1783 1011 1947 1094 pacis
1978 1026 2038 1073 et
2070 1010 2463 1072 beatitudinis
2490 1009 2773 1070 salutem.

938 1122 1359 1185 Consideraus
1392 1119 1646 1202 pacifico
1680 1119 1815 1201 piae
1852 1119 2074 1181 mentis
2105 1118 2331 1179 intuitu
2353 1135 2478 1177 una
2498 1135 2640 1177 cum
2664 1115 3086 1176 sacerdotibus
3103 1129 3164 1174 et
3183 1132 3331 1173 con-

722 1229 959 1292 siliariis
1003 1228 1230 1290 nostris
1276 1227 1698 1289 abundantem
1733 1227 1796 1288 in
1830 1246 1947 1287 nos
1978 1241 2389 1305 nostrumque
2423 1221 2729 1304 populum
2763 1220 2994 1283 Christi
3025 1221 3186 1300 regis
3213 1222 3331 1282 cle—

724 1336 1042 1412 mentiam,
1076 1351 1134 1396 et
1166 1355 1354 1417 quam
1389 1333 1807 1395 necessarium
1838 1347 1931 1393 est
1962 1352 2092 1393 non
2124 1331 2333 1392 solum
2363 1346 2494 1391 toto
2526 1329 2712 1391 corde
2743 1344 2801 1389 et
2832 1347 2940 1390 ore
2969 1329 3107 1389 eius
3135 1327 3334 1409 pietati

722 1462 902 1524 agere
931 1443 1152 1523 gratias
1183 1442 1575 1519 incessanter,
1609 1442 1716 1502 sed
1748 1440 1935 1502 etiam
1970 1438 2263 1500 continua
2296 1440 2606 1498 bonorum
2627 1455 2889 1518 operum
2910 1434 3332 1497 exercitatione

724 1550 856 1611 eius
886 1549 1166 1611 insistere
1198 1549 1503 1625 laudibuS,
1551 1565 1860 1629 quatenus
1901 1547 2009 1628 qui
2042 1561 2257 1607 nostro
2290 1564 2486 1624 regno
2516 1559 2720 1606 tantos
2750 1542 3011 1605 contulit
3044 1544 3329 1618 honores,

722 1677 835 1718 sua
867 1656 1242 1739 protectione
1276 1676 1393 1718 nos
1425 1672 1836 1736 nostrumque
1872 1672 2137 1733 regnum
2169 1653 2231 1714 in
2262 1668 2582 1713 aeternum
2614 1669 2975 1713 conservare
3008 1649 3326 1730 dignetur:

723 1778 1098 1845 quapropter
1142 1763 1370 1845 placuit
1414 1764 1595 1825 nobis
1640 1779 1902 1825 vestram
1950 1761 2527 1843 rogaresolertiam,
2561 1780 2602 1821 o
2636 1776 2911 1843 pastores
2942 1760 3329 1822 ecclesiarum

727 1869 956 1932 Christi
1000 1886 1059 1931 et
1103 1870 1388 1932 ductores
1418 1871 1621 1951 gregis
1651 1870 1786 1931 eius
1816 1886 1877 1930 et
1905 1869 2237 1932 clarissima
2267 1868 2490 1930 mundi
2519 1867 2862 1944 luminaria,
2893 1882 2963 1928 ut
2993 1867 3158 1946 vigili
3189 1886 3330 1928 cura

724 1993 782 2038 et
828 1977 1044 2038 sedula
1087 1977 1538 2040 ammonitione
1583 1978 1895 2060 populum
1928 1977 2044 2039 Dei
2088 1976 2164 2038 ad
2196 1996 2418 2058 pascua
2450 1976 2604 2037 vitae
2635 1991 2915 2037 aeternae
2947 1973 3173 2036 ducere
3205 1988 3330 2033 stu-

723 2083 931 2164 deatis,
980 2100 1040 2145 et
1085 2101 1353 2146 errantes
1390 2106 1538 2146 oves
1570 2087 1887 2147 bonorum
1917 2084 2343 2166 exemplorum
2375 2103 2485 2144 seu
2517 2083 3025 2144 adhortationum
3058 2081 3331 2143 humeris

725 2191 881 2252 intra
916 2190 1347 2254 ecclesiasticae
1380 2190 1680 2252 firmitatis
1711 2209 1929 2251 muros
1960 2205 2270 2271 reportare
2301 2189 2663 2269 satagimini,
2706 2208 2785 2249 ne
2815 2188 3003 2269 lupus
3035 2188 3327 2249 insidians

724 2297 998 2379 aliquem
1040 2297 1366 2358 canonicas
1398 2296 1743 2384 sanctiones
1775 2296 2325 2375 transgredientem
2361 2296 2456 2357 vel
2489 2312 2772 2376 paternas
2803 2296 3158 2358 traditiones
3189 2296 3330 2356 uni-

722 2404 1051 2466 versalium
1098 2404 1506 2466 conciliorum
1555 2405 1980 2478 excedentem,
2034 2404 2208 2483 quod
2258 2402 2428 2480 absit,
2480 2402 2803 2463 inveniens
2851 2403 3121 2465 devoret.
3186 2403 3328 2465 ldeo

724 2531 956 2593 magno
988 2511 1332 2574 devotionis
1365 2511 1572 2572 studio
1604 2510 2008 2572 ammonendi
2041 2526 2100 2571 et
2131 2509 2499 2571 adhortandi
2532 2525 2676 2571 sunt
2707 2510 2904 2571 immo
2926 2510 3332 2592 conpellendi,

724 2634 794 2681 ut
838 2618 1013 2680 firma
1059 2617 1180 2680 fide
1225 2634 1284 2680 et
1330 2617 1683 2700 infatigabili
1728 2617 2175 2700 perseverantia
2210 2617 2363 2678 intra
2397 2632 2676 2698 paternas
2708 2618 3057 2679 sanctiones
3088 2637 3153 2679 se
3183 2637 3332 2679 con-

724 2742 1003 2788 teneant:
1058 2726 1121 2787 in
1169 2746 1297 2807 quo
1345 2744 1531 2807 opere
1577 2741 1637 2786 et
1682 2725 1888 2787 studio
1934 2726 2081 2787 sciat
2127 2726 2461 2787 certissime
2506 2726 2786 2787 sanctitas
2831 2742 3026 2788 vestra
3059 2743 3334 2788 nostram

724 2834 900 2896 vobis
948 2836 1278 2915 cooperare
1311 2833 1709 2913 diligentiam.
1774 2833 2173 2915 Quapropter
2202 2849 2263 2894 et
2293 2851 2538 2895 nostros
2569 2835 2644 2896 ad
2679 2854 2790 2896 vos
2823 2834 3158 2895 direximus
3190 2833 3335 2894 mis-

726 2961 847 3019 sos,
880 2940 987 3021 qui
1019 2960 1093 3001 ex
1124 2939 1315 3002 nostri
1350 2940 1628 3001 nominis
1659 2940 2013 3000 auctoritate
2045 2959 2168 3001 una
2200 2939 2523 3001 vobiscum
2556 2940 2935 3022 corrigerent
2966 2959 3124 3021 quae
3146 2939 3334 3001 corri-

727 3048 927 3130 genda
961 3063 1180 3109 essent.
1213 3045 1335 3108 Sed
1368 3062 1426 3108 et
1457 3046 1661 3127 aliqua
1695 3046 1960 3128 capitula
1994 3067 2066 3107 ex
2085 3047 2396 3109 canonicis
2417 3047 2924 3127 institutionibus,
2962 3068 3122 3130 quae
3142 3049 3334 3131 magis

730 3154 910 3216 nobis
943 3154 1279 3216 necessaria
1311 3154 1691 3231 videbantur,
1723 3154 2182 3216 subiunximus.
2215 3155 2309 3215 Ne
2331 3154 2571 3235 aliquis,
2607 3175 2860 3235 quaeso,
2896 3156 3081 3217 huius
3102 3156 3336 3237 pietatis

730 3261 1245 3323 ammonitionem
1280 3281 1411 3322 esse
1444 3262 1958 3342 praesumtiosam
1989 3261 2236 3336 iudicet,
2268 3281 2390 3341 qua
2425 3281 2540 3322 nos
2558 3279 2750 3323 errata
2771 3262 3090 3343 corrigere,
3122 3282 3337 3344 super-

731 3370 855 3430 flua
887 3368 1216 3444 abscidere,
1249 3383 1407 3429 recta
1440 3369 1755 3430 cohartare
1786 3369 2131 3446 studemus,
2165 3369 2271 3430 sed
2306 3368 2499 3448 magis
2533 3368 2819 3430 benivolo
2852 3369 3108 3431 caritatis
3128 3370 3336 3431 animo

730 3474 1038 3557 suscipiat.
1104 3477 1264 3536 Nam
1297 3476 1536 3556 legibus
1567 3477 1630 3538 in
1664 3496 2005 3556 regnorum
2035 3476 2222 3553 libris,
2257 3478 2583 3556 quomodo
2602 3494 2849 3539 sanctus
2869 3476 3054 3539 Iosias
3074 3496 3337 3562 regnum

731 3581 846 3644 sibi
890 3603 924 3643 a
958 3583 1095 3644 Deo
1141 3583 1356 3644 datum
1402 3583 1867 3661 circumeundO,
1913 3583 2300 3663 corrigend0,
2348 3584 2773 3646 ammonendo
2819 3586 2896 3647 ad
2941 3586 3183 3647 cultum
3214 3585 3337 3645 veri

734 3691 848 3752 Dei
879 3690 1115 3752 studuit
1147 3711 1465 3752 revocare:
1515 3709 1644 3752 non
1676 3706 1743 3752 ut
1773 3710 1876 3753 me
1907 3691 2041 3753 eius
2072 3690 2382 3752 sanctitate
2413 3691 2929 3773 aequiparabilem
2963 3691 3201 3770 faciam,
3233 3691 3339 3752 sed

733 3798 907 3878 quod
958 3797 1139 3859 nobis
1188 3814 1332 3860 sunt
1383 3798 1616 3879 ubique
1660 3813 2019 3859 sanctorum
2061 3817 2305 3879 semper
2350 3799 2628 3880 exempla
2672 3801 3009 3880 sequenda,
3043 3816 3120 3876 et,
3152 3818 3340 3881 quos-

735 3923 1004 3985 cumque
1036 3903 1396 3986 poterimus,
1430 3906 1506 3966 ad
1538 3905 1815 3967 studium
1850 3907 2054 3967 bonae
2085 3905 2242 3966 vitae
2274 3905 2336 3966 in
2371 3906 2620 3966 laudem
2656 3922 2714 3968 et
2735 3907 2800 3967 in
2821 3906 3082 3988 gloriam
3104 3904 3342 3968 domini

737 4012 927 4073 nostri
972 4012 1108 4072 lesu
1158 4011 1390 4074 Christi
1439 4031 1817 4093 congregare
1870 4031 2119 4073 necesse
2165 4027 2272 4075 est.
2336 4011 2751 4095 Quapropter,
2797 4029 2867 4074 ut
2910 4014 3338 4095 praediximus,

736 4118 938 4199 aliqua
983 4117 1248 4200 capitula
1294 4134 1506 4180 notare
1552 4119 1864 4198 iussimuS,
1915 4137 1982 4181 ut
2026 4119 2213 4182 simul
2245 4120 2396 4180 haec
2427 4119 2643 4181 eadem
2675 4139 2787 4181 vos
2820 4139 3183 4182 ammonere
3214 4135 3341 4181 stu-

739 4227 947 4304 deatis,
999 4244 1057 4288 et
1106 4246 1538 4308 quaecumque
1589 4227 1765 4289 vobis
1810 4226 1925 4289 alia
1975 4226 2316 4288 necessaria
2363 4246 2491 4289 esse
2538 4227 2719 4306 scitis,
2773 4243 2840 4289 ut
2885 4242 2944 4289 et
2988 4227 3100 4288 ista
3147 4243 3205 4289 et
3244 4226 3341 4287 illa

739 4334 978 4413 aequali
1022 4332 1364 4395 intentione
1412 4333 1784 4413 praedicetis.
1854 4334 1986 4394 Nec
2030 4332 2280 4413 aliquid,
2314 4333 2487 4413 quod
2518 4348 2750 4396 vestrae
2780 4333 3077 4395 sanctitati
3111 4333 3342 4415 populo

742 4440 858 4501 Dei
904 4440 1048 4500 utile
1094 4440 1390 4518 videatur,
1437 4440 1699 4501 omittite
1743 4456 1810 4501 ut
1858 4441 1962 4522 pio
1994 4440 2201 4501 studio
2234 4458 2365 4501 non
2398 4441 2821 4519 ammoneatis,
2855 4458 3161 4522 quatenus
3194 4458 3258 4502 ut
3286 4456 3344 4501 et

739 4565 935 4610 vestra
966 4547 1322 4611 sollertiaet
1353 4548 1771 4610 subiectorum
1806 4548 2198 4611 oboedientia
2230 4563 2471 4609 aeterna
2505 4547 2784 4610 felicitate
2815 4551 2892 4610 ab
2921 4549 3343 4631 omnipotente

739 4658 878 4722 Deo
908 4668 1349 4719 remuneretur.

968 4784 1016 4826 t.
1067 4762 1351 4824 Omnib
1370 4782 1475 4823 us.
1525 4762 1688 4824 Sunt
1718 4763 1888 4824 enim
1919 4762 2129 4843 aliqui,
2164 4761 2271 4842 qui
2304 4762 2501 4843 culpis
2532 4763 2916 4843 exigentibus
2946 4768 3023 4826 ab
3054 4766 3343 4849 episcopo

744 4872 994 4956 proprio
1041 4869 1650 4931 excommunicantur
1696 4885 1755 4931 et
1800 4872 1875 4931 ab
1922 4869 2053 4932 aliis
2085 4868 2500 4931 ecclesiasticis
2531 4870 2629 4931 vel
2659 4870 2827 4932 laicis
2860 4874 3343 4956 praesumptiose

745 4982 809 5043 in
844 4977 1351 5041 communionem
1384 4977 1800 5059 accipiuntur:
1855 4979 2030 5058 quod
2064 4977 2326 5039 omnino
2357 4992 2638 5039 sanctum
2671 4979 2980 5042 Nicenum
3016 4981 3344 5042 concilium
