3684 5416
482 1538 528 1567 to

486 2076 526 2118 Ι5

485 4750 536 4786 40

586 381 684 416 222
1221 365 1482 419 Potestas
1524 363 1909 419 ecclesiastica
1951 378 2005 419 et
2046 364 2347 434 imperium
2389 364 2563 419 civile.

584 546 762 606 etiam
813 563 1117 626 praetextu
1152 547 1604 626 cuiuscumque
1636 546 1957 628 apostolici
1994 546 2234 622 indulti,
2269 547 2556 624 ecclesiis,
2595 548 2999 625 monasteriis,
3036 548 3202 628 prio-

584 653 832 729 ratibus,
884 654 1196 738 domibuS,
1244 653 1668 731 conventibus,
1714 653 1887 728 locis,
1936 653 2273 714 Ordinibus
2319 669 2425 714 aut
2472 655 2770 733 personis,
2817 655 2999 716 etiam
3047 674 3198 734 qua-

582 780 851 839 cumque
887 760 1176 838 dignitate
1212 759 1607 838 fulgentibus,
1655 759 1946 839 concessi,
2001 776 2426 840 praeterquam
2466 760 2524 821 in
2558 760 2798 822 casibus
2831 784 2863 822 a
2898 762 3030 823 iure
3061 781 3199 843 per-

584 867 801 943 missiS,
850 886 918 927 ac
952 866 1133 927 etiam
1170 866 1233 926 in
1267 866 1403 944 illis,
1440 866 1589 927 alias
1622 884 1812 946 quam
1848 865 2067 926 clausis
2100 865 2298 927 ianuis
2331 882 2388 927 et
2420 868 2894 929 excomunicatis
2927 885 2985 929 et
3015 869 3200 929 inter-

584 974 758 1033 dictis
792 972 1074 1050 exclusiS,
1109 989 1418 1053 nequeant
1455 973 1672 1035 missae
1707 989 1811 1034 aut
1841 973 1956 1034 alia
1989 973 2193 1034 divina
2227 973 2426 1035 officia
2459 974 2763 1036 celebrari.

797 1090 826 1149 S
861 1101 919 1158 9.
983 1081 1057 1141 Et
1092 1081 1341 1142 Henrici
1389 1080 1548 1159 regis
1594 1082 2117 1161 complicumque,
2156 1079 2470 1141 fautorum
2518 1098 2629 1143 etc.
2666 1082 2791 1159 filii,
2840 1100 3199 1163 poenarum,

585 1204 651 1247 ut
704 1188 802 1248 hic
851 1187 915 1247 in
965 1189 1085 1248 hoc
1133 1207 1273 1249 casu
1326 1206 1431 1267 par
1478 1202 1585 1265 est,
1622 1188 1946 1268 participes
1977 1187 2129 1260 sint;
2195 1207 2416 1248 omnes
2460 1205 2517 1248 et
2547 1188 2827 1266 singulos
2860 1190 3197 1252 Henrici

587 1295 797 1373 regi's
831 1315 901 1354 ex
936 1295 1092 1357 dicta
1125 1300 1306 1355 Anna
1339 1314 1407 1354 ac
1441 1294 1840 1375 singulorum
1875 1295 2137 1356 aliorum
2173 1296 2628 1376 praedictorum
2678 1296 2905 1358 filios
2938 1312 3113 1357 natos
3143 1314 3202 1357 et

587 1402 926 1462 nascituros
959 1402 1236 1481 aliosque
1270 1403 1714 1464 descendentes
1750 1422 1950 1482 usque
1984 1401 2048 1461 in
2082 1420 2227 1462 eum
2260 1404 2542 1480 gradum,
2574 1404 2651 1463 ad
2687 1404 3029 1482 quemiura
3049 1423 3200 1484 poe-

585 1529 693 1569 nas
745 1508 807 1568 in
859 1509 1098 1570 casibus
1151 1509 1511 1571 huiusmodi
1565 1510 1905 1571 extendunt
1972 1511 2236 1585 (nemine
2292 1525 2545 1590 excepto
2594 1511 2892 1589 nullaque
2943 1510 3198 1572 minoris

585 1616 789 1676 aetatis
823 1632 927 1676 aut
958 1636 1139 1677 sexus
1175 1617 1268 1677 vel
1306 1617 1689 1696 ignorantiae
1723 1617 1819 1677 vel
1853 1617 2101 1678 alterius
2134 1618 2405 1679 cuiusvis
2437 1636 2656 1678 causae
2689 1618 2889 1678 habita
2926 1618 3199 1690 ratione).

585 1723 984 1802 dignitatibus
1029 1739 1086 1784 et
1134 1724 1501 1800 honoribus,
1548 1723 1612 1786 in
1659 1725 2374 1804 quibusquomodolibet
2422 1724 2737 1785 constituti
2770 1725 3052 1794 existunt,
3089 1745 3201 1787 seu

585 1830 815 1908 quibus
845 1831 1136 1909 gaudent,
1175 1846 1447 1905 utuntur,
1481 1832 1802 1912 potiuntur
1833 1847 1939 1893 aut
1972 1831 2193 1894 muniti
2214 1847 2378 1906 sunt,
2403 1850 2649 1893 necnon
2673 1832 3020 1913 privilegiis,
3053 1851 3200 1893 con-

587 1937 984 2011 cessionibus,
1029 1936 1252 2017 gratiis,
1294 1937 1721 2016 indulgentiis,
1755 1938 2267 2010 immunitatibuS,
2305 1939 2794 2009 remissionibus,
2825 1939 3201 2001 libertatibus

588 2061 642 2105 et
680 2044 949 2121 indultiS,
985 2064 1053 2105 ac
1085 2044 1396 2114 dominiis,
1433 2045 1795 2120 civitatibus,
1831 2045 2055 2116 castris,
2100 2045 2289 2121 terris,
2336 2045 2511 2118 villis,
2560 2046 2802 2126 oppidis
2864 2046 3200 2126 ceterisque

587 2152 882 2211 omnibus
914 2151 1115 2226 boniS,
1152 2151 1482 2212 mobilibus
1516 2169 1572 2213 et
1603 2152 2048 2225 immobilibus,
2081 2151 2316 2212 iuribus
2354 2168 2411 2212 et
2443 2153 2789 2214 actionibus
2822 2153 2908 2215 eis
2930 2173 3200 2232 quomo-

588 2258 817 2318 dolibet
862 2258 1355 2337 competentibus
1403 2259 1667 2338 privatos
1730 2274 1788 2320 et
1833 2259 1910 2319 ad
1959 2258 2055 2319 illa
2101 2278 2171 2318 ac
2217 2260 2330 2319 alia
2379 2259 2442 2319 in
2496 2276 2816 2339 posterum
2866 2262 3199 2322 obtinenda

586 2365 884 2426 inhabiles
915 2385 1065 2437 esse,
1100 2365 1376 2426 similiter
1408 2366 1798 2426 decernimus
1830 2383 1889 2426 et
1923 2366 2307 2427 declaramus
2345 2365 2542 2446 [198].

802 2482 831 2541 s
877 2492 966 2532 ιο.
1033 2472 1355 2553 Ipsiusque
1404 2472 1655 2535 Henrici
1701 2472 1859 2552 regis
1905 2493 1973 2533 ac
2019 2474 2191 2553 regni
2237 2475 2652 2554 omniumque
2686 2474 2947 2535 aliorum
2996 2474 3196 2534 domi-

589 2581 856 2656 niorum,
909 2579 1240 2655 civitatum,
1292 2594 1617 2656 terrarum,
1669 2595 2033 2651 castrorum,
2096 2580 2397 2655 villarum,
2445 2580 2900 2655 fortalitiorum,
2948 2581 3198 2650 arcium,

589 2688 967 2768 oppidorum
1017 2702 1077 2748 et
1124 2685 1407 2748 locorum
1454 2706 1735 2764 suorum,
1782 2687 1965 2749 etiam
2016 2687 2091 2748 de
2141 2687 2298 2747 facto
2344 2690 2761 2765 obtentorum,
2797 2687 3196 2767 magistrates,

589 2796 840 2867 iudices,
871 2793 1248 2868 castellanos,
1281 2796 1566 2855 custodes
1599 2810 1656 2854 et
1676 2794 1969 2856 officiales
1991 2814 2446 2875 quoscumque,
2485 2814 2730 2856 necnon
2764 2794 3200 2867 universitates,

588 2902 861 2981 collegia,
908 2902 1294 2973 feodatarios,
1341 2902 1648 2975 vassallos,
1697 2905 1980 2964 subditos
2025 2903 2205 2975 cives,
2240 2904 2468 2965 incolas
2500 2920 2558 2965 et
2605 2904 2972 2967 habitatores
3018 2903 3199 2965 etiam

592 3009 882 3085 forenses,
928 3010 1093 3071 dicto
1128 3011 1250 3088 regi
1286 3012 1360 3071 de
1411 3010 1567 3071 facto
1619 3010 1999 3089 obedientes,
2045 3027 2171 3072 tam
2223 3011 2579 3085 saeculares,
2617 3030 2827 3091 quarn,
2860 3010 2911 3071 si
2943 3011 3075 3091 qui,
3106 3030 3201 3071 ra-

484 3148 502 3163 «
589 3118 757 3178 tione
791 3116 1049 3177 alicuius
1082 3116 1561 3198 temporalitatis,
1596 3118 1799 3198 ipsum
1836 3118 2249 3180 Henricorurn
2285 3138 2490 3199 regem
2527 3120 2591 3181 in
2623 3118 3005 3200 superiorem
3028 3137 3200 3179 reco-

588 3240 909 3303 gnoscant,
941 3224 1126 3284 etiam
1159 3223 1618 3299 ecclesiasticos,
1651 3245 1683 3284 a
1720 3223 1993 3305 praefato
2027 3245 2168 3305 rege
2201 3246 2311 3287 seu
2346 3227 2479 3287 eius
2499 3226 2926 3307 complicibus,
2949 3226 3201 3287 fautori-

588 3337 720 3403 bus,
784 3332 1276 3405 adhaerentibuS,
1324 3333 1783 3393 consultoribus
1824 3348 1883 3393 et
1931 3333 2301 3413 sequacibus
2349 3334 2728 3414 supradictos
2778 3334 3123 3414 deputatOS,
3168 3353 3201 3393 a

588 3441 1042 3501 iuramento
1090 3437 1558 3516 fidelitatis,
1606 3440 1736 3500 iure
1785 3440 2119 3501 vasallitico
2168 3456 2225 3500 et
2275 3441 2449 3501 omni
2502 3459 2643 3521 erga
2696 3459 2905 3518 regem
2957 3456 3016 3500 et
3046 3440 3203 3501 alios

589 3548 928 3628 praedictos
961 3546 1345 3608 subiectione
1378 3546 1604 3607 absol
1626 3546 1883 3607 vimus
1914 3567 1982 3608 ac
2018 3548 2261 3627 penitus
2290 3546 2638 3607 liberamus.
2673 3546 2775 3608 Eis
2796 3546 3203 3608 nihilominus

589 3658 703 3715 sub
753 3653 1406 3715 excommunicationis
1454 3672 1672 3733 poena,
1726 3655 2108 3729 mandanteS,
2173 3671 2239 3714 ut
2288 3656 2363 3713 ab
2417 3653 2695 3714 eiusdem
2745 3653 2995 3714 Henrici
3047 3654 3202 3733 regis

589 3780 974 3839 suorumque
1036 3758 1426 3835 officialium,
1492 3759 1768 3820 iudicum
1830 3775 1889 3819 et
1948 3759 2413 3838 magistratuum
2468 3778 2993 3839 quorumcunque
3052 3761 3203 3821 obe-

590 3869 814 3929 dientia
864 3868 1110 3948 penitus
1157 3883 1213 3927 et
1264 3866 1525 3928 omnino
1589 3867 1892 3940 recedant,
1927 3886 2037 3927 nec
2083 3866 2223 3927 illos
2274 3867 2336 3926 in
2370 3866 2716 3946 superiores
2765 3881 3204 3944 recognoscant

591 3995 795 4055 neque
826 3975 1077 4036 illorum
1111 3973 1408 4034 mandatis
1439 3976 1887 4054 obtemperent.

803 4091 830 4150 S
879 4104 893 4143 1
923 4104 968 4143 1.
1033 4082 1107 4143 Et
1153 4098 1219 4141 ut
1265 4081 1384 4153 alii,
1418 4099 1638 4141 eorum
1671 4080 1955 4160 exemplo
1988 4079 2304 4160 perterriti,
2336 4079 2567 4140 discant
2598 4082 2673 4139 ab
2707 4079 3068 4141 huiusmodi
3099 4099 3200 4141 ex-

590 4190 861 4250 cessibus
908 4188 1228 4263 abstinere,
1277 4187 1512 4248 eisdem
1558 4187 1933 4262 auctoritate,
1983 4186 2232 4248 scientia
2279 4203 2337 4247 et
2384 4187 2767 4267 plenitudine
2813 4186 3105 4248 volumus
3136 4203 3204 4246 ac

590 4296 999 4367 decernimus,
1046 4296 1218 4373 quod
1263 4294 1664 4355 Henricus
1697 4314 1828 4355 rex
1876 4311 1948 4355 et
1992 4294 2465 4375 compliceS,
2515 4294 2782 4355 fautores
2813 4309 2922 4354 etc.
2957 4310 3202 4353 necnon

591 4402 836 4483 praefati
868 4403 1307 4463 descendentes
1339 4421 1410 4461 ex
1442 4417 1592 4463 tunc
1638 4401 1764 4463 inf
1771 4423 1805 4462 a
1825 4420 1884 4461 m
1905 4422 1982 4462 es
2028 4402 2282 4462 exista
2307 4417 2386 4462 nt
2418 4417 2475 4462 et
2507 4402 2583 4462 ad
2618 4400 3039 4461 testimonium
3070 4417 3203 4461 non

589 4509 1021 4575 admittantur:
1057 4524 1416 4570 testamenta
1437 4524 1494 4569 et
1521 4508 1839 4570 codicillos
1860 4523 1964 4569 aut
1984 4508 2130 4569 alias
2155 4508 2606 4590 dispositiones,
2639 4507 2821 4569 etiarn
2843 4507 2998 4569 inter
3020 4507 3204 4579 vivos,

590 4618 925 4678 concedere
959 4633 1014 4677 et
1048 4615 1239 4682 facere
1272 4635 1403 4677 non
1437 4615 1705 4694 possint;
1755 4631 1813 4676 et
1845 4616 1921 4677 ad
1955 4615 2212 4676 alicuius
2245 4615 2698 4676 successionem
2734 4634 2807 4674 ex
2841 4628 3203 4675 testamento

592 4726 685 4785 vel
732 4728 806 4784 ab
854 4724 1155 4797 intestato,
1204 4741 1320 4783 nec
1365 4742 1493 4783 non
1527 4724 1603 4784 ad
1639 4722 2128 4784 iurisdictionem
2159 4743 2270 4783 seu
2303 4722 2612 4783 iudicandi
2646 4736 3005 4802 potestatem
3038 4736 3095 4781 et
3125 4721 3201 4782 ad

594 4832 927 4893 notariatus
973 4830 1249 4892 officium
1297 4849 1641 4911 omnesque
1688 4846 1864 4891 actus
1911 4829 2221 4911 legitimos
2268 4847 2679 4909 quoscunque
2725 4826 2827 4904 (ita
2876 4844 2942 4891 ut
2984 4846 3203 4890 eorum

593 4956 916 5018 processus
963 4939 1086 4999 sive
1135 4938 1532 4998 instrumenta
1583 4953 1766 5018 atque
1814 4938 1911 5000 alii
1955 4953 2126 4999 actus
2157 4936 2519 5018 quicunque
2554 4935 2787 4998 nullius
2821 4935 2938 4996 sint
2969 4934 3204 4995 roboris
