3684 5416
1044 356 1308 411 Potestas
1348 355 1726 411 ecclesiastica
1767 368 1823 411 et
1861 355 2162 428 imperium
2202 357 2377 413 civile.
2911 374 3013 430 243

405 540 683 602 mediatis
726 540 1008 622 precibus
1054 539 1352 622 primariis
1399 554 1815 621 praesentatus
1862 560 1990 602 non
2034 543 2314 621 gaudeat,
2360 540 2475 604 nisi
2509 539 2879 603 beneficium
2911 561 3014 602 va-

405 667 549 709 cans
580 646 921 727 Religionis
951 665 1206 708 consors
1239 646 1593 727 possederit.

616 764 646 824 s
691 774 782 833 19.
846 753 909 815 Si
955 753 1107 833 quid
1140 758 1551 832 Annatarum,
1592 751 1826 815 lurium
1860 753 2049 832 Pallii,
2082 753 2669 832 Confirmationum,
2701 753 3014 816 Mensium

408 861 720 943 Papalium
770 877 828 922 et
859 860 1224 922 huiusmodi
1256 859 1486 921 iurium
1520 875 1578 922 et
1609 860 2097 923 reservationum
2132 860 2388 922 nomine
2419 860 2485 922 in
2518 860 2697 922 bonis
2729 861 3011 922 Statuum

323 991 350 1034 5
410 977 807 1050 Augustanae
851 968 1279 1032 Confessionis
1324 968 1756 1032 Ecclesiasticis
1801 969 2171 1032 immediatis
2218 993 2251 1031 a
2297 988 2680 1051 quocunque
2727 970 3016 1050 quando-

403 1097 655 1158 cunque
704 1092 811 1139 aut
859 1075 1443 1157 quomodocunque
1495 1077 1946 1157 praetendatur,
1998 1076 2057 1138 id
2110 1076 2415 1138 validitate
2462 1091 2522 1138 et
2573 1076 2934 1138 executione
2982 1097 3014 1138 a

408 1184 658 1245 brachio
689 1183 949 1245 seculari
983 1182 1386 1264 impertienda
1419 1197 1633 1244 careat.

619 1300 786 1380 §.20-
850 1289 918 1351 In
967 1309 1243 1370 quorum
1293 1305 1501 1351 autem
1533 1289 2099 1352 Ecclesiasticorum
2152 1292 2466 1352 bonorum
2512 1287 3016 1351 immediatorum

407 1396 708 1478 Capitulis
753 1395 1074 1476 utriusque
1106 1394 1446 1473 Religionis
1477 1395 1864 1476 Capitulares
1910 1411 1966 1457 et
1997 1395 2302 1457 Canonici
2347 1395 2558 1474 vigore
2605 1395 2851 1476 praefati
2898 1411 3019 1457 ter-

299 1527 354 1558 ιο
408 1503 561 1564 mini
611 1520 777 1565 certo
821 1503 1114 1583 utrinque
1161 1520 1428 1563 numero
1474 1501 1905 1581 admittuntur,
1940 1503 2314 1582 Mensesque
2348 1502 2600 1582 Papales
2629 1501 2693 1563 id
2726 1501 3018 1582 temporis

408 1610 468 1672 in
506 1630 623 1672 usu
657 1610 923 1690 fuerunt,
958 1629 1143 1691 porro
1175 1628 1451 1690 quoque,
1482 1608 1532 1670 si
1567 1609 1933 1671 decedentes
1965 1608 2349 1690 Capitulares
2379 1623 2437 1670 et
2456 1608 2760 1670 Canonici
2792 1628 2865 1669 ex
2897 1628 3016 1670 nu-

407 1735 583 1778 mero
613 1716 1079 1779 Catholicorum
1131 1716 1388 1778 definito
1439 1716 1683 1794 fuerint,
1734 1717 2054 1778 obtineant
2099 1733 2281 1796 atque
2328 1715 2669 1777 executioni
2700 1735 2846 1777 casu
2877 1735 3017 1778 eve·-

407 1827 613 1888 niente
645 1826 1037 1901 mandentur,
1082 1825 1277 1886 modo
1311 1823 1546 1905 Papalis
1579 1823 1850 1905 provisio
1883 1823 2186 1904 Capitulis
2218 1822 2569 1883 immediate
2600 1842 2633 1884 e
2666 1823 2855 1885 Curia
2887 1824 3017 1886 Ro-

409 1951 589 1993 mana
621 1947 680 1993 et
711 1947 990 2013 tempore
1021 1932 1300 2012 legitimo
1331 1932 1693 1994 insinuetur.

304 2061 353 2104 ις
623 2046 654 2107 s
689 2057 788 2100 21.
849 2039 949 2100 vl.
982 2038 1172 2100 Electi
1202 2054 1308 2101 aut
1339 2039 1629 2121 postulati
1661 2038 1725 2100 in
1759 2037 2294 2119 Archiepiscopos,
2330 2036 2671 2118 Episcopos
2702 2053 2808 2099 aut
2840 2039 3018 2100 Prae-

407 2146 563 2207 latos
594 2151 994 2224 Augustanae
1024 2145 1422 2208 Confessioni
1454 2145 1679 2208 addicti
1712 2167 1746 2207 a
1778 2145 1960 2207 Sacra
1992 2144 2292 2206 Caesarea
2326 2142 2656 2222 Maiestate,
2689 2160 3014 2224 postquam

409 2251 564 2313 iutra
607 2271 844 2314 annum
890 2252 1204 2315 electionis
1258 2269 1363 2314 aut
1407 2253 1838 2334 postulationis
1883 2272 2029 2314 suae
2063 2251 2250 2314 fidem
2285 2250 2555 2329 fecerint,
2587 2266 2646 2311 et
2676 2251 3018 2313 iuramenta

410 2357 718 2438 regalibus
777 2374 951 2420 sueta
1018 2358 1217 2420 feudis
1276 2359 1702 2440 praestiterint,
1755 2361 1987 2438 absque
2042 2357 2165 2419 ulla
2216 2356 2576 2438 exceptione
2619 2356 3021 2418 investiantur

411 2466 693 2545 ultraque
737 2481 909 2526 taxae
954 2465 1296 2527 ordinariae
1348 2484 1659 2526 summam
1706 2466 1957 2546 insuper
2003 2463 2282 2525 eiusdem
2313 2463 2640 2525 dimidium
2675 2482 2789 2544 pro
2818 2462 3020 2525 infeu-

301 2595 358 2628 «ιο
410 2572 655 2633 datione
688 2572 976 2652 pendant.
1039 2572 1227 2634 Iidem
1272 2588 1380 2633 aut
1410 2573 1554 2634 sede
1588 2587 1837 2633 vacante
1871 2571 2176 2652 Capitula,
2223 2586 2285 2631 et
2315 2569 2545 2650 quibus
2576 2570 3021 2633 administratio

409 2698 555 2742 curn
598 2678 671 2741 iis
714 2679 1097 2742 coniunctim
1129 2678 1441 2761 competit,
1490 2680 1566 2741 ad
1600 2679 1974 2742 universales
2005 2699 2202 2760 aeque
2233 2698 2304 2741 ac
2335 2678 2729 2761 particulares
2761 2678 3017 2760 deputa-

410 2788 675 2864 tionum,
698 2787 1139 2865 visitationum,
1163 2787 1542 2849 revisionum
1576 2787 1852 2868 aliosque
1869 2802 2210 2849 conventus
2233 2786 2600 2867 Imperiales,
2623 2786 2811 2847 literis
2830 2785 3021 2847 solitis

410 2908 744 2956 evocentur
775 2908 837 2955 et
865 2893 1141 2975 suffragii
1172 2894 1304 2955 iure
1337 2893 1639 2972 fruantur,
1675 2910 1862 2976 prout
1895 2893 2162 2975 quisque
2185 2894 2474 2955 Statuum
2507 2909 2647 2955 ante
2680 2893 3021 2973 Religionis

411 2999 662 3062 dissidia
708 3019 929 3063 eorum
960 3000 1192 3063 iuriam
1225 3002 1526 3082 particeps
1558 3001 1687 3063 fuit.
1751 3000 1932 3077 Quae
1967 3020 2113 3061 vero
2146 3015 2204 3061 et
2235 3015 2391 3081 quot
2421 3020 2719 3082 personae
2751 3000 2826 3061 ad
2860 3001 3023 3062 eius-

302 3130 356 3174 ·25
412 3106 585 3169 modi
616 3121 959 3169 conventus
992 3107 1146 3168 mitti
1180 3108 1462 3187 debeant,
1504 3108 1580 3168 de
1614 3127 1689 3169 eo
1725 3108 2115 3170 Praesulibus
2147 3127 2292 3168 cum
2323 3107 2626 3189 Capitulis
2659 3124 2716 3169 et
2748 3126 3023 3169 conven—

411 3213 680 3274 tualibus
709 3228 972 3274 statuere
1001 3213 1266 3275 liberum
1299 3228 1454 3279 esto·

626 3328 656 3389 S
692 3339 792 3381 22.
857 3320 950 3381 De
993 3319 1184 3380 titulis
1222 3320 1577 3400 Principum
1624 3319 2193 3381 Ecclesiasticorum
2246 3339 2319 3380 ex
2348 3325 2716 3401 Augustana
2764 3319 3024 3381 Confes-

412 3426 587 3487 sione
639 3426 716 3487 ita
766 3426 1072 3504 convenit,
1124 3442 1193 3487 ut
1240 3430 1474 3506 absque
1519 3441 1726 3487 tamen
1772 3426 2154 3507 praeiudicio
2185 3441 2378 3486 status
2409 3441 2467 3486 et
2499 3426 2807 3506 dignitatis
2838 3427 3027 3488 titulis

411 3535 764 3596 Electorum
827 3548 932 3594 aut
981 3534 1442 3595 postulatorum
1502 3532 1567 3594 in
1615 3533 2195 3615 Archiepiscopum,
2248 3533 2650 3615 Episcopum,
2704 3536 3027 3610 Abbatem,

304 3664 361 3709 30
409 3640 839 3721 Praepositum
873 3639 1300 3722 insigniuntur.
1354 3640 1711 3702 Sessionern
1746 3655 1956 3702 autem
1987 3640 2049 3702 in
2081 3640 2354 3702 Scamno
2386 3640 2543 3702 inter
2575 3640 3028 3703 Ecclesiasticos

413 3763 470 3808 et
502 3746 819 3809 Seculares
864 3746 1228 3809 intermedio
1274 3764 1332 3808 et
1362 3762 1705 3809 transverso
1737 3747 1996 3827 capiant.
2061 3746 2310 3823 Quibus
2343 3769 2376 3808 a
2407 3748 2590 3808 latere
2622 3748 2927 3809 assideant
2961 3749 3027 3809 in

397 3869 727 3931 sconventu
773 3853 1058 3915 omnium
1101 3854 1289 3914 trium
1329 3854 1572 3935 Imperii
1619 3853 2067 3932 Collegiorum,
2118 3854 2398 3916 Director
2442 3854 2858 3917 Cancellariae
2887 3856 3027 3917 Mo-

411 3959 820 4040 guntinensis,
865 3959 1119 4021 nomine
1153 3959 1409 4020 Domini
1440 3958 1904 4041 Archiepiscopi
1952 3976 2235 4022 actorum
2280 3959 2710 4022 Comitialium
2757 3960 3025 4042 generali

414 4065 752 4129 directione
792 4065 1073 4146 fungens,
1121 4083 1178 4127 et
1211 4082 1347 4148 post
1379 4067 1586 4148 ipsum
1621 4066 1967 4128 Directores
1998 4067 2261 4148 Collegii
2295 4068 2667 4148 Principum.
2732 4068 3026 4148 Idemque

306 4200 358 4243 35
414 4174 770 4233 observetur
815 4172 879 4233 in
912 4174 1140 4235 Senatu
1174 4173 1531 4255 Principum
1578 4174 1971 4254 collegialiter
2013 4193 2384 4254 congregato
2416 4197 2450 4237 a
2481 4175 2628 4237 solis
2674 4175 2846 4237 istius
2878 4175 3028 4237 Col-

413 4279 556 4360 legii
590 4295 867 4340 actorum
901 4279 1342 4341 DirectoribuS.

628 4395 659 4456 s
695 4406 795 4467 23.
855 4386 985 4449 V11.
1041 4386 1217 4463 Quot
1265 4385 1650 4468 Capitulares
1700 4404 1805 4450 aut
1854 4388 2154 4450 Canonici
2202 4389 2302 4449 die
2349 4388 2544 4469 prima
2595 4388 2857 4450 Ianuarii
2888 4388 3031 4450 anni

427 4495 610 4572 1624.
661 4493 905 4575 uspiam
953 4493 1047 4554 vel
1079 4500 1478 4573 Augustanae
1510 4494 1938 4555 Confessionis
1983 4496 2077 4555 vel
2110 4494 2414 4557 Catholici
2448 4494 2718 4573 fuerunt,
2772 4496 3030 4557 totidem

395 4600 535 4663 jllic
566 4622 640 4662 ex
673 4618 933 4682 utraque
956 4601 1280 4681 Religione
1313 4616 1495 4662 eruut
1524 4621 1785 4683 semper,
1820 4621 1934 4663 nec
1966 4603 2410 4664 decedentibus
2443 4603 2559 4664 nisi
2593 4604 2873 4666 eiusdem
2910 4605 3030 4665 Re-

303 4734 363 4773 40
415 4707 663 4787 ligionis
714 4725 1030 4770 consortes
1083 4724 1507 4787 surrogentur.
1569 4709 1633 4769 Si
1684 4729 1831 4771 vero
1882 4708 2105 4770 alicubi
2156 4710 2276 4771 iarn
2330 4711 2537 4791 plures
2588 4711 2892 4773 Catholici
2939 4711 3032 4772 vel

415 4820 818 4894 Augustanae
867 4815 1290 4877 Confessionis
1355 4814 1740 4895 Capitulares
1801 4832 1908 4877 aut
1970 4815 2271 4877 Canonici
2336 4817 2628 4879 beneficia
2693 4819 3029 4899 possident,

417 4942 606 5003 quam
658 4942 827 4983 anno
871 4924 1056 5001 1624,
1106 4922 1149 4982 ii
1201 4921 1455 5003 quidem
1507 4924 2027 5005 supernumerarii
2082 4924 2376 4986 beneficia
2424 4939 2485 4986 et
2529 4925 2907 5004 praebendas
2955 4925 3032 4985 ad

2685 5027 2779 5081 16‘
