3684 5416
617 1707 665 1738 lo

723 399 827 471 580
1885 400 2163 484 Epiffopi.

722 478 762 483 -
786 477 1161 483 fl—-a—e--j
1280 477 1289 482 .
1318 476 1866 483 ,vffl-ss-—.——-

1483 633 1610 690 236.
1665 631 2058 689 noNoRms
2097 634 2220 689 111.
2261 633 2696 704 (lam—1227).

718 797 785 860 a)
844 793 1236 848 Honorius
1275 794 1385 848 111.
1429 792 1812 865 Episcopo
1869 792 2279 849 Baiocensi
2332 807 2402 849 et
2440 793 3011 850 Archidiacono
3047 796 3334 851 Rotho-

1078 891 1183 927 ma
1205 872 1452 944 gensi,
1490 873 1559 928 in
1599 891 1646 927 c.
1698 873 1772 927 18.
1811 873 1881 928 X.
1921 875 1987 927 de
2023 875 2215 945 officio
2254 876 2453 928 iudicis
2491 876 2779 929 ordimvrii.
2818 877 2857 929 Ι.
2896 894 2981 948 3¹·

934 1018 963 1046 ¹⁸
1004 1018 1162 1089 Corp.
1193 1020 1297 1070 ίαν.
1323 1036 1444 1070 ean.
1474 1018 1563 1071 ed.
1591 1016 2026 1087 Friedberg.
2056 1018 2125 1071 T.
2144 1018 2204 1076 11.
2234 1017 2664 1090 col-193—194.
2693 1019 3072 1074 Potthast.
3100 1036 3153 1073 n.
3178 1037 3346 1092 7730-

716 1161 835 1214 Lex
878 1159 1219 1214 dioecesana
1261 1172 1319 1214 et
1357 1159 1445 1212 lex
1486 1157 1887 1215 iurisdictionis
1928 1173 2062 1214 sunt
2101 1145 2375 1227 diversae,
2417 1161 2571 1215 unde
2598 1178 2687 1216 res
2715 1159 2960 1216 iudicata
2988 1161 3045 1214 in
3073 1177 3185 1214 una
3213 1178 3335 1215 non

1699 1242 1895 1296 obstat
1933 1239 2127 1310 agenti
2153 1240 2210 1294 in
2236 1241 2360 1295 alia.

935 1353 1206 1413 Dilectus
1255 1352 1416 1413 filius
1463 1354 1651 1413 abbas
1695 1352 2049 1414 monasterii
2082 1353 2610 1433 Rothomagensis
2659 1354 3004 1414 Venetensis
3040 1354 3338 1414 dioecesis

718 1481 924 1521 coram
958 1460 1142 1522 nobis
1176 1460 1476 1541 exposuit,
1512 1461 1685 1541 quod
1716 1460 1888 1521 tertia
1921 1480 2055 1542 pars
2089 1462 2512 1535 emendarum,
2547 1479 2701 1541 quas
2739 1460 3026 1523 homines
3049 1460 3335 1540 quinque

717 1568 1169 1649 parochiarum,
1201 1589 1354 1649 quae
1385 1571 1490 1628 sui
1515 1574 1838 1628 conventus
1871 1574 2018 1627 sunt
2045 1567 2259 1628 usibus
2292 1568 2633 1649 deputatae,
2668 1585 2778 1647 pro
2812 1567 2939 1627 suis
2974 1567 3328 1628 excessibus

719 1675 957 1736 solvere
991 1674 1472 1754 compelluntur,
1507 1675 1583 1735 ad
1617 1694 1805 1735 suum
1838 1689 2067 1755 spectat
2101 1675 2547 1736 monasterium
2581 1678 2656 1735 ab
2691 1674 2973 1756 antiquo,
3019 1675 3060 1751 †
3093 1682 3152 1733 et
3177 1675 3347 1756 quod

721 1785 882 1842 inter
915 1785 1082 1863 epsos
1114 1781 1388 1842 homines
1419 1788 1556 1841 orta
1588 1783 2006 1842 ecclesiastica
2038 1784 2390 1862 quaestione
2422 1784 2632 1842 citatio
2665 1783 2751 1842 ad
2765 1783 3043 1856 eundem,
3063 1781 3175 1841 sed
3188 1802 3335 1840 exa-

719 1892 973 1950 minatio
1021 1896 1081 1949 et
1124 1890 1353 1950 decisio
1386 1891 1764 1968 quaestionis
1796 1889 1883 1948 ad
1909 1887 2313 1948 venerabilem
2326 1891 2603 1966 fratrem
2638 1896 2912 1949 nostrum
2960 1889 3346 1949 Venetensem

718 1999 1059 2077 episcopum
1108 2003 1169 2056 et
1217 1999 1415 2077 ipsum
1450 1995 1726 2055 abbatem
1751 1998 2072 2076 pertinent
2101 1997 2164 2054 in
2198 1998 2520 2056 communi.
2586 1994 2933 2076 Quumque
2960 1996 3173 2070 felicis
3205 2016 3334 2053 me-

718 2106 951 2162 moriae
983 2101 1386 2162 Innocentius
1420 2102 1581 2182 Papa
1615 2103 2049 2183 praedecessor
2083 2117 2310 2179 noster,
2341 2110 2738 2183 conquerente
2771 2105 2902 2184 zpso
2923 2102 3161 2175 abbate,
3181 2100 3350 2181 quod

616 2243 627 2272 ι
637 2241 659 2284 5
708 2212 1034 2290 praefatus
1066 2212 1385 2290 episcopus
1417 2217 1601 2289 super
1631 2208 1744 2268 hoc
1777 2207 2160 2288 inquietabat
2188 2209 2460 2285 eundem,
2498 2209 2670 2269 vobis
2699 2209 2773 2269 de
2792 2229 3047 2269 assensu
3053 2210 3340 2290 partium

611 2775 662 2805 20

606 3307 656 3349 25

601 3947 654 3992 30

600 4478 650 4523 35

720 2317 955 2377 dederit
1006 2316 1066 2377 in
1122 2316 1443 2392 mandatis,
1490 2331 1578 2393 ut,
1631 2317 1863 2375 vocatis
1905 2313 2196 2394 partibus
2246 2321 2306 2374 et
2353 2314 2576 2375 auditis
2622 2315 2765 2375 hinc
2806 2315 2950 2375 inde
2984 2312 3333 2396 propositiS,

718 2443 969 2484 causam
1016 2423 1399 2484 remitteretis
1450 2423 1526 2483 ad
1575 2441 1723 2483 eum
1768 2421 2147 2481 sufficienter
2179 2422 2558 2498 instructam,
2593 2422 2795 2482 dictus
2828 2422 3156 2502 episcopus
3190 2439 3336 2500 pro-

719 2548 965 2589 cessum
998 2546 1270 2589 vestrum
1304 2528 1536 2588 diutius
1568 2526 1889 2608 impedivit
1920 2526 2246 2587 occasione
2280 2526 2603 2587 cuiusdam
2641 2526 2995 2602 sententiae,
3042 2545 3199 2605 quae
3231 2544 3338 2584 su-

720 2655 828 2717 per
873 2635 1249 2716 quibusdam
1298 2635 1563 2696 ecclesiis
1596 2635 1806 2716 quoad
1840 2632 2043 2714 legem
2079 2633 2509 2694 dioecesanam
2545 2633 2932 2715 promulgata
2967 2632 3186 2694 exstitit
3218 2651 3338 2714 pro

720 2744 961 2805 eodem.
1029 2744 1212 2805 Unde
1245 2744 1549 2825 praefatus
1581 2745 1766 2803 abbas
1802 2742 1982 2803 nobis
2017 2741 2327 2802 humiliter
2358 2741 2737 2824 supplicavit,
2775 2759 2840 2801 ut
2873 2761 3072 2821 quum
3106 2739 3334 2816 citati0‚

720 2871 1046 2911 causarum
1093 2852 1461 2912 examinatio
1509 2866 1566 2912 et
1619 2850 1868 2927 decisio,
1901 2870 1968 2910 ac
2001 2850 2299 2910 emendae
2331 2851 2407 2910 ad
2439 2849 2640 2929 legem
2678 2849 3113 2910 iurisdictionis
3147 2849 3328 2929 perti-

718 2976 863 3017 nere
899 2975 1250 3028 noscantur,
1286 2978 1415 3018 non
1449 2958 1791 3019 sineremus
1823 2958 2159 3018 sententiae
2192 2972 2567 3018 memoratae
2601 2971 2915 3038 praetextu
2936 2956 3167 3034 negotii
3187 2975 3334 3037 pro-

716 3084 957 3126 cessum
1013 3065 1265 3125 ulterius
1316 3065 1616 3146 impediri.
1712 3065 1935 3140 Quum
1987 3065 2171 3144 igitur
2220 3065 2526 3146 praedicta
2578 3066 2654 3125 de
2705 3065 2840 3143 lege
2896 3062 3340 3124 iurisdictionis

717 3172 1023 3249 exsistant,
1059 3173 1427 3232 discretioni
1452 3178 1687 3232 vestrae
1721 3172 2109 3249 mandamuS,
2145 3188 2453 3251 quatenus
2486 3171 2848 3232 huiusmodi
2870 3169 3169 3230 sententia
3204 3189 3334 3230 non

715 3284 998 3342 obstante
1033 3281 1377 3361 procedatis
1408 3280 1474 3340 in
1510 3280 1761 3358 negotio
1795 3284 1928 3362 tpso
1962 3281 2125 3341 iuxta
2157 3281 2440 3340 traditam
2471 3281 2646 3341 vobis
2682 3280 2963 3342 formam.

711 3513 766 3567 b)
813 3505 1195 3560 Honorius
1240 3506 1349 3559 111.
1392 3504 1779 3576 Episcopo
1821 3505 2366 3570 AssisinatinO,
2407 3507 2463 3561 in
2503 3507 2675 3561 016.
2717 3507 2784 3561 X.
2824 3508 2891 3560 de
2917 3507 3326 3576 otfieioiudtk-is

1748 3590 2031 3646 ordinarii.
2086 3589 2124 3641 Ι.
2166 3606 2250 3660 3¹·

914 3729 955 3863 ἐ
1008 3728 1164 3813 Corp.
1206 3730 1309 3779 tur.
1349 3744 1467 3784 ean.
1509 3728 1596 3780 ed.
1637 3727 2071 3800 Friedberg.
2112 3730 2284 3783 Tom.
2326 3730 2388 3783 11.
2429 3729 2535 3784 col.
2587 3748 2874 3803 192—193.
2951 3729 3328 3783 Potthast.

711 3825 765 3861 n.
806 3825 907 3879 772
952 3848 964 3860 .

712 3915 1035 3987 Episcopus
1076 3915 1133 3970 in
1177 3915 1425 3970 ecclesiis
1468 3914 1746 3970 dioecesis
1787 3932 1927 3970 suae
1957 3917 2130 3971 debet
2158 3933 2283 3971 esse
2312 3930 2620 3972 contentus
2646 3915 2859 3971 iuribus
2889 3914 3322 3986 episcopalibu5‚

1424 4009 1479 4050 et
1506 4013 1654 4067 quae
1683 3996 1795 4051 sint
1821 3996 1944 4051 iura
1973 3997 2318 4069 episcopalia
2349 3998 2614 4053 declarat.
3289 4023 3293 4026 ·

923 4120 1363 4200 Conquerente
1414 4138 1769 4180 oeconomo
1818 4121 2172 4181 monasterii
2221 4121 2413 4181 sancti
2456 4120 2772 4181 Benedicti
2818 4120 3050 4180 montis
3083 4120 3316 4181 Subasii

709 4227 887 4287 nobis
920 4227 1209 4303 innotuit,
1241 4227 1415 4306 quod
1449 4242 1516 4286 tu
1548 4226 1784 4287 iuribus
1818 4227 2269 4308 episcopalibus
2301 4247 2429 4288 non
2461 4242 2807 4304 contentuS,
2841 4246 3000 4307 quae
3035 4227 3098 4287 in
3131 4228 3316 4287 eccle-

709 4331 811 4391 siis
841 4352 952 4392 seu
986 4332 1227 4412 capellis
1260 4333 1539 4394 eiusdem
1576 4333 1930 4395 monasterii
1964 4334 2152 4394 debes
2185 4334 2426 4411 habere,
2459 4355 2492 4394 a
2525 4335 2900 4415 quibusdam
2933 4353 3144 4394 earum
3179 4353 3316 4414 pro·

708 4438 1091 4498 curationem
1141 4439 1347 4518 exigis,
1397 4459 1552 4519 quas
1603 4440 1681 4500 ad
1728 4441 2000 4501 dandam
2034 4441 2533 4522 procurationem
2565 4440 2827 4502 minime
2861 4440 3145 4502 sufficere
3177 4460 3315 4523 pro-

706 4547 993 4627 ponebat,
1050 4561 1282 4625 petenS,
1332 4554 1400 4606 ut
1443 4550 1577 4607 iure
1623 4555 1723 4608 tuo
1769 4554 2086 4608 contentus
2132 4550 2430 4609 exsistens
2475 4570 2512 4609 a
2558 4548 2975 4610 molestatione
3021 4549 3314 4609 dictarum

704 4651 1102 4711 ecclesiarum
1149 4660 1333 4732 super
1378 4656 1597 4714 ceteris
1643 4655 1987 4731 desisteres,
2007 4653 2337 4735 postulans
2368 4657 2550 4715 etiam
2586 4655 2671 4714 ad
2697 4675 2929 4714 omnem
2963 4654 3099 4714 litis
3131 4660 3318 4714 mate-

705 4762 864 4819 riam
913 4760 977 4818 in
1010 4766 1330 4838 posterum
1379 4762 1838 4842 amputandam,
1874 4777 1941 4821 ut
1971 4760 2370 4843 specificares,
2407 4782 2565 4841 quae
2599 4760 2708 4821 tibi
2741 4762 2977 4822 ratione
3010 4762 3158 4821 iuris
3191 4761 3315 4841 epi-

701 4864 962 4946 scopalis
1012 4882 1428 4947 competerent
1462 4867 1539 4949 ‘in
1587 4868 1840 4946 eisdem,
1883 4888 2156 4948 quorum
2189 4868 2565 4949 quibusdam
2602 4867 2843 4929 iuribus
2874 4867 3322 4950 episcopalibus

702 4970 1059 5058 specificatis
1109 4974 1255 5035 hinc
1314 4975 1458 5035 inde
1508 4974 1581 5035 lis
1626 4973 1740 5034 fuit
1784 4983 1969 5057 super
2018 4978 2389 5056 praemissis
2431 4974 2701 5053 legitime
2754 4990 3108 5036 contestata.
3189 4975 3324 5035 Nos
