3684 5416
397 1675 446 1708 to

396 2259 441 2304 ¹5

385 2801 439 2834 20

385 3412 437 3458 ²5

383 4000 438 4045 30

379 4535 432 4580 35

1652 372 1973 428 Ordinatio.
3014 395 3107 451 331

503 571 661 626 muS,
698 572 827 614 non
860 553 992 614 ausi
1026 553 1259 615 fuimus
1290 554 1405 615 sibi
1438 556 1775 617 concedere
1812 573 1881 618 ut
1912 558 2158 620 offerret
2176 558 2273 619 vel
2296 559 2546 620 missam
2565 559 2910 623 celebraret.
2944 560 3111 637 Quia

501 678 652 719 uero
703 660 970 739 languor
1018 680 1148 722 non
1200 662 1265 722 in
1314 662 1494 744 culpa
1540 679 1649 739 est,
1697 682 1884 745 super
1930 665 2042 724 hac
2089 685 2153 726 re
2185 666 2560 727 auctoritatis
2592 684 2835 729 nostrae
2869 668 3117 729 decreto

500 766 957 828 consulendum
1011 768 1509 831 deliberauimuS.
1595 770 2008 833 Consulimus
2070 772 2298 853 itaque,
2354 789 2438 850 ut,
2492 775 2540 834 si
2594 774 2946 855 frequenter
2998 776 3115 835 hoc

498 875 722 934 morbo
754 876 1046 952 tangitur,
1082 878 1155 935 ab
1189 876 1500 961 oblatione
1535 893 1595 939 et
1626 877 1958 966 missarum
1990 879 2400 941 celebratione
2422 882 2628 943 omnis
2661 882 2866 942 modis
2900 881 3115 962 prohi-

501 982 729 1041 beatur.
795 981 1091 1043 Indecens
1124 984 1291 1044 enim
1324 998 1416 1043 est
1448 1002 1504 1045 et
1538 985 1976 1066 periculosum,
2008 1003 2075 1046 ut
2108 987 2171 1047 in
2204 989 2667 1049 consecratione
2703 988 3117 1049 Eucharistiae

498 1088 720 1147 morbo
754 1087 952 1149 uictus
985 1090 1311 1171 epilentico
1346 1092 1536 1152 cadat.
1600 1092 1662 1153 Si
1699 1112 1851 1153 uero
1887 1092 1998 1153 Dei
2035 1092 2449 1154 misericordia
2482 1095 2880 1167 convaluerit,
2914 1114 3113 1175 quan-

499 1193 840 1273 doquidem
887 1214 1017 1257 non
1065 1198 1266 1277 culpa,
1314 1197 1421 1259 sed
1470 1198 1788 1260 infirmitas
1821 1214 1911 1260 est
1943 1198 2007 1260 in
2041 1220 2244 1277 causa,
2280 1219 2426 1261 eum
2459 1200 2793 1262 sacrificare
2830 1201 2953 1261 iam
2986 1220 3115 1261 non

499 1299 938 1363 interdicimus.

1184 1504 1275 1560 89.
1319 1505 1779 1561 ALEXANDER
1817 1507 1943 1562 111.
1982 1506 2413 1578 (1159—1181).

926 1668 988 1731 a)
1029 1681 1074 1718 c.
1123 1682 1163 1718 1.
1203 1665 1270 1719 X.
1309 1667 1375 1719 de
1400 1673 1629 1738 corpore
1664 1667 1866 1721 vittatis
1904 1670 2221 1722 ordinandis
2257 1672 2338 1723 vel
2374 1687 2495 1722 non.
2534 1669 2570 1722 1.
2601 1686 2685 1723 20.

709 1808 736 1838 ‘
777 1808 938 1878 Corp.
975 1810 1080 1862 iur.
1121 1827 1242 1861 can.
1284 1809 1371 1863 ed.
1412 1808 1849 1881 Friedberg.
1890 1811 2064 1864 Tom.
2089 1810 2154 1863 11.
2192 1809 2300 1864 col.
2338 1828 2449 1879 ¹44·
2512 1809 3110 1866 Jaffe-Watten-

495 1887 711 1949 bach,
751 1905 1003 1958 n.14o91
1044 1891 1257 1959 (9¹46)-

494 2030 819 2104 Presbyter,
862 2029 958 2103 qui
993 2030 1051 2086 in
1088 2030 1280 2086 duello
1314 2031 1472 2103 digiti
1498 2046 1720 2104 partem
1749 2032 1953 2095 amisit,
1983 2050 2050 2088 ex
2079 2032 2506 2104 dispensatione
2533 2033 2618 2088 sui
2646 2031 2894 2104 episcopi
2920 2046 3116 2105 potest

1417 2111 1473 2166 in
1500 2130 1608 2168 suo
1637 2113 1842 2168 ordine
1871 2113 2206 2168 ministrare.

708 2234 799 2294 De
846 2236 1202 2316 presbytero
1248 2242 1443 2296 autem
1480 2234 1878 2317 Campaniae,
1928 2236 2035 2317 qui
2068 2235 2352 2297 duellum
2386 2251 2601 2316 sponte
2635 2235 2872 2311 obtulit,
2907 2251 2964 2296 et
2998 2240 3107 2297 ob-

494 2341 685 2401 latum
717 2342 1002 2422 suscepit,
1039 2357 1095 2402 et
1126 2342 1191 2403 in
1224 2361 1300 2403 eo
1334 2360 1570 2424 partem
1605 2344 1775 2422 digiti
1809 2344 2029 2422 amisit,
2066 2347 2231 2404 sicut
2259 2344 2426 2420 olim,
2461 2345 2549 2403 ita
2583 2348 2641 2401 et
2666 2344 3112 2424 nune-pruden-

494 2449 614 2507 tiae
663 2455 801 2509 tuae
850 2450 1319 2529 respondemuS,
1372 2451 1567 2531 quod,
1623 2471 1822 2531 quum
1875 2452 2024 2532 ipse,
2070 2453 2233 2512 sicut
2275 2454 2457 2512 etiam
2498 2470 2609 2510 nos
2641 2450 2933 2522 videmuS,
2983 2469 3114 2511 non

494 2554 823 2635 perdiderit
865 2571 1106 2617 tantum
1143 2556 1218 2616 de
1252 2557 1470 2637 digito,
1521 2558 1674 2637 quin
1707 2562 1836 2639 ipse
1869 2558 1999 2618 sine
2032 2557 2326 2618 scandalo
2361 2557 2552 2638 possit
2585 2556 2923 2618 solenniter
2956 2557 3112 2617 cele-

494 2664 683 2740 brare,
729 2663 873 2725 satis
921 2679 1098 2744 potes
1131 2678 1271 2746 post
1304 2681 1611 2746 peractam
1646 2664 2089 2746 poenitentiam
2123 2684 2265 2726 cum
2302 2684 2377 2727 eo
2413 2663 2881 2726 misericorditer
2913 2683 3111 2744 agere,

490 2785 548 2830 et
594 2771 940 2851 permittere
986 2772 1192 2853 ipsum
1234 2772 1297 2832 in
1330 2791 1445 2833 suo
1479 2772 1696 2832 ordine
1728 2771 2090 2852 ministrare,
2124 2772 2262 2834 licet
2293 2772 2424 2835 eius
2457 2792 2741 2834 excessus
2771 2772 2971 2852 gravis
3002 2772 3112 2832 ad-

490 2878 751 2938 modum
785 2877 1097 2940 extitisset.

562 3098 623 3162 b)
673 3096 1114 3151 Alexander
1152 3097 1238 3151 111.
1279 3096 1799 3153 Cisterciensi
1838 3099 2141 3169 Elect0,
2178 3099 2247 3155 in
2289 3118 2333 3156 c.
2364 3119 2412 3156 2.
2452 3102 2520 3157 X.
2559 3110 2626 3156 cte
2661 3108 2808 3173 corp.
2846 3104 3043 3155 vitiatis

1450 3180 1642 3232 ordini.
1684 3182 1765 3233 vel
1800 3198 1920 3234 non.
1974 3180 2011 3236 1.
2054 3199 2144 3236 20.

705 3319 734 3345 ⁶
774 3321 933 3392 Corp.
972 3323 1078 3375 iur.
1117 3339 1239 3374 can.
1279 3321 1366 3376 ed.
1409 3319 1851 3391 Friedberg.
1891 3322 2063 3375 Tom.
2093 3323 2155 3378 11.
2184 3326 2297 3378 col.
2333 3339 2443 3392 ¹44·
2508 3323 3106 3378 Jaffe-Watten-

492 3400 712 3468 bach,
750 3418 804 3455 n.
841 3401 1007 3474 12367
1044 3400 1255 3474 (8314).

489 3561 723 3616 Habens
761 3559 820 3615 in
859 3561 1071 3617 hoculo
1115 3562 1419 3630 maculam,
1461 3579 1610 3634 quae
1654 3579 1773 3616 non
1812 3561 2030 3618 inducit
2056 3581 2328 3633 magnam
2357 3562 2804 3632 deformitatem,
2833 3563 3003 3618 etiam
3032 3564 3106 3617 ad

1291 3643 1691 3716 episcopatum
1720 3643 1933 3715 poterit
1959 3644 2311 3716 promoveri.

705 3763 925 3840 Quum
973 3766 1048 3826 de
1095 3781 1198 3826 tua
1243 3773 1304 3826 et
1345 3767 1610 3828 aliorum
1662 3766 1987 3844 electione,
2030 3769 2314 3848 quisunt
2343 3769 2406 3826 in
2441 3765 2800 3846 quibusdam
2834 3765 3113 3827 ecclesiis

490 3872 860 3953 Anglicanis
902 3873 1101 3947 electi,
1133 3875 1199 3934 in
1219 3877 1580 3955 praesentia
1613 3880 1825 3935 nostra
1861 3881 1921 3933 et
1929 3877 2214 3953 fratrum
2251 3879 2596 3934 nostrorum
2631 3873 2910 3952 quaestio
2945 3888 3112 3933 mota

492 3979 720 4056 fuisset,
769 3979 810 4055 ἦ·
843 3986 903 4039 et
928 3981 1196 4060 singulis
1229 3984 1449 4041 vestris
1480 3982 1777 4061 quaedam
1813 3980 2265 4042 obiicerentur:
2312 3979 2417 4040 tibi
2451 3978 2625 4059 quod
2660 3979 2723 4040 in
2761 3980 2947 4039 oculo
2982 3999 3113 4040 ma-

490 4086 694 4146 culam
741 4088 983 4164 habeaS,
1033 4101 1093 4146 et
1137 4088 1303 4167 quod
1343 4085 1513 4148 filius
1550 4086 1834 4149 canonici
1869 4087 2071 4164 fueris,
2107 4103 2195 4147 est
2227 4086 2556 4150 obiectum.
2620 4086 2804 4148 Unde
2837 4085 3113 4147 Cantua-

488 4193 672 4255 riensi
717 4193 1178 4273 archiepiscopo
1222 4194 1601 4275 apostolicae
1647 4195 1811 4255 sedis
1866 4194 2063 4275 legato
2110 4194 2395 4254 dedimus
2443 4194 2508 4254 in
2544 4194 2865 4268 mandatis,
2899 4209 2965 4254 ut
3000 4214 3111 4274 pro

488 4321 582 4376 e0,
628 4301 799 4382 quod
849 4299 1129 4361 canonici
1175 4299 1336 4362 filius
1382 4300 1624 4379 diceris,
1662 4301 1721 4362 in
1756 4301 2149 4383 promotione
2182 4317 2287 4362 tua
2321 4321 2395 4363 ex
2428 4301 2620 4361 multa
2654 4300 3110 4381 dispensatione

488 4408 796 4490 procedat.
835 4408 927 4468 De
962 4408 1201 4468 macula
1237 4428 1402 4484 ver0,
1435 4430 1616 4490 quam
1652 4412 1717 4469 in
1750 4410 1925 4470 oculo
1956 4409 2179 4471 habere
2209 4410 2462 4481 diceris,
2494 4408 2606 4468 hoc
2638 4409 3103 4488 archiepiscopo

490 4516 801 4597 praedicto
850 4515 1299 4590 mandavimuS,
1355 4532 1422 4575 ut
1470 4536 1614 4577 cum
1661 4516 1924 4578 consilio
1957 4516 2494 4596 suffraganeorum
2526 4535 2810 4590 suorum,
2846 4522 2905 4574 et
2920 4524 3111 4596 prae-

487 4625 698 4683 sertim
743 4621 1183 4683 venerabilium
1196 4625 1481 4701 fratrum
1516 4630 1866 4683 nostrorum
1917 4623 2370 4702 th'orniensis
2415 4628 2475 4681 el
2504 4621 2847 4683 Exonensis
2877 4625 3109 4702 episco-

472 4738 723 4810 porum,
771 4730 944 4809 quod
980 4729 1200 4789 exinde
1232 4728 1345 4789 sibi
1379 4729 1581 4789 visum
1615 4729 1795 4790 suerit
1827 4747 2184 4811 exequatur.
2227 4729 2308 4790 Tu
2341 4733 2548 4811 itaque
2578 4731 2830 4790 eundem
2864 4729 3104 4789 archie-

474 4838 822 4917 piscopum,
852 4838 1089 4914 frater,
1140 4841 1454 4917 requirere
1498 4845 1683 4917 super
1726 4835 1824 4896 his
1858 4838 2105 4897 studeas
2138 4837 2456 4897 humiliter
2487 4844 2549 4896 et
2577 4837 2822 4897 devote:
2871 4836 2935 4896 in
2981 4855 3109 4915 quo

485 4942 595 5004 tibi
627 4963 698 5002 ex
733 4942 995 5004 maxima
1029 4943 1484 5023 dispensatione
1521 4945 1584 5003 in
1619 4943 1735 5003 hac
1751 4950 1942 5025 parte
1974 4942 2242 5004 sollicite
2273 4942 2625 5003 curavimus
2646 4943 2988 5024 providere,
3014 4950 3108 5003 ut-
