3684 5416
539 1504 587 1535 10

635 336 738 404 642
1504 337 1752 393 Ordines
1790 352 1849 394 et
1888 339 2380 409 congregationes.

638 521 763 580 Nos
795 528 993 581 autem
1016 523 1340 602 praefatas
1372 522 1687 595 ecclesias,
1720 544 1874 604 quae
1906 523 2155 585 clericis
2186 524 2608 585 saecularibus
2621 528 2888 603 juerant
2918 529 2982 587 in
3016 526 3249 599 benefi-

640 632 799 689 cium
834 630 1208 708 assignatae,
1241 630 1326 690 ad
1352 651 1524 691 usum
1559 635 1970 693 revocavimus
2003 635 2417 712 infirmorum,
2436 635 2883 694 concessionem
2904 632 3254 714 hospilalis,

640 757 794 817 quae
830 739 1002 807 facta
1025 739 1250 814 ficerat
1278 740 1555 819 episcopo
1587 738 1946 817 Anagnino,
1981 742 2227 800 irritam
2261 741 2670 812 decernentes,
2703 748 2764 800 et
2790 747 3144 814 statuentes,
3176 761 3252 800 ne

640 843 921 923 cuiquam
969 842 1227 902 ulterius
1275 845 1339 904 in
1388 842 1745 918 beneficium
1794 846 2206 906 concedantur
2221 869 2253 919 ,·
2298 846 2411 906 sed
2438 847 2831 912 infirmarius
2863 846 3152 927 disponat
3179 847 3257 905 de

640 949 774 1010 illis
807 949 1105 1024 ecclesiis,
1124 957 1321 1032 prout
1349 952 1433 1012 ad
1459 954 1846 1013 necessitates
1880 955 2271 1032 infirmorum
2295 956 2496 1032 magis
2518 957 2758 1013 noverit
2772 954 3070 1033 expedire.
3103 954 3255 1014 Pro-

641 1057 929 1118 hibemus
974 1076 1230 1137 quoque
1280 1057 1547 1119 districte
1580 1059 1643 1120 in
1677 1058 1894 1120 virtute
1927 1059 2315 1120 obedientiae
2349 1062 2467 1122 sub
2499 1060 2903 1123 obtestatione
2937 1060 3122 1121 divini
3159 1060 3255 1121 iu-

641 1164 803 1241 dicii,
842 1184 917 1225 ne
951 1164 1090 1244 quis
1122 1165 1196 1224 de
1228 1172 1424 1225 cetero
1447 1167 1903 1227 monachorum
1927 1166 2248 1247 proprium
2280 1167 2490 1247 aliquo
2524 1167 2719 1228 modo
2754 1168 3093 1248 possideat;
3129 1169 3259 1244 sed,

639 1272 688 1331 si
735 1272 872 1351 quis
917 1271 1151 1360 aliquid
1203 1272 1418 1331 habeat
1465 1272 1718 1353 proprii,
1765 1288 1967 1334 totum
2018 1274 2081 1333 in
2115 1272 2456 1334 continenti
2491 1274 2770 1353 resignet.
2835 1273 2899 1334 Si
2933 1294 3081 1335 vero
3115 1290 3260 1354 post

641 1379 760 1439 hoc
811 1377 1243 1458 proprietatem
1295 1377 1566 1458 aliquam
1619 1379 1798 1440 fueri-t
1846 1381 2272 1460 deprehensus
2323 1382 2567 1457 habere,
2616 1380 2876 1458 regulari
2912 1380 3260 1442 monitione

641 1484 971 1565 praemissa
1022 1484 1097 1544 de
1149 1484 1526 1546 monasterio
1578 1486 1933 1566 expellatur,
1983 1507 2099 1549 nec
2133 1487 2457 1567 recipiatur
2491 1486 2764 1564 ulterius,
2799 1487 2914 1548 nisi
2951 1487 3263 1567 poeniteat

641 1590 987 1651 secundum
1038 1591 1440 1652 monasticam
1491 1592 1898 1674 disciplinam.
1969 1594 2215 1669 Quodsi
2268 1593 2602 1675 proprietas
2652 1594 2817 1674 apud
2869 1612 3262 1673 quemquam

640 1698 885 1759 inventa
934 1695 1112 1758 fuerit
1157 1698 1219 1758 in
1270 1715 1487 1778 morte,
1522 1700 1650 1781 ipsa
1686 1721 1831 1762 cum
1866 1722 1941 1763 eo
1975 1702 2036 1763 in
2072 1703 2321 1783 signum
2354 1701 2716 1783 perditionis
2748 1718 2910 1762 extra
2944 1719 3259 1763 monaste-

643 1804 802 1865 rium
850 1804 911 1864 in
960 1804 1346 1893 sterquilinio
1393 1808 1787 1881 subterretur,
1833 1810 2179 1870 secundum
2228 1809 2401 1889 quod
2435 1810 2648 1869 beatus
2680 1809 3023 1887 Gregorius
3058 1825 3263 1869 narrat

643 1911 705 1971 in
741 1911 1005 1990 Dialogo
1053 1933 1116 1972 se
1167 1912 1395 1973 fecisse.
1460 1914 1670 1975 Abbas
1718 1921 1916 1975 tamen
1966 1923 2026 1975 ct
2055 1919 2243 1996 prior
2267 1918 2635 1995 frequenter
2668 1918 2992 1996 inquirant
3018 1922 3078 1974 et
3102 1916 3260 1975 dili-

539 2038 585 2081 15
631 2026 854 2100 genter
903 2019 1235 2101 explorent,
1286 2041 1363 2081 ne
1411 2023 1550 2101 quis
1580 2024 1866 2099 fratrum
1903 2025 2349 2103 proprietatem
2387 2024 2596 2103 possit
2642 2021 2880 2082 habere.
2943 2021 3149 2099 Unde,
3203 2020 3259 2082 si

535 3118 585 3161 25

536 3653 588 3697 30

642 2126 979 2205 quicquam
1011 2125 1191 2210 alicui
1227 2127 1408 2188 fuerit
1439 2128 1779 2209 specialiter
1811 2128 2206 2203 destinatum,
2231 2148 2361 2189 non
2396 2144 2742 2209 praesumat
2777 2127 2927 2188 illud
2961 2128 3256 2209 accipere,

640 2234 746 2292 sed
780 2232 999 2312 abbati,
1049 2234 1143 2294 vel
1177 2234 1363 2314 priori
1398 2234 1493 2294 vel
1540 2234 1850 2295 cellerario
1885 2236 2248 2312 assignetur.
2329 2234 2395 2295 In
2429 2234 2700 2295 oratorio
2734 2254 2897 2307 vero,
2932 2234 3258 2295 refectorio

642 2354 700 2399 et
745 2338 1108 2401 dormitorio
1154 2341 1526 2402 continuum
1574 2361 1815 2423 semper
1849 2341 2160 2403 silentium
2195 2344 2571 2417 observetur,
2607 2340 2671 2401 in
2704 2341 2969 2400 claustro
3003 2358 3263 2419 quoque

642 2445 819 2519 certis
851 2446 1020 2506 horis
1055 2462 1112 2507 et
1143 2446 1315 2525 lociS,
1363 2450 1711 2509 secundum
1747 2449 2066 2529 antiquam
2103 2448 2624 2510 consuetudinem
2658 2447 3013 2508 monasterii
3046 2447 3260 2507 lauda—

641 2556 837 2616 biliter
869 2557 1270 2632 observatam,
1301 2557 1414 2616 sed
1442 2559 1656 2618 amodo
1689 2557 2074 2618 laudabilius
2106 2556 2563 2617 observandam.
2626 2555 2696 2614 In
2732 2554 3058 2616 refectorio
3091 2575 3264 2629 ver0,

642 2662 852 2724 nullus
883 2660 1145 2724 omnino
1195 2681 1373 2724 carne
1408 2678 1701 2726 vescatur.
1756 2665 1888 2726 Nec
1920 2665 1985 2724 in
2018 2664 2392 2744 quibusdam
2425 2663 2923 2738 solennitatibuS,
2954 2661 3107 2723 sicut
3139 2662 3261 2723 ali-

642 2770 894 2851 quando
945 2770 1072 2830 fieri
1120 2771 1455 2850 consuevit,
1507 2787 1848 2833 conventus
1895 2787 2066 2832 exeat
2112 2790 2255 2832 cum
2289 2773 2525 2844 abbate,
2560 2771 2770 2851 paucis
2802 2770 2884 2830 ibi
2918 2770 3154 2845 relictiS,
3191 2785 3263 2830 ut

641 2893 800 2938 extra
858 2877 1248 2938 refectorium
1302 2879 1486 2939 edant
1536 2898 1779 2954 carnes;
1831 2898 2033 2959 quum
2067 2881 2130 2939 in
2165 2878 2281 2938 illis
2333 2878 2552 2938 diebus
2600 2877 2931 2958 praecipue
2965 2875 3264 2955 regularis

643 2984 960 3064 disciplina
993 2984 1065 3044 sit
1099 2984 1435 3064 studiosius
1467 2985 1868 3045 observanda.
1930 2985 2050 3045 Sed
2088 3005 2200 3045 nec
2234 3002 2394 3044 extra
2428 2983 2839 3054 refectorium,
2874 2982 2989 3043 nisi
3024 2987 3260 3042 tantum

643 3092 707 3153 in
743 3091 1150 3166 infirmitori0‚
1188 3112 1360 3153 esum
1397 3092 1675 3153 carnium
1709 3094 1961 3154 credant
1992 3093 2104 3153 sibi
2139 3092 2339 3169 licere,
2376 3110 2741 3172 quanquam
2775 3110 2847 3152 ex
2879 3089 3263 3169 indulgentia

644 3199 836 3281 possit
882 3201 1070 3259 abbas
1118 3199 1428 3259 interdum
1475 3199 1714 3280 aliquos
1758 3199 2034 3276 fratrum,
2069 3219 2237 3261 nunc
2268 3201 2401 3276 hos,
2436 3218 2608 3259 nunc
2638 3198 2791 3270 illos»,
2829 3212 3014 3277 prout
3046 3216 3262 3256 neces-

641 3307 784 3367 sitas
818 3306 1230 3386 postulaverit,
1263 3307 1580 3384 advocare,
1618 3307 1910 3389 ipsosque
1943 3326 2156 3368 secum
2189 3307 2251 3367 in
2285 3325 2524 3367 camera
2557 3325 2666 3366 sua
2690 3304 2907 3365 melius
2928 3319 2987 3363 et
3011 3303 3259 3383 plenius

643 3415 945 3474 exhibere.
1010 3414 1201 3474 Porro
1235 3413 1466 3490 debiles
1501 3430 1559 3474 et
1590 3413 1839 3488 infirmi,
1873 3415 1981 3494 qui
2015 3413 2364 3474 minutione
2398 3412 2680 3490 indigent
2712 3412 2805 3472 vel
2839 3411 3039 3490 aliqua
3063 3409 3259 3469 medi-

644 3522 795 3598 cina,
850 3541 976 3582 non
1028 3539 1311 3582 seorsum
1363 3521 1421 3582 in
1475 3522 1903 3597 cameris-,Used
1954 3541 2171 3582 omnes
2205 3520 2268 3580 in
2301 3518 2695 3580 infirmitorio
2729 3537 2888 3597 quae
2924 3515 3258 3577 necessaria

643 3627 868 3689 fuerint
912 3628 1027 3689 sibi
1075 3643 1198 3688 tarn
1246 3627 1308 3688 in
1358 3629 1643 3690 carnibus
1694 3649 1883 3708 quam
1919 3629 1983 3690 in
2014 3629 2146 3688 aliis
2180 3627 2480 3707 recipiant
2513 3639 2950 3704 competenter.
3014 3621 3260 3697 Quodsi

643 3735 783 3815 quis
830 3755 1048 3796 eorum
1100 3735 1315 3795 debilis
1363 3733 1562 3809 fuerit,
1613 3751 1716 3795 aut
1763 3736 1947 3796 etiam
1981 3735 2292 3800 delicatus,
2328 3750 2394 3793 ut
2427 3751 2556 3792 non
2592 3731 2784 3812 possit
2817 3729 3260 3792 communibus

644 3841 793 3901 cibis
839 3858 967 3900 esse
1022 3856 1368 3916 contentuS,
1421 3840 1504 3901 sic
1538 3841 1593 3901 ei
1629 3843 2029 3921 provideatur
2061 3841 2192 3901 sine
2226 3839 2513 3901 scandalo
2548 3838 2833 3914 aliorum,
2866 3854 2951 3908 ut,
2982 3836 3032 3896 si
3067 3838 3258 3895 abbas

642 3948 739 4008 vel
773 3947 938 4028 prior
972 3947 1231 4007 voluerit
1265 3948 1326 4007 in
1361 3947 1684 4008 refectorio
1719 3948 2203 4008 misericordiam
2237 3951 2298 4008 ei
2329 3947 2521 4006 facere
2544 3945 2891 4026 specialem,
2926 3945 3130 4003 cibum
3152 3941 3259 4001 ali-

644 4073 830 4135 quem
883 4070 1356 4135 competentem,
1410 4074 1538 4116 non
1593 4071 1733 4116 ante
1784 4056 1981 4130 illum,
2028 4056 2133 4115 sed
2183 4070 2323 4115 ante
2358 4075 2422 4115 se
2459 4054 2629 4114 faciat
2665 4051 2991 4133 apportari,
3024 4051 3097 4110 de
3130 4069 3260 4129 quo

568 4192 586 4228 r,
644 4162 772 4242 ipse
807 4162 890 4222 illi
927 4161 1102 4221 faciat
1138 4160 1453 4241 pitantiam
1488 4180 1600 4241 pro
1634 4162 2086 4222 sustentatione
2124 4176 2392 4220 naturae.
2455 4159 2642 4220 Tales
2678 4177 2885 4220 autem
2918 4158 2994 4217 ad
3028 4156 3262 4233 agenda

645 4269 846 4329 officia
901 4268 1249 4328 monasterii
1303 4270 1700 4348 deputentur,
1755 4269 1861 4349 qui
1919 4268 2128 4327 fideles
2183 4267 2409 4328 fuerint
2461 4283 2519 4328 et
2571 4266 2829 4326 discreti.
2907 4266 3036 4326 Nec
3085 4261 3262 4322 alicui

644 4375 1062 4436 committatur
1112 4375 1312 4454 aliqua
1365 4376 1715 4436 obedientia
1771 4391 2071 4456 perpetuo
2124 4375 2512 4455 possidenda,
2564 4391 2857 4454 tanquam
2911 4373 2975 4432 in
3006 4391 3114 4431 sua
3146 4369 3259 4429 sibi

643 4483 763 4543 vita
814 4482 1080 4552 locetur;
1131 4483 1257 4557 sed,
1309 4502 1504 4562 quum
1560 4485 1902 4564 oportuerit
1954 4481 2247 4558 amoveri,
2299 4481 2432 4541 sine
2480 4481 2964 4542 contradictione
2997 4477 3262 4558 qualibet

644 4607 978 4652 revocetur.
1028 4590 1200 4650 Prior
1231 4607 1438 4651 autern
1477 4610 1617 4671 prae
1653 4591 1867 4652 ceteris
1902 4607 2040 4672 post
2071 4592 2352 4650 abbatem
2389 4605 2606 4670 potens
2638 4588 2714 4647 sit
2747 4587 2808 4648 in
2841 4605 3027 4667 opere
3057 4601 3114 4646 et
3134 4604 3263 4645 ser-

646 4718 855 4772 mone,
906 4714 973 4759 ut
1020 4697 1301 4778 exemplo
1334 4699 1487 4759 vitae
1525 4702 1841 4779 verboque
1877 4698 2192 4760 doctrinae
2228 4697 2436 4757 fratres
2469 4716 2619 4756 suos
2654 4712 2711 4754 et
2743 4694 3040 4754 instruere
3073 4692 3266 4773 possit

643 4806 707 4866 in
742 4809 933 4876 bon0,
970 4821 1025 4866 et
1059 4828 1090 4865 a
1125 4804 1289 4865 malo
1323 4806 1505 4864 etiam
1542 4825 1859 4878 revocare,
1897 4806 2100 4865 zelum
2125 4803 2443 4883 religionis
2465 4803 2697 4863 habens
2733 4801 3080 4861 secundum
3112 4819 3263 4860 con-

645 4913 979 4990 scientiam,
1034 4931 1099 4974 ut
1150 4913 1581 4992 delinquentes
1634 4913 1920 4994 corripiat
1970 4929 2027 4972 et
2079 4910 2345 4989 castiget,
2397 4911 2751 4971 obedientes
2801 4928 2940 4968 vero
2974 4907 3171 4967 foveat
3205 4922 3264 4967 et
