3684 5416
301 1527 354 1560 to

299 2070 352 2115 ⁸5

304 3139 360 3180 ²5

307 4209 365 4257 35

1045 357 1311 412 Potestas
1350 355 1727 412 ecelesiastica
1768 368 1829 412 et
1866 353 2170 426 imperium
2208 354 2387 410 civile.
2928 372 3017 426 ¹45

405 541 579 622 quod
610 557 759 614 teste
782 543 916 604 Deo
936 560 1125 606 manu
1148 541 1392 621 propria
1413 539 1842 608 firmaverunt:
1877 539 2156 602 videlicet
2176 541 2321 620 quia
2349 541 2710 604 huiusmodi
2732 541 3019 605 homines

407 668 541 710 non
586 647 794 710 solum
839 668 968 712 non
1012 649 1185 723 tueri,
1230 664 1415 728 atque
1463 663 1678 712 contra
1709 648 1911 727 legem
1942 647 2043 718 „vel
2075 646 2374 710 rationem
2411 646 2762 726 defendere,
2807 668 3022 714 verum

407 756 802 840 velrecipere
834 759 1145 828 deberent,
1181 757 1298 820 nisi
1329 757 1406 820 ad
1439 758 1561 820 hoc
1593 776 1813 838 usque,
1849 772 1917 818 ut
1946 755 2024 820 ad
2056 756 2439 822 reddendam
2473 771 2699 820 rectam
2720 756 3021 818 rationem

409 863 705 927 venirent.
767 864 1047 940 Quidam
1095 881 1305 928 autem
1351 885 1424 928 ex
1473 865 1706 928 eisdem
1753 863 2001 944 regibus
2046 862 2156 943 qui
2204 862 2324 925 hoc
2369 861 2787 940 firmaverunt,
2817 864 3023 926 adhuc

409 969 549 1032 Deo
595 970 815 1050 gratias
864 989 1124 1053 corpore
1175 971 1406 1050 vivunt,
1455 986 1516 1034 et
1559 971 1818 1052 quidam
1865 970 2165 1050 migravit
2195 970 2271 1032 ad
2308 970 2675 1032 Dominum.
2740 969 2863 1032 Sed
2912 989 3025 1051 pro

409 1093 579 1157 patre
614 1078 738 1142 nati
769 1093 917 1142 sunt
947 1078 1072 1149 filii,
1107 1099 1140 1142 a
1173 1079 1402 1158 quibus
1433 1078 1785 1142 secundum
1814 1077 2019 1156 legem
2044 1076 2413 1166 Romanam,
2448 1095 2639 1156 quam
2670 1078 3025 1159 praedeces-

409 1202 584 1246 sores
629 1203 849 1246 eorum
903 1185 1303 1266 imperatores
1349 1200 1408 1246 et
1452 1203 1626 1263 reges
1657 1183 2089 1260 condiderunt,
2136 1200 2193 1245 et
2224 1198 2638 1260 servaverunt,
2668 1198 2728 1246 et
2758 1185 3027 1265 populus

411 1308 523 1371 per
566 1309 701 1353 eam
748 1290 998 1356 feliciter
1047 1307 1334 1354 rexerunt
1378 1306 1437 1356 et
1484 1305 1901 1368 correxerunt,
1946 1290 2105 1354 actio
2151 1309 2310 1371 quae
2355 1293 2431 1352 ab
2463 1305 2712 1352 auctore
2742 1289 3027 1353 inchoata

412 1412 521 1475 est,
576 1412 643 1458 ut
690 1400 767 1460 ab
814 1399 1178 1460 haeredibus
1227 1399 1573 1479 peragenda
1620 1413 1743 1461 est:
1796 1399 2032 1478 quique
2081 1397 2160 1461 ita
2194 1396 2734 1478 praedecessorum
2767 1417 3026 1460 suorum

411 1505 574 1564 bene
605 1519 823 1568 statuta
855 1505 1079 1568 debent
1112 1504 1176 1570 in
1210 1504 1511 1570 omnibus
1544 1523 1926 1584 conservare,
1960 1503 2139 1566 sicuti
2169 1524 2282 1568 sua
2302 1502 2631 1566 constituta
2665 1524 2697 1564 a
2729 1505 2857 1568 suis
2888 1524 3025 1566 suc·

413 1610 758 1672 cessoribus
803 1610 1062 1693 cupiunt
1094 1611 1458 1676 conservari.
1519 1613 1595 1676 Et
1627 1630 1759 1675 non
1791 1612 1924 1674 leve
1958 1611 2205 1690 regibus
2237 1611 2332 1672 vel
2366 1610 2864 1692 quibuscumque
2896 1611 3029 1674 aliis

414 1717 692 1782 videatur
723 1719 1052 1798 infringere
1085 1720 1258 1799 quod
1291 1718 1424 1791 suia>
1450 1719 1700 1792 student
1732 1718 2020 1784 manibus
2051 1721 2363 1795 roborare,
2399 1718 2542 1799 quia
2575 1737 2647 1778 ex
2679 1718 2883 1780 divina
2916 1719 3031 1781 do-

415 1825 629 1903 ctrina,
663 1841 721 1888 et
750 1825 1079 1907 apostolica
1113 1826 1456 1902 traditione,
1503 1843 1628 1898 tam
1663 1825 1933 1894 maxima
1963 1845 2058 1888 rea
2088 1845 2333 1906 semper
2364 1827 2439 1887 ab
2473 1824 2618 1907 ipsis
2652 1825 2866 1906 primis
2898 1845 3029 1888 sae·

415 1932 572 1996 culis
628 1952 851 1996 manus
909 1933 1294 1996 confirmatio
1357 1933 1489 2012 fuit,
1557 1949 1623 1995 ut
1669 1933 1745 1998 de
1796 1931 1943 2014 ipsis
1991 1932 2423 2013 apostolorum
2472 1931 2726 2007 vicariis,
2777 1932 2863 1994 illi
2911 1932 3029 2013 ipsi

415 2039 845 2121 apostolorum
896 2039 1101 2102 vicarii
1145 2059 1333 2123 super
1377 2039 1627 2102 coelesti
1658 2040 2019 2104 auctoritate
2050 2037 2447 2100 decreverint.
2518 2038 2642 2100 «Ut
2673 2040 2780 2118 qui
2815 2055 3029 2102 contra

416 2167 596 2209 suam
646 2147 1163 2228 subscriptionem
1214 2148 1279 2211 in
1330 2147 1543 2228 aliquo
1591 2146 1846 2224 venerit,
1900 2146 2029 2227 ipse
2074 2166 2140 2208 se
2187 2145 2381 2226 privet
2431 2144 2732 2206 honore».
2795 2146 2869 2206 Et
2901 2165 3030 2207 non

419 2253 622 2315 dicant
652 2273 847 2335 reges,
882 2256 1001 2317 hoc
1032 2254 1109 2316 de
1141 2254 1444 2335 episcopis
1476 2269 1537 2316 et
1569 2273 1702 2318 non
1734 2269 1824 2316 est
1856 2253 1933 2316 de
1964 2253 2212 2332 regibus
2233 2251 2671 2324 constitutum;
2707 2253 2814 2313 sed
2836 2268 3029 2315 atten-

418 2360 634 2422 dentes
680 2361 823 2440 quia
869 2361 920 2425 si
965 2364 1080 2422 sub
1129 2380 1260 2425 uno
1294 2380 1436 2440 rege
1466 2380 1537 2424 ac
1568 2360 1881 2425 sacerdote
1914 2360 2183 2438 ChristO,
2217 2380 2253 2420 a
2284 2357 2461 2435 cujus
2493 2357 2766 2420 nominis
2799 2358 3030 2420 deriva-

419 2467 590 2529 tione
640 2467 844 2532 christi
879 2467 1131 2532 Domini
1176 2469 1579 2550 appellantur,
1629 2467 1693 2529 in
1726 2466 1946 2549 populi
1976 2466 2276 2546 regimine
2308 2464 2622 2527 sublimati
2655 2480 2712 2527 et
2745 2465 3035 2527 honorati

421 2593 555 2636 esse
590 2573 950 2651 desiderant,
983 2574 1161 2653 cujus
1193 2576 1453 2654 bonore,
1489 2590 1549 2638 et
1579 2594 1791 2642 amore
1822 2589 2007 2655 atque
2038 2574 2280 2651 timore,
2329 2574 2789 2655 participatione
2824 2572 3033 2652 magni

421 2679 696 2744 nominis
745 2681 988 2745 domini
1038 2697 1096 2744 et
1140 2701 1315 2764 reges
1359 2698 1682 2761 vocantur,
1725 2701 1868 2745 cum
1914 2682 2038 2746 sint
2083 2682 2373 2745 homines
2417 2681 2574 2743 sicut
2619 2696 2677 2742 et
2708 2678 2944 2757 caeteri,
2976 2696 3034 2742 et

423 2803 662 2869 partem
708 2807 852 2851 cum
884 2788 982 2849 his
1013 2788 1077 2849 in
1109 2809 1305 2869 regno
1341 2789 1662 2853 coelorum
1697 2790 1922 2854 habere
1953 2789 2189 2867 volunt,
2228 2789 2336 2870 qui
2369 2808 2542 2852 sacro
2576 2788 2854 2868 peruncti
2887 2803 3035 2849 sunt

423 2895 769 2974 chrismate,
815 2895 988 2976 quod
1033 2918 1067 2958 a
1100 2896 1330 2959 Christi
1378 2896 1634 2960 nomine
1683 2916 1917 2959 nomen
1951 2895 2200 2978 accepit,
2239 2895 2347 2976 qui
2380 2895 2599 2958 exinde
2633 2895 2806 2957 unxit
2837 2914 3034 2961 sacerss

424 3003 623 3081 doteS,
670 3003 1019 3083 prophetas,
1065 3022 1255 3082 reges,
1304 3019 1363 3065 et
1396 3020 1713 3085 martyra,
1745 3003 1847 3065 ille
1881 3019 2105 3066 unctus
2137 3003 2279 3065 oleo
2312 3002 2570 3064 laetitiae
2604 3021 2747 3082 prae
2780 3021 3033 3067 consor-

423 3108 587 3171 tibus
619 3108 765 3184 suis,
799 3109 1033 3190 quique
1067 3110 1208 3173 fecit
1239 3129 1349 3172 eos
1380 3111 1443 3173 in
1477 3110 1836 3191 baptismate
1871 3130 2046 3191 reges
2079 3127 2138 3172 et
2169 3112 2514 3172 sacerdotes
2550 3110 2683 3171 Deo
2716 3124 2947 3181 nostr0,
2980 3126 3037 3173 et

422 3236 623 3296 genus
672 3216 936 3295 regium,
987 3237 1057 3278 ac
1106 3217 1308 3297 regale
1355 3217 1787 3294 sacerdotium,
1857 3217 2203 3286 secundum
2254 3215 2573 3297 apostolos
2622 3217 2927 3279 Joannem
2980 3235 3036 3279 et

426 3322 676 3385 Petrum
722 3322 917 3404 (Apoc
946 3322 1022 3395 11,
1045 3323 1090 3385 I
1108 3324 1267 3387 Petr.
1303 3324 1404 3400 lI):
1468 3324 1807 3403 intelligant
1852 3341 1909 3389 et
1954 3327 2202 3387 credant
2251 3346 2315 3387 se
2347 3326 2409 3389 in
2442 3326 2638 3387 oculis
2672 3326 2784 3389 Dei
2819 3325 3037 3406 privari

424 3430 573 3511 regii
627 3430 901 3494 nominis
950 3447 1009 3495 et
1055 3430 1244 3493 officii
1289 3431 1598 3511 dignitate,
1644 3432 1900 3513 quando
1944 3432 1995 3493 si
2040 3432 2195 3497 iuud
2228 3432 2518 3513 placitum
2553 3433 2688 3495 Deo
2721 3432 2835 3494 fuit
2865 3433 3037 3512 quod

427 3557 618 3602 manu
665 3538 1076 3615 firmaverant,
1129 3538 1356 3600 faciunt
1404 3555 1613 3601 contra
1660 3557 1884 3601 manus
1929 3558 2074 3606 suae
2123 3539 2669 3620 conscriptionem,
2716 3539 2852 3601 licet
2885 3540 3038 3602 illud

425 3666 660 3708 nomen
708 3661 1005 3726 usurpent
1049 3661 1188 3708 ante
1232 3646 1448 3708 oculos
1488 3645 1822 3708 hominum
1856 3661 2093 3709 terrena
2125 3662 2183 3709 et
2215 3645 2481 3709 instabili
2515 3661 2841 3727 potestate:
2877 3666 3037 3726 quo-

427 3753 597 3815 niam
641 3752 797 3818 sicut
829 3752 1039 3817 vivunt
1070 3771 1244 3832 reges
1276 3752 1424 3814 boni
1455 3768 1514 3814 et
1547 3751 1687 3827 justi
1720 3753 1783 3814 in
1815 3752 1943 3814 suis
1975 3752 2216 3832 legibus
2251 3753 2431 3816 bonis
2464 3768 2522 3814 et
2554 3751 2748 3832 justis,
2783 3756 3037 3835 quando

425 3879 538 3942 per
586 3881 687 3922 eas
730 3876 1094 3941 premuntur
1140 3874 1199 3921 et
1245 3859 1588 3940 puniuntur
1621 3859 1809 3935 noxii,
1842 3875 1900 3920 et
1933 3860 2281 3923 relevantur
2313 3880 2383 3921 ac
2418 3860 2750 3922 liberantur
2782 3862 3036 3937 innoxii,

426 3969 505 4030 ita
542 3969 755 4030 vivunt
786 3966 1106 4048 apostolici
1139 3966 1248 4028 viri
1281 3966 1345 4028 in
1379 3967 1607 4047 regulis
1640 3967 2045 4049 promulgatis
2077 3983 2136 4029 et
2168 3967 2293 4029 suis
2312 3967 2615 4030 *manibus
2647 3967 3040 4046 confirmatis,

428 4076 657 4156 quibus
704 4073 949 4151 judicati
995 4087 1141 4136 sunt
1186 4090 1393 4136 contra
1438 4073 1569 4136 illas
1614 4084 1862 4153 agentes
1907 4094 1980 4135 ex
2025 4074 2125 4135 illa
2171 4075 2269 4136 die
2317 4095 2439 4155 qua
2482 4074 2845 4137 constitutae
2876 4093 3037 4139 sunt.

428 4183 491 4265 [1.
528 4203 578 4246 c.
613 4183 728 4244 col.
763 4178 1153 4260 699—7oo.]

645 4287 1035 4366 Quaestio
1067 4288 1168 4349 V1.
1205 4288 1437 4350 Dicunt
1468 4308 1724 4368 quoque
1755 4288 1937 4353 etiam
1971 4287 2160 4369 aliqui
2193 4288 2515 4370 sapientes»,
2552 4289 2696 4370 quia
2729 4291 2839 4352 iste
2873 4292 3042 4372 prin-

431 4417 575 4479 ceps
621 4416 724 4457 rex
769 4411 876 4473 est,
921 4410 979 4457 et
1024 4394 1344 4456 nullorum
1392 4395 1631 4475 legibus
1661 4394 1760 4456 vel
1791 4393 2033 4472 judiciis
2064 4395 2357 4475 subjacet,
2394 4396 2509 4458 nisi
2540 4397 2734 4458 solius
2764 4398 2900 4475 Dei,
2933 4400 3041 4479 qui

430 4523 578 4566 eum
627 4504 691 4566 in
736 4522 949 4584 regno,
995 4502 1168 4583 quod
1212 4522 1364 4563 suus
1396 4518 1565 4583 pater
1598 4502 1685 4563 illi
1717 4502 1968 4581 dimisit,
2003 4522 2211 4581 regem
2244 4505 2577 4581 constituit,
2612 4520 2671 4565 et
2702 4504 2751 4565 si
2783 4505 3043 4569 voluerit

431 4628 549 4693 pro
582 4610 694 4670 hac
724 4609 822 4670 vel
853 4609 966 4671 alia
998 4629 1181 4671 causa
1213 4608 1321 4671 ibit
1352 4610 1427 4670 ad
1461 4609 1754 4690 placitum
1786 4609 1882 4670 vel
1913 4610 1991 4670 ad
2024 4610 2358 4691 synodum,
2390 4628 2448 4672 et
2467 4612 2518 4672 si
2540 4610 2824 4688 noluerit,
2855 4611 3043 4673 libere

432 4733 493 4778 et
523 4715 776 4778 licenter
806 4716 1098 4778 dimittet:
1134 4734 1192 4778 et
1222 4717 1380 4780 sicut
1410 4737 1441 4777 a
1476 4715 1602 4777 suis
1633 4716 1961 4798 episcopiS,
1997 4716 2302 4798 quidquid
2334 4719 2541 4795 egerit,
2578 4736 2709 4779 non
2740 4719 2919 4779 debet
2940 4738 3041 4779 ex-

429 4823 898 4900 communicari,
932 4823 1012 4885 ita
1044 4826 1119 4884 ab
1153 4824 1281 4886 aliis
1313 4823 1616 4906 episcopis
1651 4843 1780 4885 non
1814 4840 2018 4906 potest
2048 4824 2330 4901 iudicari,
2368 4825 2667 4905 quoniam
2702 4826 2891 4887 solius
2928 4826 3040 4888 Dei

433 4930 802 5014 principatui
834 4930 1013 4992 debet
1044 4929 1283 5010 subjici,
1317 4954 1350 4992 a
1384 4931 1683 5012 quosolo
1716 4932 1919 5012 potuit
1949 4932 2012 4993 in
2045 4931 2388 5013 principatu
2425 4932 2746 4994 constitui:
2783 4949 2841 4992 et
2869 4935 3041 5012 quod

650 5029 941 5075 Galante:
988 5032 1156 5076 Fontes
1185 5032 1268 5085 jur.
1296 5046 1391 5077 can.
2700 5052 2761 5090 10
