3684 5416
444 1559 494 1590 to

446 2092 492 2136 ¹5

445 3159 497 3204 ²5

448 4230 500 4276 35

1184 380 1449 436 Potestas
1489 379 1863 436 ecclesiastica
1907 394 1963 436 et
2000 380 2303 466 imperium
2341 381 2517 437 civile.
3052 402 3152 456 253

545 562 691 625 ritos
738 563 903 625 viros
953 582 1025 624 ex
1075 563 1147 625 iis
1195 563 1440 645 lmperii
1480 563 1761 642 CirculiS,
1810 565 1919 625 ubi
1968 566 2065 626 vel
2116 564 2247 625 sola
2280 569 2639 643 Augustana
2686 564 3022 627 Confessio
3057 567 3155 627 vel

542 670 720 733 simul
763 670 947 732 etiam
979 668 1301 732 Catholica
1346 671 1509 749 viget
1540 671 1802 751 Religio,
1837 671 2147 744 adsciscat,
2193 689 2271 732 eo
2311 670 2565 750 quidem
2599 690 2885 750 numer0,
2919 686 2985 732 ut
3016 692 3157 733 eve-

542 778 750 839 niente
784 798 928 840 casu
962 777 1183 861 paritas
1217 777 1628 839 iudicantium
1661 797 1733 838 ex
1767 793 2030 858 utraque
2068 777 2393 856 Religione
2413 782 2811 840 Assessorum
2850 779 3160 840 observari

542 886 752 968 possit.
816 886 982 947 Idem
1016 885 1201 947 etiam
1233 886 1440 965 quoad
1474 884 1789 966 paritatem
1823 890 2226 945 Assessorum
2257 886 2633 964 observetur,
2667 886 2915 966 quoties
2934 893 3156 965 Augu-

542 1009 749 1055 stanae
784 992 1216 1057 Confessionis
1250 993 1460 1055 Status
1491 993 1885 1054 immediatus
1916 1012 1949 1052 a
1983 991 2253 1053 mediato
2272 991 2620 1070 Catholico,
2649 992 2744 1054 vel
2763 992 3158 1054 immediatus

545 1099 906 1162 Catholicus
952 1121 985 1161 a
1033 1100 1303 1160 mediato
1346 1103 1745 1176 Augustanae
1791 1097 2226 1160 Confessionis
2271 1096 2443 1160 Statu
2491 1098 2725 1160 Iudicio
2772 1100 3157 1161 convenitur.

758 1217 788 1278 s
827 1228 925 1288 55.
989 1206 1220 1283 Quoad
1267 1206 1636 1267 Processum
1680 1204 2072 1267 iudiciarium
2104 1205 2429 1268 Ordinatio
2476 1205 2776 1269 Camerae
2822 1207 3160 1289 Imperialis

547 1315 730 1376 etiam
763 1315 827 1376 in
860 1314 1095 1376 Iudicio
1129 1312 1354 1375 Aulico
1384 1311 1723 1373 servabitur
1755 1331 1863 1393 per
1896 1311 2137 1386 omnia;
2171 1330 2304 1374 tum
2336 1329 2404 1374 ut
2438 1332 2517 1374 ne
2548 1328 2747 1394 partes
2777 1314 3006 1376 ibidem
3041 1312 3162 1373 liti-

543 1436 759 1501 gantes
809 1422 985 1483 omni
1031 1419 1307 1482 remedio
1354 1419 1719 1501 suspensivo
1766 1418 2193 1494 destituantur,
2245 1421 2387 1481 loco
2432 1419 2754 1481 revisionis
2799 1420 2863 1481 in
2895 1420 3162 1481 Camera

548 1527 799 1589 usitatae
850 1527 1087 1589 licitum
1138 1542 1269 1587 esto
1321 1524 1475 1606 parti
1524 1539 1824 1606 gravatae,
1872 1545 1907 1584 a
1952 1524 2247 1585 sententia
2293 1524 2359 1585 in
2405 1525 2644 1587 Iudicio
2680 1526 2903 1588 Aulico
2933 1525 3050 1587 lata
3083 1526 3161 1586 ad

547 1631 911 1694 Caesaream
959 1633 1338 1695 Maiestatem
1387 1631 1749 1712 supplicare,
1795 1648 1863 1692 ut
1908 1646 2036 1691 acta
2082 1629 2388 1691 iudicialia
2436 1633 2666 1710 denu0,
2711 1634 3000 1695 adhibitis
3030 1632 3167 1695 aliis

546 1740 820 1819 gravitati
870 1741 1101 1820 negotii
1152 1739 1401 1821 paribus
1450 1738 1778 1819 neutrique
1831 1737 2095 1817 partium
2140 1738 2394 1801 addictis
2437 1759 2511 1802 ex
2542 1756 2803 1821 utraque
2838 1741 3161 1820 Religione

547 1848 786 1929 aequali
835 1867 1098 1909 numero
1130 1846 1535 1921 Consiliariis‚
1584 1861 1643 1907 et
1673 1845 1782 1926 qui
1815 1845 2260 1926 concipiendae
2293 1860 2351 1906 et
2385 1847 2670 1908 ferendae
2703 1849 2887 1931 priori
2919 1866 3162 1911 senten—

543 1953 662 2015 tiae
712 1973 842 2015 non
891 1954 1295 2031 interfuerint,
1342 1969 1449 2015 aut
1496 1968 1655 2014 certe
1704 1951 2102 2013 referentium
2148 1969 2206 2014 et
2249 1953 2757 2016 correferentium
2790 1971 2989 2036 partes
3023 1975 3156 2017 non

547 2059 968 2138 sustinuerint,
1000 2060 1424 2135 revideantur;
1464 2059 1857 2140 liberumque
1888 2058 1962 2120 sit
1982 2059 2143 2120 Suae
2165 2060 2465 2122 Maiestati
2497 2061 2562 2122 in
2583 2063 2782 2123 causis
2803 2063 3164 2141 maioribus,

547 2183 605 2229 et
654 2167 820 2229 unde
870 2167 1173 2229 tumultus
1222 2167 1288 2228 in
1336 2165 1600 2249 Imperio
1651 2166 1856 2226 timeri
1905 2181 2177 2248 possent,
2229 2167 2484 2248 insuper
2526 2168 2711 2229 etiam
2759 2170 3160 2250 quorundam

547 2276 871 2356 utriusque
905 2275 1244 2355 Religionis
1274 2275 1630 2337 Electorum
1675 2288 1733 2335 et
1763 2273 2126 2356 Principum
2170 2274 2500 2336 sententias
2546 2292 2603 2337 et
2645 2293 2787 2338 vota
2834 2276 3162 2358 requirere.

762 2392 792 2453 s
832 2384 928 2463 56.
961 2383 1241 2446 Visitatio
1274 2382 1536 2444 Consilii
1571 2381 1774 2443 Aulici
1806 2380 1911 2442 fiat
1942 2384 2018 2443 ab
2051 2382 2330 2442 Electore
2363 2381 2744 2462 Moguntino
2765 2384 2967 2461 totieS,
2998 2403 3160 2464 quo·

550 2490 661 2552 ties
709 2507 873 2572 opus
906 2490 1105 2566 fuerit,
1143 2490 1475 2551 observatis
1507 2489 1596 2566 iis,
1630 2508 1790 2568 quae
1821 2487 1888 2549 in
1922 2487 2218 2568 proximis
2249 2487 2535 2550 Comitiis
2566 2490 2643 2550 de
2674 2489 2993 2550 communi
3028 2488 3162 2549 Sta-

552 2613 731 2659 tuum
778 2597 1000 2680 placito
1047 2598 1431 2658 observanda
1475 2615 1606 2658 esse
1640 2595 2044 2670 videbuntur;
2109 2594 2160 2655 si
2193 2614 2355 2675 quae
2386 2615 2534 2656 vero
2564 2597 2754 2659 dubia
2787 2598 2944 2658 circa
2975 2597 3163 2658 inter-

553 2703 956 2786 pretationem
1008 2702 1520 2766 constitutionum
1572 2722 1643 2763 ac
1692 2721 2048 2763 recessuum
2095 2700 2337 2784 Imperii
2384 2703 2778 2784 publicorum
2812 2721 3167 2779 occurrunt,

553 2825 656 2871 aut
703 2810 768 2872 in
819 2810 1231 2887 dijudicandis
1280 2811 1478 2872 causis
1523 2809 1944 2871 ecclesiasticis
1989 2810 2084 2871 vel
2130 2810 2392 2892 politicis
2423 2811 2581 2873 inter
2613 2828 2813 2894 partes
2844 2832 3028 2894 supra
3062 2832 3163 2874 ex-

556 2936 794 2998 pressas
827 2917 1217 2995 vertentibus,
1264 2938 1335 2978 ex
1367 2918 1615 3000 paritate
1649 2922 2048 2978 Assessorum
2084 2916 2405 2998 utriusque
2440 2918 2799 3000 Religionis,
2831 2936 3159 3001 postquam

552 3024 618 3085 in
664 3026 850 3107 pleno
900 3024 1082 3084 etiam
1115 3024 1365 3101 Senatu,
1416 3024 1547 3105 pari
1597 3040 1804 3085 tamen
1855 3042 2100 3105 semper
2131 3023 2423 3104 utrinque
2455 3025 2863 3087 iudicantium
2897 3046 3165 3088 numero

553 3132 889 3193 examinata
923 3130 1168 3209 fuerint,
1199 3132 1536 3193 contrariae
1569 3131 1848 3193 oriantur
1866 3130 2219 3208 sententiae,
2237 3130 2573 3192 Catholicis
2593 3133 2849 3214 quidem
2871 3134 2935 3194 in
2956 3153 3166 3210 unam,

554 3243 948 3319 Augustanae
980 3257 1126 3299 vero
1160 3238 1584 3301 Confessionis
1617 3238 2047 3299 Assessoribus
2066 3238 2133 3298 in
2153 3237 2336 3299 aliam
2357 3240 2747 3319 abeuntibus,
2771 3243 3165 3303 remittuntor

552 3348 629 3408 ad
659 3346 929 3408 Comitia
964 3345 1205 3426 Imperii
1239 3345 1620 3407 universalia.
1653 3344 1764 3405 Sin
1798 3361 2005 3406 autem
2038 3345 2167 3406 duo
2206 3346 2486 3427 pluresve
2520 3347 2822 3410 Catholici
2856 3369 3002 3412 cum
3034 3368 3168 3409 uno

552 3470 656 3515 aut
687 3453 878 3513 altero
910 3458 1312 3531 Augustanae
1344 3449 1770 3513 Confessionis
1800 3457 2126 3512 Assessore
2160 3467 2220 3512 et
2252 3452 2517 3514 vicissim
2543 3474 2748 3531 unam,
2784 3455 3000 3536 reliqui
3022 3475 3168 3515 vero

553 3560 807 3622 totidem
859 3579 1143 3638 numero,
1189 3560 1474 3641 quamvis
1518 3558 1816 3637 religione
1865 3560 2153 3640 dispares,
2187 3560 2436 3621 alteram
2470 3561 2732 3643 amplexi
2768 3563 2992 3624 fuerint
3024 3584 3166 3625 sen-

551 3667 825 3747 tentiam,
859 3667 1126 3746 indeque
1159 3668 1548 3730 contrarietas
1581 3667 1832 3745 oriatur‚
1870 3668 1991 3727 hoc
2022 3685 2167 3727 casu
2200 3666 2366 3728 iuxta
2397 3667 2851 3732 ordinationem
2873 3673 3168 3734 Camerae

551 3774 625 3836 lis
668 3774 1112 3851 terminabitur,
1161 3774 1434 3836 ulteriori
1479 3773 1839 3835 remissione
1886 3774 1964 3833 ad
1998 3771 2266 3834 Comitia
2313 3789 2602 3834 cessante.
2665 3775 2740 3836 Et
2773 3778 2922 3838 haec
2953 3778 3168 3839 omnia

553 3882 620 3943 in
652 3881 850 3942 causis
882 3880 1191 3952 Statuum‚
1239 3881 1687 3962 comprehensa
1726 3880 2083 3941 immediata
2115 3878 2358 3959 Imperii
2390 3880 2741 3960 Nobilitate,
2775 3882 2899 3943 sive
2933 3898 3167 3944 actores

553 3988 657 4069 illi,
690 3988 816 4050 sive
849 3988 956 4067 rei,
991 3988 1118 4049 sive
1151 3988 1617 4049 intervenientes
1651 3987 1895 4068 suerint,
1930 3990 2352 4050 observentur.
2408 3987 2472 4048 Si
2505 4008 2651 4050 vero
2683 3990 2840 4053 inter
2870 3991 3168 4052 mediatos

553 4098 650 4159 vel
697 4113 865 4158 actor
896 4096 991 4156 vel
1025 4115 1167 4157 reus
1199 4096 1293 4156 vel
1324 4096 1538 4158 tertius
1569 4095 1983 4157 interveniens
2025 4095 2254 4157 fuerint
2284 4101 2686 4175 Augustanae
2719 4098 3167 4177 Confessionis,

555 4219 613 4265 et
655 4203 972 4287 paritatem
1010 4203 1416 4264 iudicantium
1448 4222 1519 4263 ex
1552 4202 1875 4284 utriusque
1910 4201 2255 4282 Religionis
2287 4204 2724 4266 Assessoribus
2754 4204 3172 4285 postulaverit,

554 4310 959 4372 adhibeantur
991 4328 1182 4390 pares.
1245 4309 1578 4370 Eveniente
1624 4324 1833 4370 autem
1867 4325 2012 4371 tunc
2044 4325 2333 4371 votorum
2368 4311 2637 4393 paritate,
2669 4327 2859 4389 cesset
2889 4313 3171 4374 remissio

554 4418 633 4479 ad
657 4416 945 4495 Comitia,
977 4431 1036 4476 et
1068 4416 1139 4478 lis
1170 4416 1336 4477 iuxta
1368 4416 1823 4477 ordinationem
1842 4416 2141 4477 Camerae
2172 4417 2549 4480 terminetur.
2581 4417 2833 4479 Caetera
2853 4418 2918 4479 in
2941 4419 3166 4481 Aulico

554 4545 683 4587 non
717 4525 926 4586 minus
959 4543 1148 4604 quam
1181 4524 1243 4584 in
1276 4523 1575 4585 Camerae
1607 4524 1943 4605 Imperialis
1976 4523 2228 4602 Iudicio,
2251 4524 2644 4604 Privilegium
2667 4525 2901 4605 primae
2934 4526 3170 4587 instan-

553 4633 692 4712 tiae,
728 4637 1197 4710 Austregarum,
1247 4631 1382 4692 lura
1433 4644 1493 4691 et
1523 4630 1842 4711 Privilegia
1890 4630 1966 4691 de
2014 4650 2144 4692 non
2190 4632 2562 4714 appellando
2609 4631 2879 4694 Statibus
2925 4632 3168 4716 Imperii

553 4738 779 4800 illibata
813 4753 1020 4815 suntO,
1055 4757 1170 4798 nec
1200 4756 1310 4819 per
1341 4737 1628 4798 mandata
1661 4754 1766 4799 aut
1797 4739 2271 4800 commissiones
2292 4756 2397 4801 aut
2415 4739 2803 4800 avocationes
2823 4755 2926 4800 aut
2946 4741 3171 4820 quovis

555 4844 674 4906 alio
724 4843 917 4905 modo
965 4846 1301 4905 turbantor.
1364 4844 1653 4925 Denique
1705 4863 1851 4905 cum
1902 4844 2083 4905 etiam
2134 4845 2210 4907 de
2263 4845 2583 4907 abolendis
2628 4844 2816 4907 Curia
2868 4846 3170 4927 Imperiali

557 4952 879 5030 Rottvilae‚
928 4951 1172 5013 Iudiciis
1217 4951 1697 5033 provincialibus
1731 4953 2029 5014 Suaeviae
2077 4968 2136 5014 et
2181 4953 2311 5014 aliis
2345 4953 2490 5014 hinc
2522 4952 2664 5014 inde
2698 4972 2806 5035 per
2836 4953 3167 5035 Imperium
