3684 5416
482 1513 535 1547 10

480 2046 529 2091 15

471 3114 523 3159 25

469 3649 523 3694 30

465 4189 516 4234 35

461 4718 517 4759 4ο

593 337 695 408 258
1217 339 1482 392 Potestas
1518 337 1899 392 ecclesiastica
1940 351 1996 392 et
2034 336 2333 404 imperium
2374 335 2555 391 civile.

592 538 838 581 necnon
870 520 931 581 S.
967 520 1040 580 R.
1074 521 1142 581 E.
1179 520 1532 596 cardinales,
1580 519 1766 580 etiam
1811 521 1888 580 de
1932 521 2115 581 latere
2147 519 2379 599 legatos
2411 540 2479 581 ac
2511 519 2789 581 eiusdem
2822 520 3000 582 Sedis
3029 541 3198 583 nun-

589 627 725 706 tios,
758 642 817 687 et
846 627 1101 706 quosvis
1132 625 1282 685 alios
1314 644 1714 706 quacumque
1745 626 2103 686 auctoritate
2135 625 2480 705 fungentes,
2517 646 2687 687 nunc
2708 643 2765 687 et
2786 646 2899 707 pro
2917 642 3197 708 tempore

590 733 929 809 existentes,
973 732 1212 793 sublata
1256 732 1343 792 eis
1387 748 1447 793 et
1491 751 1713 793 eorum
1749 731 1999 793 cuilibet
2031 733 2246 813 quavis
2277 733 2451 793 aliter
2481 733 2812 812 iudicandi,
2847 735 3195 796 declarandi

589 854 648 901 et
680 839 1112 920 interpretandi
1147 839 1427 900 facultate
1458 855 1516 899 et
1546 840 1920 915 auctoritate,
1950 858 2198 919 semper
2229 856 2287 900 et
2321 842 2554 921 ubique
2586 841 2837 902 iudicari
2872 856 2931 902 et
2953 841 3195 903 definin·

589 947 832 1020 debere,
860 966 930 1006 ac
962 945 1200 1006 irritum
1232 961 1290 1006 et
1322 945 1523 1021 inane,
1555 946 1602 1005 si
1637 965 1814 1006 secus
1834 965 2022 1026 super
2043 946 2138 1007 his
2159 967 2192 1006 a
2214 965 2556 1026 quoquam,
2580 947 2795 1027 quavis
2816 949 3192 1022 auctoritate,

587 1053 847 1113 scienter
877 1053 974 1113 vel
1006 1052 1379 1130 ignoranter,
1413 1052 1785 1131 contingerit
1817 1052 2114 1130 attentari,
2149 1053 2554 1115 decernimus.

802 1169 831 1229 s
872 1162 928 1222 6.
992 1160 1140 1220 Non
1190 1159 1577 1220 obstantibus
1628 1159 1997 1241 praemissis,
2049 1179 2121 1220 ac
2169 1160 2493 1240 quibusvis
2542 1162 3086 1223 constitutionibus
3134 1179 3197 1224 et

588 1266 1081 1328 ordinationibus
1111 1265 1482 1347 apostolicis,
1516 1281 1643 1326 tam
1672 1265 2061 1346 generalibus
2092 1286 2282 1347 quam
2313 1268 2698 1347 specialibuS,
2735 1268 2915 1329 etiam
2946 1270 3012 1330 in
3044 1289 3195 1332 con-

587 1376 738 1437 ciliis
787 1374 1231 1437 universalibus
1276 1376 1470 1452 editiS,
1517 1393 1592 1452 et,
1628 1393 1940 1456 quatenus
1971 1395 2132 1457 opus
2164 1376 2258 1454 sit,
2294 1392 2499 1437 nostra
2532 1393 2591 1437 et
2621 1376 3014 1438 cancellariae
3044 1397 3192 1458 apo-

588 1484 835 1545 stolicae
870 1481 1079 1562 regula
1113 1484 1188 1543 de
1223 1502 1354 1544 non
1386 1483 1667 1544 tollendo
1701 1482 1834 1543 iure
1868 1483 2167 1563 quaesito,
2216 1499 2273 1543 et
2305 1483 2736 1544 constitutione
2769 1483 2958 1544 felicis
2991 1503 3193 1545 recor-

587 1591 849 1651 dationis
882 1590 970 1651 Pii
1004 1591 1199 1671 Papae
1233 1590 1313 1650 IV
1345 1589 1826 1671 praedecessoris
1861 1590 2055 1651 nostri
2087 1591 2163 1651 de
2194 1591 2402 1669 gratiis
2424 1590 2881 1670 qualecumque
2903 1591 3193 1652 interesse

587 1716 860 1758 camerae
906 1697 1274 1778 apostolicae
1325 1698 1839 1758 concernentibus
1889 1697 2048 1758 infra
2094 1713 2325 1758 certum
2372 1713 2524 1757 tunc
2554 1716 2914 1778 expressum
2944 1713 3191 1781 tempus

587 1805 650 1865 in
698 1805 913 1865 eadem
959 1823 1197 1864 camera
1245 1804 1701 1885 praesentandis
1733 1820 1792 1864 et
1823 1804 2237 1881 registrandis,
2269 1804 2348 1864 ita
2382 1820 2451 1864 ut
2484 1820 2830 1884 praesentes
2860 1805 3037 1865 nullo
3069 1825 3191 1867 un-

586 1931 777 1992 quam
820 1927 1098 1991 tempore
1135 1911 1199 1971 in
1233 1911 1449 1971 eadem
1481 1930 1719 1971 camera
1753 1912 2121 1991 praesentari
2153 1931 2262 1973 seu
2296 1911 2597 1989 registrari
2633 1929 2881 1971 necesse
2913 1911 3007 1989 sit,
3040 1912 3191 1991 legi-

587 2021 701 2079 bus
747 2036 1002 2099 quoque
1048 2017 1466 2098 imperialibus
1511 2033 1571 2078 et
1616 2019 2111 2100 municipalibuS‚
2158 2036 2403 2078 necnon
2435 2017 2774 2097 quibusviS,
2804 2017 2990 2078 etiam
3020 2019 3189 2080 iura-

585 2141 828 2202 mentO,
881 2125 1350 2186 confirmatione
1401 2125 1761 2204 apostolica,
1806 2127 1903 2186 vel
1954 2125 2170 2206 quavis
2221 2124 2503 2185 firmitate
2552 2125 2879 2199 roboratis,
2932 2126 3187 2202 statutiS,

583 2234 797 2295 usibus
843 2249 902 2293 et
947 2232 1521 2308 consuetudinibus,
1554 2232 1736 2292 etiam
1768 2232 2387 2310 immemorabilibuS,
2421 2231 2751 2312 privilegiis
2783 2251 3061 2313 quoque,
3093 2233 3188 2294 in-

584 2341 788 2416 dultis,
817 2339 1323 2401 concessionibus
1357 2356 1415 2400 et
1446 2340 1657 2400 litteris
1690 2339 2060 2421 apostolicis,
2093 2339 2594 2419 quibuscumque
2625 2338 2775 2400 locis
2807 2355 2866 2399 et
2887 2341 3185 2420 personis,

582 2448 767 2508 etiam
797 2447 1118 2527 imperiali,
1153 2446 1359 2526 regali,
1391 2461 1451 2506 et
1481 2445 1597 2506 alia
1632 2447 1868 2526 quaviS,
1902 2447 2027 2507 sive
2061 2445 2460 2507 ecclesiastica
2478 2445 2603 2506 sive
2626 2447 2962 2522 mundana,
2985 2447 3188 2525 digni—

581 2570 698 2614 tate
732 2553 1129 2630 fulgentibus,
1159 2569 1218 2614 et
1236 2553 1381 2613 alias
1401 2553 1877 2633 quomodolibet
1896 2553 2273 2634 qualificatiS,
2292 2573 2361 2614 ac
2378 2553 2708 2634 specialem
2728 2553 3185 2633 expressionem

581 2660 1052 2742 requirentibus,
1100 2659 1282 2721 etiam
1327 2675 1523 2743 motu,
1568 2660 1839 2738 scientia,
1889 2660 2327 2722 deliberatione
2362 2675 2421 2720 et
2452 2660 2767 2740 potestatis
2799 2660 3185 2741 plenitudine

581 2769 898 2844 similibus,
946 2768 1129 2828 etiam
1163 2768 1678 2846 consistorialiter,
1724 2771 1840 2829 sub
1875 2769 2375 2848 quibuscumque
2407 2768 2725 2827 tenoribus
2757 2783 2815 2827 et
2848 2768 3082 2838 formis,
3117 2788 3183 2829 ac

580 2895 724 2937 cum
762 2874 1080 2955 quibusvis
1113 2874 1296 2934 etiam
1330 2873 1860 2953 derogatoriarum
1893 2873 2311 2953 derogatoriis,
2357 2872 2615 2953 aliisque
2650 2872 3093 2935 efficacioribus
3125 2890 3185 2935 et

579 2982 839 3044 insolitis
890 2980 1199 3057 clausuliS,
1252 2996 1310 3041 et
1355 2980 1609 3041 decretis
1654 2980 1834 3040 etiarn
1882 2980 2274 3058 irritantibus,
2324 2996 2384 3040 et
2414 2980 2560 3041 alias
2591 2981 3086 3060 quomodolibet,
3117 2982 3183 3042 in

579 3090 959 3151 contrarium
991 3087 1465 3170 praemissorum
1502 3089 1829 3165 concessu,
1878 3088 2074 3165 editiS,
2110 3088 2297 3166 factis,
2332 3108 2402 3148 ac
2437 3088 2663 3169 pluries
2696 3103 2754 3148 et
2784 3088 3007 3149 iteratis
3037 3089 3182 3150 vici-

579 3200 694 3260 bus
727 3196 1122 3271 confirmatiS,
1157 3195 1510 3276 approbatis
1542 3209 1600 3255 et
1620 3194 1959 3265 innovatis;
1996 3195 2223 3275 quibus
2243 3194 2536 3256 omnibus
2556 3210 2614 3255 et
2634 3194 2910 3273 singulis,
2945 3195 3181 3257 etiamsi

578 3324 693 3384 pro
738 3302 1065 3364 sufficienti
1112 3302 1360 3363 illorum
1409 3302 1807 3381 derogatione
1855 3302 1931 3362 de
1979 3301 2093 3363 illis
2142 3321 2488 3382 eorumque
2517 3301 2663 3362 totis
2693 3302 3012 3364 tenoribus
3044 3321 3183 3383 spe-

576 3411 759 3488 cialis,
789 3408 1085 3491 specifica,
1118 3408 1456 3486 individua,
1490 3428 1559 3469 ac
1591 3409 1667 3469 de
1700 3411 1888 3469 verbo
1923 3409 1999 3469 ad
2032 3411 2311 3485 verbum,
2347 3427 2478 3469 non
2511 3425 2716 3468 autem
2751 3428 2858 3489 per
2881 3408 3183 3471 clausulas

572 3518 889 3597 generales
921 3517 1088 3578 idem
1118 3517 1537 3595 importantes,
1585 3516 1817 3576 mentio
1849 3535 1961 3575 seu
1993 3515 2245 3595 quaevis
2276 3515 2390 3575 alia
2423 3514 2730 3595 expressio
2762 3516 3040 3577 facienda
3073 3531 3178 3576 aut

576 3627 686 3687 alia
739 3625 1041 3706 exquisita
1089 3623 1286 3685 forma
1335 3625 1411 3684 ad
1463 3624 1586 3685 hoc
1632 3625 1931 3684 servanda
1982 3623 2159 3701 foret,
2207 3638 2453 3684 tenores
2499 3623 2882 3699 huiusmodi,
2925 3642 2993 3683 ac
3025 3622 3075 3683 si
3107 3622 3180 3683 de

573 3736 763 3795 verbo
809 3733 887 3793 ad
932 3734 1190 3792 verbum
1235 3731 1444 3792 inserti
1491 3731 1708 3809 forent,
1757 3731 2181 3811 praesentibus
2226 3750 2339 3811 pro
2373 3731 2551 3811 plene
2583 3745 2641 3790 et
2671 3729 3047 3791 sufficienter
3079 3749 3179 3790 ex-

576 3841 799 3922 pressis
831 3855 889 3899 et
919 3838 1155 3900 insertis
1188 3838 1579 3917 formamque
1613 3838 1675 3898 in
1707 3837 1823 3898 illis
1855 3837 2137 3898 traditam
2175 3856 2289 3918 pro
2310 3854 2539 3897 servata
2561 3837 2875 3913 habentes,
2910 3837 2988 3896 ad
3010 3855 3181 3918 prae-

575 3947 908 4007 missorum
959 3945 1245 4006 effectum
1294 3946 1635 4026 specialiter
1679 3961 1737 4005 et
1782 3964 2065 4026 expresse
2111 3944 2503 4023 derogamus,
2552 3963 2619 4004 ac
2654 3944 3020 4021 derogatum
3052 3963 3182 4004 esse

573 4055 901 4127 volumus;
939 4053 1275 4133 ceterisque
1309 4052 1627 4113 contrariis
1660 4051 2183 4132 quibuscumque.

788 4169 817 4229 S
853 4161 912 4220 8.
976 4160 1288 4222 Volumus
1332 4175 1557 4236 autern,
1608 4174 1676 4219 ut
1707 4159 2069 4219 earumdem
2102 4158 2516 4239 praesentium
2546 4156 2966 4238 transumptis,
3000 4156 3181 4218 etiarn

572 4267 902 4348 impressis,
947 4286 1135 4327 manu
1181 4266 1437 4326 alicuius
1484 4265 1702 4327 notarii
1750 4265 1981 4347 publici
2027 4265 2405 4345 subscriptiS,
2452 4280 2510 4325 et
2554 4263 2755 4343 sigillo
2787 4283 3086 4346 personae
3118 4263 3180 4323 in

572 4374 868 4453 dignitate
901 4372 1299 4433 ecclesiastica
1331 4371 1693 4434 constitutae
1727 4372 2003 4449 munitis,
2052 4372 2269 4432 eadem
2303 4390 2524 4454 prosus
2555 4370 2709 4431 fides
2742 4370 2975 4451 ubique
3008 4370 3179 4431 loco-

573 4499 715 4541 rum
762 4495 819 4540 et
863 4480 1144 4559 gentium
1192 4478 1256 4539 in
1289 4478 1519 4539 iudicio
1552 4494 1609 4538 et
1641 4494 1804 4541 extra
1836 4478 2214 4559 adhibeatur,
2247 4499 2406 4559 quae
2437 4478 2584 4560 ipsis
2617 4479 3042 4559 praesentibus
3073 4477 3179 4538 ad-

571 4590 900 4664 hiberetur,
932 4586 982 4647 si
1016 4585 1219 4647 forent
1250 4585 1546 4647 exhibitae
1577 4587 1673 4647 vel
1705 4600 2004 4647 ostensae.

784 4695 1017 4755 Datum
1053 4693 1308 4772 Romae,
1341 4694 1507 4773 apud
1539 4692 1597 4754 S.
1633 4692 1893 4754 Mariam
1930 4691 2253 4771 Maiorem,
2288 4695 2405 4754 sub
2439 4693 2674 4753 annulo
2707 4690 3045 4768 piscatoris,
3079 4690 3176 4750 die

569 4805 684 4865 XX
720 4800 998 4863 nombris
1030 4800 1481 4877 MDCXLVIII,
1514 4801 1913 4882 pontificatus
1944 4801 2138 4861 nostri
2172 4820 2341 4861 anno
2374 4801 2446 4861 V.

786 4907 844 4989 [l.
879 4928 928 4973 c.
960 4929 1096 4990 pag.
1134 4906 1526 4989 603—609.]
