3684 5416
356 1562 408 1595 to

356 2097 405 2140 15

350 3795 407 3839 30

350 4273 407 4319 35

302 4904 409 4945 ‚40

1527 396 1692 452 Curia
1735 415 1997 453 romana.
2971 418 3036 471 52
3051 418 3090 473 3

670 586 700 647 S
734 598 794 645 7.
843 578 1021 641 Alios
1069 599 1213 640 vero
1256 579 1651 642 ecclesiastica
1699 580 1991 660 dignitate
2041 579 2348 660 praeditos
2396 599 2507 662 per
2538 580 2688 642 haec
2721 583 3086 663 Apostolica

459 684 698 766 scripta,
751 705 821 746 ac
866 705 974 767 per
1015 686 1251 748 debitae
1284 688 1674 749 obedientiae
1706 688 2047 760 vinculum,
2082 702 2398 767 statusque
2433 687 2527 747 sui
2560 688 2893 750 sublimem
2929 709 3088 751 con·

460 791 781 870 ditionem,
835 813 958 873 qua
1003 794 1136 855 Deo
1188 794 1412 856 arctius
1461 795 1694 874 religati
1744 794 2028 870 existunt,
2082 793 2544 873 obstringimus,
2595 810 2662 856 ut
2713 795 2808 856 his
2859 797 3094 858 nostris

462 900 784 961 conatibus
829 900 907 961 ad
939 900 1054 961 Dei
1100 901 1368 975 laudem,
1416 901 1557 962 fidei
1601 901 2135 983 propagationem,
2173 900 2447 962 fidelium
2481 903 2987 964 commoditatem
3023 920 3082 965 et

459 1006 722 1067 salutem
753 1007 1050 1084 assistant,
1081 1028 1150 1070 ac
1180 1009 1626 1083 auctoritatem,
1663 1028 1823 1089 quae
1859 1008 2162 1070 Ecclesiae
2198 1008 2588 1070 Praesulibus
2621 1009 2685 1070 in
2720 1011 2884 1071 Beati
2919 1012 3086 1087 Petri

461 1131 725 1194 persona
757 1135 790 1174 a
823 1113 1072 1177 Christo
1107 1115 1380 1178 Domino
1413 1116 1639 1178 credita
1672 1132 1732 1176 et
1762 1115 1979 1177 collata
2012 1115 2148 1190 fuit,
2183 1134 2252 1176 ac
2286 1113 2429 1176 fidei
2463 1115 2819 1177 Catholicae
2851 1119 3076 1180 exalta-

460 1220 696 1281 tionem
743 1237 802 1282 et
846 1238 1275 1302 augmentum,
1328 1241 1517 1306 prout
1562 1243 1633 1285 ex
1682 1242 1903 1285 eorum
1937 1241 2194 1283 munere
2225 1236 2530 1299 tenentur,
2568 1241 2810 1302 nosque
2841 1244 2948 1285 eos
2983 1225 3086 1306 pie

463 1326 729 1390 facturos
778 1347 1116 1409 speramus,
1169 1345 1454 1392 tueantur
1504 1346 1561 1391 et
1611 1329 1978 1403 defendant;
2042 1348 2111 1390 ac
2160 1348 2413 1410 operam
2464 1328 2628 1406 dent,
2675 1330 3088 1411 studiumque·

463 1436 719 1497 demum
763 1454 953 1497 omne
1000 1435 1339 1513 conferant,
1389 1454 1455 1498 ut
1499 1438 1718 1499 eadem
1765 1438 2097 1499 auctoritas
2132 1437 2545 1499 Ecclesiastica
2577 1438 2839 1500 omnino
2875 1440 3077 1501 illaesa

461 1558 875 1620 conservetur,
925 1562 995 1603 ac
1043 1543 1343 1604 Ecclesiae
1381 1544 1493 1605 Dei
1540 1544 1850 1622 ministris,
1899 1564 2085 1626 opem
2118 1562 2174 1605 et
2207 1544 2500 1606 auxilium
2534 1543 2599 1605 in
2632 1545 2930 1607 omnibus
2964 1547 3081 1606 im—

461 1652 751 1733 pendant,
799 1666 859 1711 et
904 1652 981 1711 de
1014 1651 1171 1712 Sede
1205 1650 1580 1732 Apostolica,
1629 1671 1701 1713 ex
1734 1672 1845 1712 sua
1879 1651 2313 1732 majorumque
2349 1672 2610 1713 suorum
2647 1653 2886 1733 pietate,
2921 1654 3089 1714 bene

464 1756 684 1818 mereri
728 1778 857 1819 non
908 1757 1224 1832 desinant;
1277 1777 1586 1819 memores
1620 1778 1682 1819 se
1716 1758 1781 1819 in
1814 1759 2207 1839 susceptione
2241 1758 2595 1840 Imperialis.
2631 1778 2699 1820 ac
2735 1759 2910 1838 Regii
2943 1760 3073 1821 dia-

464 1866 721 1927 dematis
772 1882 828 1926 et
879 1866 1282 1946 Principatus.
1335 1866 1410 1926 ad
1458 1866 1518 1926 id
1568 1885 1711 1946 prae
1757 1867 2007 1927 caeteris
2054 1865 2372 1927 devinctos
2404 1885 2554 1940 esse,
2589 1881 2653 1925 ut
2685 1866 2831 1926 inde
2866 1865 2929 1926 in
2964 1867 3077 1927 bac

466 1973 703 2034 mortali
738 1971 857 2034 vita
890 1972 1303 2050 foelicitatem,
1338 1988 1740 2054 nostramque
1773 1990 1829 2034 et
1851 1973 2023 2034 Sedis
2057 1972 2337 2047 ejusdem
2370 1971 2807 2052 benignitatem
2840 1992 2908 2032 ac
2940 1992 3077 2050 gra-

465 2079 609 2140 tiam
661 2079 910 2141 uberius
962 2081 1198 2142 valeant
1251 2080 1607 2161 promereri,
1657 2098 1795 2161 post
1840 2096 2121 2140 exactum
2173 2099 2317 2140 vero
2366 2078 2640 2139 mortalis
2689 2077 2872 2154 hujus
2918 2080 3073 2139 vitae

465 2187 862 2260 curriculum,
894 2208 926 2247 a
961 2188 1099 2249 Deo
1132 2204 1440 2247 aeternam
1473 2188 1734 2268 gloriam
1768 2204 1826 2248 et
1860 2186 2303 2248 beatitudinem
2339 2202 2817 2266 consequantur.
2883 2184 3084 2260 Quod

464 2293 511 2354 si
545 2312 720 2355 secus
753 2297 828 2354 ab
863 2312 1081 2354 eorum
1115 2293 1345 2375 aliquo,
1367 2295 1541 2374 quod
1578 2294 1833 2356 minime
1856 2294 2185 2371 credimus,
2210 2293 2438 2355 factum
2466 2292 2592 2365 erit,
2615 2292 2880 2355 divinam
2906 2293 3082 2369 iram,

465 2401 663 2462 donec
709 2402 826 2462 sub
873 2401 1105 2482 potenti
1153 2421 1342 2462 manu
1380 2402 1491 2463 Dei
1540 2401 1963 2477 humilientur,
2010 2401 2116 2481 qui
2151 2401 2491 2461 tarditatem
2524 2418 2761 2480 poenae
2794 2399 3088 2482 supplicii

463 2509 780 2570 interdum
811 2508 1099 2587 gravitate
1133 2526 1509 2590 compensat,
1542 2530 1605 2569 se
1640 2509 1898 2570 minime
1932 2508 2201 2588 effugere
2237 2528 2419 2589 posse
2450 2523 2615 2568 certo
2648 2506 2855 2568 sciant.

680 2624 708 2684 s
745 2617 803 2676 8.
859 2614 938 2676 Ut
983 2631 1190 2677 autem
1239 2617 1353 2677 hae
1387 2615 1592 2677 literae
1626 2616 2093 2697 quamprimum
2128 2615 2362 2695 ubique
2392 2614 2678 2676 locorum
2711 2630 2769 2674 et
2799 2614 3088 2693 gentium

466 2723 868 2796 innotescant,
900 2744 1055 2804 quas
1087 2723 1243 2784 inter
1275 2724 1421 2785 alias
1452 2724 1858 2805 Apostolicas,
1895 2739 2341 2805 perpetuasque
2375 2722 2847 2784 constitutiones
2877 2741 3078 2783 annu-

467 2848 797 2909 meramus,
852 2831 981 2893 illas
1033 2830 1295 2913 publicis
1340 2831 1402 2891 in
1447 2831 1601 2892 locis
1648 2834 1725 2893 de
1773 2850 1946 2891 more
1993 2829 2179 2910 affigi,
2232 2848 2570 2909 earumque
2618 2829 2932 2910 exemplis,
2985 2829 3079 2890 vel

467 2937 646 2998 etiam
695 2938 1003 3019 impressis
1053 2937 1255 3018 sigillo
1300 2938 1671 3018 obsignatae,
1718 2937 1977 3013 alicujus
2012 2956 2306 3018 personae
2340 2936 2755 2998 Ecclesiastica
2788 2936 3084 3015 dignitate

467 3045 790 3126 praeditae,
837 3064 906 3105 ac
949 3046 1177 3126 quibus
1212 3046 1502 3106 Notarius
1536 3046 1818 3127 publicus
1851 3044 2293 3126 subscripserit,
2328 3046 2611 3105 eamdem
2644 3044 2830 3105 fidem
2859 3044 3088 3105 habere

382 3171 397 3180 ’
464 3151 777 3229 volumus,
811 3171 969 3231 quae
1004 3152 1098 3212 his
1130 3151 1361 3215 exibitis
1394 3153 1655 3214 maxima
1688 3172 1830 3213 curn
1866 3152 2202 3214 reverentia
2235 3151 2496 3213 omnino
2529 3170 2682 3213 esset
2704 3150 3076 3212 adhibenda.

678 3268 706 3327 S
741 3280 797 3337 9.
848 3258 1018 3320 Nulli
1050 3278 1198 3337 ergo
1231 3259 1494 3321 omnino
1529 3260 1861 3320 hominum
1896 3259 2072 3320 liceat
2105 3274 2216 3319 ete.

683 3364 816 3426 Dat.
843 3365 1077 3426 Romae
1110 3368 1275 3447 apud
1311 3367 1370 3431 S.
1394 3368 1663 3443 Petrum,
1688 3374 1879 3428 Anno
1902 3365 2341 3427 lncarnationis
2367 3366 2728 3428 Dominicae
2751 3366 3086 3428 millesimo

463 3473 967 3553 quingentesimo
1014 3474 1435 3552 octuagesimo
1480 3491 1719 3551 octavo,
1769 3475 2102 3535 undecimo
2151 3473 2408 3535 Calend.
2459 3473 2634 3536 Febr.
2682 3473 2852 3534 Pont.
2889 3473 3085 3534 nostri

464 3585 650 3642 Anno
687 3601 740 3660 3.
805 3578 864 3660 [l.
898 3601 946 3644 c,
979 3602 1114 3662 pag.
1153 3579 1543 3660 667—674.]

1137 3772 1267 3828 210.
1323 3770 1762 3829 GREGORIUS
1800 3771 1934 3826 XV.
1973 3769 2407 3838 (lael—1628).

679 3936 707 3964 ‘
746 3937 1060 3990 Bullart'um
1088 3937 1416 3990 Romanum.
1459 3934 1560 3988 Ed.
1590 3931 1977 3988 TaurinensiS.
2006 3933 2180 3987 Tom.
2209 3932 2325 3986 XII.
2367 3950 2419 4003 p.
2448 3934 2554 4003 690
2581 3949 2699 4003 seq.
2742 3931 3019 4003 Phillip
3039 3950 3090 3995 s,

464 4016 869 4070 Kirchenrecht.
910 4016 1083 4071 Tom.
1115 4015 1205 4069 VI.
1245 4032 1298 4086 p.
1327 4015 1427 4069 662
1459 4031 1579 4085 seq.
1633 4014 1985 4078 Scherer,
2027 4013 2434 4067 Kirchenrecht.
2475 4014 2650 4067 Tom.
2691 4013 2726 4065 1.
2767 4030 2820 4081 p.
2852 4013 2971 4083 516.
3011 4013 3086 4067 O.

464 4096 726 4169 Mejer,
779 4099 886 4150 Die
937 4097 1331 4166 Propaganda,
1384 4095 1505 4149 ihre
1543 4096 1835 4166 Provinzen
1889 4096 2006 4147 und
2055 4094 2145 4147 ilzr
2180 4094 2364 4149 Reclzt.
2419 4092 2653 4163 Leipzig
2703 4092 2848 4162 1852.
2914 4093 2973 4145 P.
3003 4093 3078 4146 Μ.

466 4178 613 4232 Bau
634 4195 689 4231 m
709 4194 792 4242 ga
811 4190 974 4231 rten
994 4217 1007 4240 ,
1045 4178 1152 4229 Die
1188 4175 1384 4245 heilige
1421 4177 1830 4245 Kongregation
1872 4192 1968 4245 {ur
1996 4176 2359 4241 Verbret'tung
2391 4175 2488 4226 des
2520 4174 2806 4225 Glaubens
2845 4174 2961 4224 und
2995 4173 3089 4226 ihr

470 4259 666 4312 Gebiet
698 4258 1001 4323 (Katlzolik,
1046 4255 1194 4327 1899.
1236 4256 1271 4309 1.
1314 4273 1367 4325 p.
1410 4274 1514 4326 250
1553 4260 1702 4326 seq.)
1768 4254 2067 4326 Pieper,
2121 4258 2235 4308 Die·
2267 4256 2594 4322 Grundung
2631 4256 2743 4307 und
2774 4258 2921 4307 ers-te
2958 4255 3083 4306 Ein-

466 4339 726 4409 riclttung
773 4340 873 4392 der
909 4339 1718 4407 Propagantla-Kongregation
1770 4339 1969 4401 (Akten
2007 4337 2104 4389 des
2153 4337 2207 4389 V.
2249 4337 2706 4389 internationalen
2747 4338 3087 4405 Kongresses

464 4429 611 4482 kath.
654 4428 953 4483 Gelelzrten
997 4446 1056 4498 {u
1094 4426 1389 4479 Mt'c‘nchen.
1440 4443 1586 4495 ¹900·
1628 4442 1680 4496 p.
1724 4443 1825 4497 3¹9
1867 4429 2014 4496 seq.)

757 4567 1078 4629 Erectio
1127 4564 1822 4645 Congregationis
1872 4566 1960 4624 de
2008 4563 2536 4644 Propaganda
2588 4562 2796 4623 Fide.

502 4730 853 4811 Gregorius
886 4729 1053 4811 Papa
1087 4726 1154 4788 X
1168 4727 1251 4801 V.,
1284 4747 1492 4787 servus
1525 4747 1836 4786 servorum
1871 4725 2020 4798 Dei,
2053 4725 2138 4784 ad
2151 4730 2510 4805 perpetuam
2546 4727 2641 4783 rei
2669 4726 3038 4783 memoriam.

680 4871 1055 4934 lnscrutabili
1104 4871 1345 4932 divinae
1393 4867 1811 4951 providentiae
1852 4886 2073 4928 arcano
2106 4867 2184 4926 ad
2217 4866 2444 4928 Christi
2481 4866 2781 4927 Ecclesiae
2817 4867 3086 4946 regenda

468 4980 904 5059 gubernacula,
942 4978 1126 5040 nullis
1159 4977 1382 5040 nostris
1415 4975 1665 5051 meritis,
1702 4996 1735 5036 a
1771 4974 2003 5055 Spiritu
2026 4974 2252 5036 Sancto
2274 4973 2490 5051 vocati,
2516 4973 2871 5055 praecipuas
2893 4972 3088 5034 nostri
