3684 5416
608 1083 630 1127 5

698 344 797 416 176
1317 348 1583 404 Potestas
1620 347 2014 404 Ecclesiastica
2054 361 2109 404 et
2146 349 2446 422 imperium
2483 351 2663 412 civile.

768 584 931 647 LIlll.
997 586 1095 648 Ut
1141 584 1328 646 laici
1375 587 1814 649 aecclesias
1848 589 2077 650 nullo
2123 591 2358 651 modo
2406 591 2795 654 investire
2844 592 3209 655 audeant.

905 744 1012 825 [Ex
1058 746 1323 809 concilio
1357 749 1544 809 sancti
1577 749 1858 829 Gregorii
1885 746 2019 811 Vn.
2045 750 2278 833 papae.]
2298 752 2339 828 ¹)
2374 752 2687 831 Quoniam
2722 755 3121 814 investituras
3150 775 3291 814 aec-

687 853 1015 914 clesiarum
1047 861 1264 916 contra
1293 862 1523 916 statuta
1556 864 1909 918 sanctorum
1934 865 2183 940 patrum
2216 881 2253 919 a
2286 859 2470 920 laicis
2490 862 2784 940 personis
2815 861 2879 920 in
2913 859 3123 920 multis
3134 869 3290 941 par-

688 959 851 1021 tibus
896 965 1288 1041 cognovimus
1314 964 1481 1038 fieri
1520 970 1582 1023 et
1622 985 1695 1023 ex
1737 985 1804 1025 eo
1836 965 2153 1046 plurimas
2196 966 2529 1027 seditiones
2574 969 2638 1027 in
2686 967 2984 1028 aecclesia
3014 969 3193 1040 oriri,
3221 987 3292 1026 ex

685 1066 905 1148 quibus
955 1067 1299 1128 christiana
1346 1069 1568 1149 religio
1616 1070 2036 1145 conculcatur,
2087 1071 2503 1146 decernimuS,
2554 1080 2624 1133 ut
2670 1073 2881 1135 nullus
2930 1074 3286 1135 clericorum

685 1177 1110 1238 investituram
1161 1180 1542 1259 episcopatus
1593 1179 1690 1238 vel
1730 1179 2013 1241 abbatiae
2058 1180 2160 1240 vel
2201 1181 2533 1242 aecclesiae
2579 1183 2654 1243 de
2685 1202 2868 1243 manu
2903 1185 3290 1264 imperatoris

683 1282 781 1342 vel
822 1286 991 1363 regis
1030 1284 1130 1344 vel
1155 1284 1421 1345 alicuius
1455 1285 1650 1345 laicae
1681 1295 2010 1367 personae,
2056 1289 2183 1347 viri
2209 1287 2308 1347 vel
2314 1291 2598 1366 feminae
2627 1293 2943 1371 suscipiat.
3018 1291 3207 1370 Quod
3230 1292 3292 1351 si

670 1394 1187 1473 praesumpserit,
1219 1400 1617 1473 recognoscat
1645 1396 2069 1454 investituram
2103 1394 2277 1455 illam
2299 1396 2633 1474 apostolica
2654 1401 3020 1459 auctoritate
3040 1400 3279 1459 irritam

684 1519 837 1572 esse,
883 1506 944 1559 et
986 1520 1050 1559 se
1098 1520 1287 1579 usque
1333 1501 1421 1560 ad
1463 1502 1715 1581 dignam
1760 1504 2245 1579 satisfactionem
2292 1505 2907 1565 excommunicationi
2947 1504 3274 1565 subiacere.

582 1626 631 1657 ιο
685 1600 741 1681 [l.
778 1623 826 1665 c,
859 1603 921 1664 11.
954 1623 1089 1684 pag.
1130 1602 1289 1683 590·]

578 2338 622 2381 ι5

569 2876 622 2907 20

565 3415 615 3459 25

562 3950 615 3994 30

561 4484 609 4527 35

864 1845 987 1906 LV.
1053 1845 1260 1920 Quia
1307 1865 1542 1925 grave
1588 1845 1855 1905 scelus
1903 1861 2019 1906 est
2065 1846 2318 1907 laicos
2366 1846 2653 1908 baculo
2701 1847 2821 1908 vel
2869 1850 3111 1910 anulo

1484 1942 1925 2004 aecclesias
1974 1944 2379 2007 investire.

895 2095 1222 2170 Quantum
1254 2095 1423 2157 nefas
1456 2097 1575 2157 hoc
1607 2096 1701 2172 sit,
1737 2095 1919 2157 etiam
1941 2117 1974 2156 a
1996 2096 2228 2157 minori
2259 2097 2522 2179 exempli
2542 2097 2731 2176 gratia
2752 2098 3091 2161 videamus.
3126 2101 3282 2177 Quis

680 2203 849 2263 enim
884 2222 1166 2284 unquam
1202 2201 1404 2282 ferret,
1456 2202 1507 2264 si
1537 2201 1760 2282 aliquis
1792 2217 1933 2262 ante
1968 2202 2399 2283 presbiterium
2433 2204 2527 2263 vel
2560 2218 2701 2284 post
2733 2204 2808 2264 de
2842 2208 3029 2267 rebus
3060 2209 3280 2268 aeccle-

678 2311 821 2387 siae,
866 2330 1028 2390 quae
1074 2329 1180 2390 per
1226 2311 1513 2371 ordinem
1560 2308 1894 2391 presbiterii
1930 2328 2258 2389 procurare
2293 2310 2491 2387 debet,
2523 2311 2597 2370 ab
2631 2310 2845 2391 aliquo
2878 2333 2986 2393 per
3019 2316 3281 2375 casulam

679 2438 787 2479 seu
833 2417 1055 2478 stolam
1086 2436 1150 2477 se
1183 2416 1448 2477 investiri
1482 2417 1817 2496 deligeret?
1881 2415 2040 2491 Quis
2074 2434 2204 2476 non
2237 2435 2382 2477 eum
2417 2415 2707 2477 insanum
2742 2417 2837 2478 vel
2868 2418 2919 2480 si
2952 2419 3275 2481 defendere

677 2526 853 2589 vellet
884 2545 1023 2587 vere
1056 2525 1394 2587 hereticum
1425 2526 1896 2607 pronunciaret?
1930 2525 2003 2585 Et
2035 2525 2359 2605 quomodo
2394 2525 2514 2586 hoc
2546 2525 2871 2586 ferendum
2906 2543 2995 2588 est
3026 2527 3092 2588 in
3123 2527 3276 2608 epis-

677 2652 836 2715 copo
869 2633 964 2693 vel
996 2634 1230 2710 abbate,
1261 2632 1310 2694 si
1344 2631 1407 2693 in
1443 2632 1779 2715 presbitero
1813 2651 1926 2714 pro
1959 2630 2234 2693 inaudito
2267 2646 2439 2692 antea
2473 2631 2729 2693 crimine
2764 2633 3125 2715 puniretur?
3157 2633 3273 2694 Sed

678 2740 929 2801 fortasse
976 2738 1165 2820 aliqui
1201 2754 1345 2801 sunt
1376 2739 1486 2819 qui
1519 2739 1725 2800 dicant
1757 2757 1889 2800 non
1922 2739 2252 2800 convenire
2284 2739 2414 2815 ista,
2445 2739 2555 2819 qui
2586 2738 2687 2799 illa
2719 2756 2945 2802 sacrata
2976 2757 3139 2819 sunt,
3174 2745 3273 2801 ba-

676 2848 853 2908 culus
902 2866 1049 2908 vero
1100 2862 1159 2907 et
1207 2846 1436 2908 anulus
1486 2864 1902 2927 nequaquam.
1967 2845 2161 2921 Quod
2211 2864 2343 2907 non
2388 2866 2452 2908 se
2500 2848 2657 2907 bene
2702 2846 2903 2909 dicere
2949 2848 3278 2927 dignentur

674 2955 1001 3015 attendere.
1065 2954 1366 3015 Presbiter
1413 2973 1684 3034 namque
1731 2972 1875 3014 cum
1922 2953 2263 3031 ordinatur,
2311 2954 2581 3014 casulam
2626 2970 2682 3014 et
2728 2954 2946 3015 stolam
2981 2955 3057 3015 de
3090 2975 3276 3016 manu

673 3060 945 3142 episcopi
987 3060 1203 3141 accipit
1234 3077 1292 3121 et
1322 3060 1387 3121 in
1421 3060 1818 3121 exterioribus
1851 3058 2041 3138 signis
2076 3059 2569 3121 benedictionem
2605 3060 2938 3143 presbiterii
2973 3082 3035 3123 se
3071 3080 3278 3143 perce-

674 3168 835 3248 pisse
884 3167 1180 3247 designat.
1243 3166 1589 3248 Episcopus
1637 3166 1841 3241 etiam,
1890 3186 2034 3228 cum
2081 3167 2479 3246 benedicitur,
2529 3168 2817 3230 baculum
2853 3169 2930 3229 de
2962 3189 3150 3231 manu
3183 3189 3276 3230 ar-

670 3274 1046 3356 chiepiscopi
1092 3273 1325 3355 accipit,
1368 3274 1557 3335 simul
1601 3289 1660 3335 et
1691 3274 1969 3335 anulum.
2031 3274 2335 3334 Baculum
2370 3274 2646 3355 quidem,
2680 3291 2745 3336 ut
2776 3277 2935 3337 bene
2969 3277 3274 3360 populum

670 3397 854 3461 regat,
908 3381 1167 3442 anulum
1219 3400 1385 3458 vern,
1438 3396 1507 3442 ut
1555 3380 1807 3460 signum
1853 3382 2084 3442 aeterni
2134 3380 2383 3441 misterii
2429 3401 2493 3441 se
2540 3382 2877 3463 percepisse
2926 3399 3277 3463 cognoscat.

670 3488 849 3564 Quae
897 3504 1155 3569 utraque
1202 3508 1274 3549 ex
1319 3487 1644 3568 euangelio
1693 3503 1939 3568 sumpta
1984 3488 2442 3568 cognoscimus.
2506 3489 2806 3549 Baculum
2839 3489 3005 3551 enim
3038 3491 3277 3571 praedi-

669 3614 902 3658 catores
936 3597 1248 3659 Dominus
1294 3597 1448 3657 ferre
1495 3596 1817 3678 praecepit,
1866 3595 1990 3673 ubi,
2025 3596 2203 3658 sicuti
2236 3599 2449 3658 beatus
2482 3613 2648 3679 pater
2680 3596 3068 3675 Augustinus
3099 3596 3275 3659 intel-

670 3705 832 3785 legit,
869 3706 1141 3767 subsidia
1174 3704 1533 3785 temporalia
1567 3703 1652 3764 eis
1683 3724 1755 3765 ex
1787 3704 1915 3785 ipsa
1950 3703 2400 3784 praedicatione
2434 3703 2638 3766 deberi
2674 3704 3048 3765 monstravit.
3094 3703 3275 3766 Unde

669 3828 725 3873 et
772 3831 889 3874 nos
935 3812 1283 3892 intellegere
1329 3812 1501 3873 decet
1547 3811 1689 3873 ideo
1723 3811 2072 3872 institutum
2109 3812 2435 3892 episcopos
2467 3811 2562 3871 vel
2594 3811 2840 3871 abbates
2873 3810 3163 3872 baculum
3197 3812 3272 3872 de

668 3937 858 3980 manu
922 3920 1211 4001 episcopi,
1274 3939 1418 3980 cum
1480 3936 1934 3998 consecrantur,
1988 3919 2274 4000 accipere,
2327 3933 2394 3979 ut
2445 3918 2731 3980 noverint
2780 3938 2844 3980 se
2892 3934 3271 3980 terrenarum

666 4043 890 4103 rerum,
937 4046 1094 4106 quae
1141 4026 1428 4089 aecclesia
1476 4025 1765 4107 possidet,
1813 4026 1890 4086 de
1935 4045 2126 4087 manu
2162 4025 2419 4087 Domini
2463 4025 2749 4086 veraciter
2792 4040 2942 4086 tunc
2974 4025 3273 4107 accepisse

667 4135 1036 4197 dominium.
1098 4135 1165 4196 ln
1210 4136 1402 4196 anulo
1451 4153 1597 4195 vero
1644 4134 1986 4195 misterium
2032 4133 2471 4195 sacratissimae
2519 4133 2997 4211 coniunctionis,
3044 4134 3268 4197 Christi

666 4241 945 4303 videlicet
977 4258 1035 4302 et
1066 4242 1199 4303 eius
1229 4240 1573 4318 aecclesiae,
1608 4240 1913 4320 designari
1945 4241 2350 4302 certissimum
2387 4257 2494 4305 est.
2529 4241 2708 4316 Quae
2729 4241 2870 4302 ideo
2894 4240 2958 4301 in
2979 4242 3268 4324 episcopo

667 4349 1069 4425 celebrantur,
1101 4348 1245 4429 quia
1284 4346 1497 4429 [quasi]
1532 4348 1659 4409 vice
1692 4347 1920 4409 Christi
1955 4349 2277 4410 aecclesiae
2311 4363 2555 4409 sanctae
2587 4348 3007 4430 coniungitur.
3059 4349 3266 4425 Quam

668 4475 924 4536 pravum
973 4456 1180 4536 itaque
1225 4455 1300 4516 sit
1346 4475 1663 4537 quamque
1699 4474 2056 4537 perversum
2090 4457 2238 4517 haec
2270 4457 2344 4517 de
2377 4475 2570 4517 manu
2602 4455 2988 4537 imperatoris
3019 4476 3127 4516 seu
3158 4456 3262 4517 ali-

664 4561 840 4623 cuius
874 4563 1182 4624 humanae
1213 4563 1524 4643 potestatis
1554 4579 1693 4625 ante
1725 4563 2255 4624 consecrationem
2286 4563 2383 4623 vel
2415 4579 2624 4645 postea
2645 4563 2799 4624 velle
2819 4563 3093 4645 accipere
3116 4582 3261 4625 con-

663 4669 1060 4731 siderandum
1080 4685 1171 4731 est
1190 4685 1248 4731 et
1267 4690 1301 4731 a
1320 4686 1518 4732 tantae
1539 4670 1852 4751 inquitatis
1873 4670 2316 4752 perpetratione
2338 4671 2720 4732 cessandum.
2756 4668 2811 4751 [1.
2829 4691 2877 4732 c.
2892 4670 2955 4732 11.
2980 4667 3259 4750 590-91.]

884 4844 927 4909 ¹)
985 4842 1166 4899 Cone.
1211 4842 1538 4898 Romanum
1583 4860 1631 4899 a.
1681 4843 1830 4915 1078,
1876 4843 2025 4897 Nov.
2077 4860 2138 4914 19
2176 4842 2453 4898 habitum.
2522 4842 2550 4897 J
2566 4840 2645 4896 af
2654 4840 2746 4907 fe‘,
2798 4843 3115 4895 Bibliotheca
3152 4859 3262 4896 rer.

654 4952 910 5004 german.
953 4934 1013 4989 11.
1041 4951 1096 5006 p.
1124 4952 1241 5007 332.
