3684 5416
597 1012 619 1057 5

577 1652 627 1684 to

576 2166 624 2211 ¹5

576 2701 628 2734 20

581 3234 630 3278 ²5

581 3768 634 3813 30

583 4448 635 4494 35

583 4983 637 5023 40

673 382 780 435 610
1399 378 1606 434 Vicarii
1647 392 1701 434 et
1741 378 2104 435 coadiutores
2143 377 2575 449 episcoporum.

675 564 964 626 ecclesiae
996 586 1143 625 suae
1172 564 1513 626 salubriter
1577 563 1920 645 providere,
1942 566 2341 640 fraternitati
2369 570 2509 624 tuae
2540 564 2747 624 taliter
2779 564 3208 646 respondemus
3241 573 3304 624 et

663 681 787 753 per
818 672 1152 752 apostolica
1184 674 1421 752 scripta
1455 671 1847 746 mandamus,
1883 688 2192 750 quatenus
2226 671 2312 731 illi
2344 654 2768 732 coadiutorem
2800 670 3061 732 associes
3094 671 3299 731 virum

677 779 1008 860 providum
1055 793 1114 839 et
1162 779 1515 855 honestum,
1568 796 1677 859 per
1723 796 1915 857 quem
1962 794 2085 838 tam
2133 778 2427 859 episcopo
2474 798 2665 858 quam
2700 777 2941 859 populo
2974 776 3100 837 sibi
3127 797 3299 837 com-

677 888 861 947 misso
894 885 1120 946 utiliter
1150 884 1524 945 consulatur.
1556 881 1734 962 [Dat.
1768 883 1939 946 Rom.
1982 894 2078 966 ap.
2111 886 2178 946 S.
2210 884 2380 945 Petr.
2401 886 2445 945 I
2454 885 2510 946 V.
2543 885 2698 945 Non.
2731 884 2884 945 Dec.
2908 884 3077 945 Pont.
3110 892 3301 946 nostr.

676 994 786 1053 Ao.
839 992 965 1053 VII.
1009 988 1215 1070 ¹204]-

1364 1170 1492 1225 254.
1548 1170 1995 1227 GREGORIUS
2036 1172 2150 1226 lx.
2190 1170 2626 1241 (1227—1241).

679 1296 1103 1369 Gregorius
1143 1296 1247 1351 IX.
1290 1294 1911 1366 Archiepiscopo
1954 1296 2407 1367 colocensi,
2444 1296 2517 1350 in
2556 1313 2603 1351 c.
2653 1297 2729 1350 16.
2771 1296 2838 1350 X.
2879 1297 2947 1350 de
2986 1299 3304 1350 maioritate

1677 1384 1731 1431 et
1766 1379 2081 1432 obedientia.
2121 1378 2159 1431 I.
2201 1395 2283 1450 33.

894 1503 922 1532 ⁶
962 1503 1123 1573 Corp.
1153 1504 1259 1556 iur.
1286 1520 1408 1555 can.
1436 1501 1525 1555 ed.
1565 1501 1608 1555 F
1626 1499 1682 1555 ri
1700 1517 1731 1555 e
1750 1501 1785 1554 d
1805 1502 1839 1555 b
1860 1517 1891 1555 e
1909 1518 2003 1570 rg.
2044 1501 2218 1556 Tom.
2247 1501 2309 1555 11.
2339 1500 2449 1555 col.
2479 1519 2599 1556 202.
2652 1502 2697 1555 Ρ
2718 1519 2754 1556 o
2776 1501 2979 1556 tthas
2998 1514 3035 1556 t.
3063 1518 3117 1555 n.
3144 1500 3302 1573 8399.

729 1628 790 1682 Si
817 1626 1054 1682 ecclesia
1081 1625 1184 1681 sita
1211 1625 1268 1681 in
1295 1624 1490 1699 aliquo
1517 1624 1986 1680 archidiaconatu
2018 1624 2253 1696 erigitur
2277 1624 2333 1679 in
2363 1626 2772 1689 cathedralem,
2799 1644 2831 1681 a
2859 1625 3249 1681 iurisdictione

1588 1704 2088 1759 archidiaconatus
2116 1703 2394 1758 eximitur.

895 1809 1115 1885 Quum
1168 1807 1416 1869 inferior
1460 1808 1850 1888 superiorem
1898 1806 2134 1868 solvere
2184 1824 2455 1887 nequeat
2513 1808 2606 1869 vel
2640 1809 2850 1891 ligare,
2885 1809 2992 1870 sed
3023 1809 3303 1890 superior

685 1917 1037 1979 inferiorem
1088 1915 1235 1997 liget
1269 1914 1622 1995 regulariter
1669 1930 1725 1974 et
1758 1914 2054 1987 absolvat,
2106 1930 2163 1974 et
2196 1914 2339 1975 satis
2374 1912 2721 1996 [indignum
2756 1913 2836 1995 et]
2869 1919 3178 1978 absonum
3212 1917 3301 1976 vi-

682 2025 916 2101 deatur,
963 2037 1033 2082 ut
1068 2019 1286 2101 [maior
1319 2020 1603 2081 subditus
1637 2024 1723 2081 sit
1751 2022 1986 2081 minori
2013 2018 2092 2099 et]
2129 2019 2291 2082 filius
2341 2036 2704 2101 potestatem
2740 2022 2960 2083 habeat
2990 2021 3052 2083 in
3086 2042 3301 2103 paren-

683 2148 825 2207 tem,
871 2128 1170 2189 miramur
1202 2126 1341 2207 [non
1377 2129 1681 2188 modicum
1714 2134 1775 2187 et
1803 2124 2151 2206 movemur],
2203 2128 2375 2207 quod
2410 2147 2606 2207 quum
2643 2142 2709 2189 tu
2744 2128 3190 2190 monasterium
3224 2130 3297 2189 de

682 2237 896 2298 Cbeur
946 2234 1351 2297 constitutum
1403 2233 1464 2295 in
1519 2232 1841 2294 Firmiensi
1895 2234 2393 2295 archidiaconatu
2443 2250 2584 2295 tuae
2636 2235 2931 2296 dioecesis
2980 2235 3299 2297 ecclesiam

682 2342 941 2405 erexeris
988 2340 1418 2418 cathedralem,
1455 2338 1886 2419 [venerabilem
1900 2343 2178 2418 fratrem
2212 2348 2483 2401 nostrum
2517 2343 2920 2402 Sirmiensem
2953 2345 3299 2424 episcopum

682 2452 767 2512 ad
808 2450 1053 2511 titulum
1105 2450 1304 2531 ipsius
1350 2446 1643 2507 ecclesiae
1689 2449 1755 2506 in
1806 2449 2151 2528 episcopum
2185 2445 2640 2526 consecrando}‚
2675 2448 3137 2510 archidiaconus
3171 2449 3300 2510 Fir-

684 2556 981 2619 minensis
1014 2555 1077 2617 in
1109 2570 1341 2615 tantam
1378 2553 1660 2634 prorupit
1693 2553 2048 2614 temeritatis
2079 2554 2420 2632 audaciam,
2457 2570 2525 2614 ut
2554 2554 2617 2615 in
2649 2555 3013 2637 episcopum
3048 2556 3129 2616 ibi
3150 2574 3297 2617 con-

682 2679 985 2727 secratum
1035 2679 1093 2724 et
1142 2660 1459 2724 ecclesiam
1506 2679 1686 2722 suam
1734 2660 2224 2723 iurisdictionem
2279 2680 2555 2723 exercere
2608 2679 2977 2743 praesumat.
3062 2661 3298 2743 [Quare

686 2775 845 2834 idem
888 2775 1206 2853 episcopus
1251 2769 1430 2830 nobis
1461 2769 1782 2829 humiliter
1814 2770 2189 2850 supplicavit
2218 2776 2287 2828 ut
2315 2789 2496 2849 quum
2531 2770 2733 2829 eodem
2766 2769 3203 2831 archidiacono
3235 2772 3298 2830 in

684 2883 885 2960 ipsum
919 2885 978 2939 et
1006 2881 1234 2939 dictam
1256 2877 1576 2937 ecclesiam
1600 2876 2098 2936 iurisdictionem
2119 2875 2475 2936 huiusmodi
2490 2882 2823 2950 exercente,
2847 2879 2976 2957 ipse
3007 2879 3071 2937 in
3093 2878 3297 2937 eadem

685 2987 942 3046 ecclesia
974 2987 1289 3065 episcopus
1320 2983 1801 3064 quoddammodo
1833 3003 1954 3042 non
1988 2985 2235 3056 existat,
2255 2984 2588 3063 provideri
2613 2982 2743 3043 sibi
2768 2992 2955 3064 super
2984 2982 3097 3043 hoc
3128 2984 3301 3044 salu-

687 3092 883 3152 briter
903 3091 1319 3170 dignaremur.
1365 3090 1491 3150 Nos
1523 3091 1720 3169 egitur
1752 3090 2021 3149 eiusdem
2056 3091 2330 3170 episcopi
2357 3096 2418 3149 et
2445 3090 2739 3151 ecclesiae
2755 3095 3022 3171 paterno
3054 3100 3301 3171 compa-

688 3201 903 3259 tientes
934 3198 1184 3278 affectu,
1219 3199 1383 3278 ipsos
1414 3217 1548 3256 cum
1582 3196 1863 3256 omnibus
1898 3196 2140 3256 iuribus
2171 3203 2232 3256 et
2245 3198 2653 3278 pertinentiis
2673 3198 3023 3271 eorundem,
3050 3220 3087 3258 a
3108 3199 3302 3258 iuris·

688 3306 956 3366 dictione
1003 3305 1199 3384 ipsius
1245 3303 1676 3364 archidiaconi
1691 3306 1949 3384 penitus
1979 3301 2327 3382 eximentes]
2365 3304 2752 3381 Mandamus,
2786 3320 3094 3385 quatenus
3128 3324 3302 3386 prae-

689 3414 812 3473 fato
845 3412 1280 3473 archidiacono
1317 3408 1410 3489 [ne
1442 3413 1505 3470 in
1540 3413 1629 3470 eis
1663 3411 2149 3470 iurisdictionem
2184 3410 2454 3490 aliquam
2489 3410 2563 3470 de
2594 3417 2791 3470 cetero
2813 3432 3093 3471 exercere
3117 3421 3302 3493 prae-

687 3525 904 3593 sumat,
955 3540 1028 3580 ex
1062 3526 1250 3600 parte
1298 3525 1512 3579 nostra
1563 3518 1848 3577 districte
1897 3518 2141 3577 studeas
2193 3514 2511 3595 inlu'bere],
2564 3536 2597 3576 a
2653 3517 2832 3579 cuius
2885 3517 3303 3579 iurisdictione

688 3626 921 3687 dictum
970 3627 1332 3707 episcopum
1379 3624 1831 3686 denunciamus
1879 3639 2253 3703 exemptum,
2303 3623 2364 3683 id
2413 3622 2679 3684 districte
2729 3624 2975 3685 studeas
3010 3625 3305 3696 inhibere,

690 3736 959 3815 provisio
1011 3731 1390 3817 [prudenter]
1446 3748 1531 3807 ut,
1582 3732 1630 3791 si
1679 3751 1751 3791 ex
1788 3731 1908 3791 hoc
1942 3731 2356 3792 archidiaconi
2393 3731 2749 3793 Firmiensis
2783 3731 2916 3793 iura
2952 3731 3304 3808 laeduntur,

690 3843 753 3902 in
787 3841 1051 3903 dioecesi
1084 3856 1207 3916 tua,
1243 3840 1347 3901 ubi
1381 3839 1665 3920 expedire
1701 3838 1939 3915 videriS,
1972 3840 2206 3917 absque
2254 3837 2435 3898 alieni
2469 3837 2614 3899 iuris
2649 3838 3033 3919 praeiudicio
3069 3858 3304 3899 recom-

689 3948 1115 4029 pensationem
1168 3948 1250 4008 illi
1299 3947 1478 4008 facias
1526 3960 1992 4024 congruentem.
2058 3943 2592 4023 [Contradictores
2627 3952 2735 4007 etc.
2769 3945 2918 4006 Dat.
2952 3946 3126 4008 Reat.
3162 3945 3305 4007 XII.

688 4054 831 4115 Kal.
866 4055 1067 4137 April.
1103 4075 1191 4114 ao.
1240 4055 1296 4114 V.
1336 4051 1546 4132 1232}

1328 4279 1456 4334 255.
1514 4277 1976 4333 BONIFATIUS
2015 4277 2188 4333 v111.
2228 4276 2667 4346 (1294-1303).

923 4426 985 4490 a)
1042 4421 1493 4476 Bonifacius
1535 4421 1735 4483 V111.‚
1776 4419 1844 4474 in
1886 4437 1933 4475 c.
1975 4439 2024 4475 2.
2063 4420 2134 4474 in
2175 4420 2292 4475 VI0.
2331 4422 2398 4473 dc
2435 4422 2628 4491 officio
2663 4422 2868 4474 m‘carii.
2909 4420 2946 4473 I.
2993 4437 3070 4492 ¹3·

905 4549 931 4576 ⁶
989 4548 1202 4617 Corpus
1239 4549 1344 4600 iur.
1382 4565 1502 4600 can.
1544 4545 1632 4599 ed.
1673 4545 2110 4615 Friedberg.
2151 4545 2328 4598 Tom.
2366 4545 2428 4599 11.
2468 4544 2576 4599 col.
2616 4544 2739 4617 978.

727 4676 811 4728 Ex
839 4673 1087 4745 generali
1115 4672 1524 4727 commissione
1552 4689 1671 4726 non
1700 4683 1894 4743 potest
1921 4668 2178 4725 officialis
2208 4669 2513 4741 inquirere,
2542 4670 2847 4740 corrigere,
2877 4671 3188 4741 deponere,
3215 4682 3271 4724 et

1320 4751 1520 4824 punire
1548 4753 1916 4807 subditorum
1944 4768 2228 4805 excessus.
2281 4752 2477 4805 Ioann.
2506 4751 2684 4806 Andr.

904 4850 1072 4911 Licet
1105 4848 1167 4908 in
1201 4847 1527 4910 officialem
1564 4847 1841 4927 episcopi
1878 4867 1985 4927 per
2017 4846 2525 4907 commissionem
2558 4845 2766 4923 officii,
2796 4845 3161 4924 generaliter
3192 4844 3304 4906 sibi

693 4956 926 5034 factam,
974 4975 1296 5017 causarum
1350 4955 1624 5034 cognitio
1672 4954 2087 5022 transferatur,
2125 4968 2484 5034 potestatem
2519 4969 2727 5014 tamen
2761 4951 3135 5032 inquirendi,
3170 4971 3313 5014 cor-
