3684 5416
346 1011 367 1053 5

322 1543 369 1573 10

323 2079 367 2120 ¹5

321 2721 371 2751 27

320 3255 369 3298 ³5

322 3789 373 3831 30

323 4326 370 4368 35

1384 371 1639 428 Ecclesia
1670 372 2081 439 antiquissima.

2981 394 3039 444 ¹7

424 561 567 619 κατ’
605 555 833 634 ἄνδρα
877 553 959 618 δὲ
1001 556 1213 634 χορὸς
1244 555 1541 635 γίνεσθε,
1586 553 1704 615 ἵνα
1759 557 2016 619 consoni
2051 557 2406 619 exsistentes
2440 557 2504 619 in
2536 578 2865 637 consensu,
2906 579 3038 623 me-

425 664 770 746 σύμφωνοι
803 662 1001 739 ὄντες
1033 664 1107 724 ἐν
1127 661 1435 744 ὁμονοίᾳ,
1468 661 1702 742 χρῶμα
1757 662 1854 724 los
1894 664 1992 725 dei
2026 665 2389 745 accipientes
2423 666 2487 727 in
2521 667 2752 727 unitate
2786 668 3038 728 cantetis

424 774 591 835 θεοῦ
623 771 950 857 λαβόντες
990 771 1065 833 ἐν
1096 769 1355 848 ἑνότητι
1390 766 1595 847 ᾄδετε
1628 769 1703 829 ἐν

424 882 610 961 φωνῇ
663 881 778 962 μιᾷ
827 876 945 940 διὰ
994 876 1223 956 Ἰησοῦ
1259 876 1561 953 Χριστοῦ
1610 875 1701 954 τῷ

423 985 639 1065 πατρί,
702 986 818 1046 ἵνα
878 985 1060 1066 ὑμῶν
1108 983 1221 1045 καὶ
1273 981 1540 1063 ἀκούσῃ
1588 980 1701 1043 καὶ

425 1090 846 1173 ἐπιγινώσκῃ,
910 1089 992 1153 δι’
1064 1087 1160 1152 ὡν
1209 1089 1286 1153 εὖ
1333 1088 1700 1168 πράσσετε,

426 1201 586 1282 μέλη
621 1198 828 1276 ὄντας
860 1201 982 1261 τοῦ
1014 1197 1167 1260 υἱοῦ
1200 1199 1432 1260 αὐτοῦ.
1483 1193 1701 1276 χρήσι-

426 1328 551 1388 μον
581 1306 707 1369 οὖν
739 1306 941 1379 ἐστὶν,
975 1306 1153 1388 ὑμᾶς
1185 1307 1259 1367 ἐν
1292 1302 1541 1386 ἀμώμῳ
1562 1300 1702 1364 ἑνό-

426 1434 561 1492 τητι
624 1412 815 1486 εἶναι,
868 1412 986 1474 ἵνα
1034 1411 1145 1474 καὶ
1196 1412 1366 1474 θεοῦ
1416 1411 1706 1473 πάντοτε

425 1522 753 1603 μετέχετε.

512 1632 610 1692 Vl.
641 1653 657 1691 1
678 1677 690 1690 .
710 1626 848 1689 Καὶ
866 1627 1039 1689 ὅσον
1059 1625 1283 1711 βλέπει
1300 1644 1398 1700 τις
1412 1623 1706 1701 σιγῶντα

425 1735 811 1807 ἐπίσκοπον,
858 1733 1187 1809 πλειόνως
1234 1730 1443 1793 αὑτὸν
1481 1729 1702 1813 φοβεί·

426 1843 590 1904 σθω·
627 1842 847 1904 πάντα
867 1842 1005 1920 γὰρ
1026 1839 1107 1902 ὃν
1125 1840 1361 1919 πέμπει
1382 1838 1421 1897 ὁ
1445 1834 1702 1899 οἰκοδε-

428 1948 683 2026 σπότης
713 1951 810 2025 εἰς
841 1947 1019 2010 ἰδίαν
1048 1945 1460 2027 οἰκονομίαν,
1486 1943 1704 2019 οὕτως

426 2054 530 2118 δεῖ
563 2056 738 2136 ἡμᾶς
771 2054 982 2117 αὑτὸν
1014 2053 1357 2132 δέχεσθαι,
1380 2050 1474 2127 ὡς
1494 2048 1705 2112 αὑτὸν

425 2162 544 2225 τὸν
589 2163 966 2245 πέμψαντα.
1020 2161 1141 2224 τὸν
1178 2158 1303 2220 οῦν
1338 2157 1705 2220 ἐπίσκοπον

426 2270 636 2348 δῆλον
673 2269 773 2333 ὃτι
805 2271 901 2346 ὡς
934 2267 1145 2331 αὑτὸν
1179 2267 1298 2328 τὸν
1328 2264 1568 2342 κύριον
1601 2261 1703 2323 δεῖ

424 2378 895 2463 προσβλέπειν.

1758 770 1823 831 in
1844 790 1993 831 voce
2025 789 2148 831 una
2173 790 2277 853 per
2298 772 2499 834 Iesum
2523 773 2840 834 Christum
2865 774 3036 855 patri,

1759 892 1827 938 ut
1878 893 1935 938 et
1987 897 2097 939 vos
2146 878 2355 941 audiat
2403 894 2461 939 et
2524 896 2871 960 cognoscat,
2934 900 3041 962 per

1758 1003 1950 1063 quem
2011 986 2251 1045 bonum
2326 985 2686 1066 operamini,
2762 989 3040 1047 membra

1758 1090 2111 1152 exsistentes
2143 1090 2253 1152 filii
2288 1091 2500 1172 ipsius.
2537 1092 2682 1153 utile
2714 1092 2898 1172 igitur
2930 1108 3036 1170 est,

1760 1216 1870 1258 vos
1903 1197 1968 1258 in
2002 1197 2396 1260 immaculata
2430 1198 2662 1260 unitate
2697 1218 2846 1276 esse,
2882 1215 2948 1261 ut
2978 1215 3037 1261 et

1761 1303 1881 1364 deo
1916 1323 2162 1384 semper
2193 1304 2582 1386 participetis,

1854 1623 1951 1685 Vl.
1988 1646 2034 1685 1.
2071 1625 2146 1685 Et
2167 1641 2473 1705 quantum
2494 1626 2659 1687 videt
2677 1626 2818 1707 quis
2833 1643 3039 1688 tacen-

1761 1746 1885 1790 tem
1936 1732 2320 1813 episcopum,
2371 1735 2513 1814 plus
2557 1733 2762 1814 ipsum
2811 1734 3037 1796 timeat.

1760 1856 2016 1898 omnem
2037 1839 2225 1915 enim,
2247 1859 2435 1920 quem
2457 1840 2640 1902 mittit
2659 1841 2954 1902 dominus
2974 1842 3039 1902 in

1761 1946 2072 2026 propriam
2109 1946 2653 2028 dispensationem,
2687 1947 2773 2008 sic
2800 1963 3041 2028 oportet

1760 2070 1877 2113 nos
1901 2052 2106 2132 ipsum
2139 2053 2425 2133 recipere,
2460 2070 2529 2114 ut
2561 2055 2762 2135 ipsum
2797 2056 3040 2117 mitten-

1761 2173 1906 2219 tem.
1975 2159 2342 2240 episcopum
2396 2161 2581 2237 igitur
2643 2161 3038 2223 manifestum

1760 2264 2061 2344 quoniam
2096 2282 2163 2327 ut
2195 2266 2402 2346 ipsum
2435 2268 2765 2327 dominum
2796 2284 3040 2349 oportet

1761 2371 2077 2451 respicere.
2121 2371 2178 2452 [l.
2212 2392 2261 2434 e.
2296 2394 2431 2454 pag.
2468 2372 2727 2453 8—11.]

1127 2571 1207 2648 b)
1264 2568 1629 2651 Epistula
1677 2567 1767 2626 ad
1817 2567 2292 2647 MagnesiOS.

516 2699 615 2760 IV.
671 2694 949 2774 Ιῖρέπον
985 2693 1110 2757 οὖν
1143 2692 1342 2767 εστὶν,
1378 2690 1461 2775 μὴ
1498 2689 1705 2773 μόνον

1851 2694 1949 2756 IV.
2020 2696 2259 2758 Decens
2310 2696 2494 2777 igitur
2538 2713 2628 2758 est
2672 2717 2799 2759 non
2832 2697 3038 2759 solum

427 2806 786 2866 καλεῖσθαι
837 2800 1312 2880 Χριστιανοὺς,
1366 2800 1544 2861 ἀλλὰ
1591 2796 1702 2859 καὶ
1763 2805 1965 2864 vocari
1987 2804 2388 2882 ChristianOS,
2422 2805 2527 2865 sed
2561 2820 2620 2865 et
2640 2825 2791 2878 esse,
2815 2822 3036 2885 quem-

428 2910 626 2973 εἶναι·
678 2909 909 2989 ὥσπερ
958 2909 1071 2972 καί
1119 2929 1294 2985 τινες
1340 2908 1707 2970 ἐπίσκοπον

428 3016 547 3100 μὲν
564 3018 912 3091 καλοῦσιν,
935 3017 1137 3096 χωρὶς
1157 3015 1238 3077 δὲ
1260 3017 1472 3077 αὑτοῦ
1488 3015 1707 3075 πάντα

427 3127 873 3202 πράσσουσιν.
955 3124 1018 3185 οἱ
1080 3125 1371 3184 τοιοῦτοι
1435 3120 1517 3182 δὲ
1579 3123 1706 3183 οὐκ

428 3231 891 3311 εῦσυνείδητοί
942 3252 1050 3312 μοι
1103 3229 1270 3292 εἶναι
1329 3228 1703 3308 φαίνονται,

427 3338 544 3401 διὰ
592 3338 668 3401 τὸ
722 3338 804 3420 μὴ
861 3337 1155 3423 βεβαίως
1214 3337 1357 3398 κατ’
1426 3334 1706 3413 ἐντολὴν

428 3446 1023 3523 συναθροίζεσθαι.

523 3557 616 3618 VI.
656 3553 834 3614 Ἐπεὶ
869 3552 993 3614 οῦν
1027 3554 1100 3612 εν
1120 3555 1261 3627 τοῖς
1282 3568 1705 3630 προγεγραμ-

429 3659 656 3740 μένοις
706 3656 1099 3736 προσώποις
1147 3656 1225 3718 τὸ
1278 3659 1412 3718 πᾶν
1447 3656 1707 3732 πλῆθος

431 3764 795 3844 ἐθεώρησα
842 3767 914 3827 ἐν
959 3764 1168 3827 πίστει
1215 3762 1327 3825 καὶ
1361 3763 1705 3841 ἠγάπησα,

428 3872 755 3951 παραινῶ,
785 3874 858 3935 ἐν
892 3869 1178 3954 ὁμονοίᾳ
1210 3871 1379 3932 θεοῦ
1413 3867 1705 3931 σπουδά-

425 3982 578 4055 ζετε
597 3981 815 4042 πάντα
825 3975 1707 4057 πράσσειν,προκαθημένου

429 4090 552 4149 τοῦ
588 4085 957 4149 ἐπισκόπου
993 4087 1090 4162 εἰς
1123 4085 1331 4148 τύπον
1377 4085 1547 4145 θεοῦ
1594 4082 1707 4144 καὶ

428 4196 559 4257 τῶν
602 4194 1084 4278 πρεσβυτέρων
1131 4195 1228 4269 εἰς
1274 4190 1482 4254 τύπον
1520 4204 1707 4251 συνε-

429 4300 627 4379 δρίου
660 4301 792 4363 τῶν
830 4300 1231 4363 ἀποστόλων
1262 4299 1374 4361 καὶ
1408 4300 1538 4361 τῶν
1571 4296 1706 4359 δια-

426 4408 669 4482 κόνων,
706 4408 834 4469 τῶν
869 4408 1011 4488 ἐμοὶ
1046 4408 1499 4486 γλυκυτάτων,
1535 4423 1706 4466 πεπι-

431 4515 812 4598 στευμένων
862 4512 1212 4576 διακονίαν
1266 4514 1490 4592 Ἰησοῦ
1554 4512 1707 4587 Χρι-

430 4626 619 4697 στοῦ,
654 4621 736 4700 ὃς
767 4621 900 4701 πρὸ
923 4619 1183 4684 αἰώνων
1202 4621 1392 4698 παρὰ
1410 4618 1605 4696 πατρὶ
1627 4617 1709 4696 ἦν

427 4730 540 4792 καὶ
580 4731 653 4791 ἐν
685 4730 857 4791 τέλει
892 4729 1128 4809 ἐφάνη.
1170 4752 1224 4791 2.
1262 4728 1531 4803 Πάντες
1564 4724 1707 4796 οῦν,

325 4863 376 4901 40
434 4835 807 4918 ὁμοηθειαν
870 4837 1040 4898 θεοῦ
1086 4833 1439 4919 λαβόντες,
1493 4832 1707 4910 εντρε·

431 4945 646 5005 πεσθε
697 4943 1054 5023 ἀλλήλους,
1099 4942 1212 5004 καὶ
1259 4939 1490 5023 μηδεὶς
1534 4938 1711 5001 κατὰ

645 5065 935 5108 Galante:
984 5064 1151 5108 Fontes
1184 5065 1264 5116 jur.
1293 5077 1388 5107 can.

1762 2911 2104 2971 admodum
2165 2910 2418 2991 quidam
2472 2911 2833 2991 episcopum
2899 2911 3036 2991 qui-

1763 3016 1905 3076 dem
1938 3035 2178 3094 vocant,
2228 3016 2357 3078 sine
2404 3016 2540 3097 ipso
2590 3035 2795 3078 autem
2829 3018 3041 3079 omnia

1762 3142 2113 3205 operantur.
2182 3126 2330 3185 tales
2391 3141 2597 3186 autem
2661 3143 2791 3185 non
2841 3126 3039 3187 bonae

1762 3231 2173 3291 conscientiae
2220 3233 2372 3292 mihi
2411 3253 2542 3293 esse
2576 3233 2863 3293 videntur
2895 3252 3038 3313 pro-

1763 3354 1895 3418 pter
1929 3357 2056 3398 non
2107 3338 2361 3399 firmiter
2406 3342 2750 3402 secundum
2798 3359 3039 3420 praece·

1764 3461 1943 3524 ptum
1978 3447 2355 3526 congregari.

1852 3552 1949 3612 V1.
1987 3551 2153 3626 Quia
2188 3552 2371 3630 igitur
2403 3552 2464 3612 in
2498 3552 2881 3634 praescriptis
2903 3573 3031 3634 per·

1763 3660 1934 3719 sonis
1970 3678 2226 3719 omnem
2261 3659 2717 3720 multitudinem
2759 3660 3036 3740 specula-

1763 3781 1863 3825 tus
1895 3785 2035 3826 sum
2074 3766 2136 3826 in
2187 3765 2305 3826 fide
2339 3783 2395 3826 et
2429 3766 2772 3840 dilectione,
2811 3786 3039 3828 moneo

1764 3871 1827 3931 in
1862 3872 2191 3932 concordia
2231 3872 2329 3933 dei
2363 3873 2609 3932 studere
2641 3873 2854 3933 omnia
2886 3894 3036 3954 ope-

1765 3979 1901 4055 rari,
1938 3978 2320 4058 praesidente
2354 3980 2652 4060 episcopo
2686 3980 2748 4040 in
2779 3980 2919 4041 loco
2943 3980 3041 4040 dei

1765 4102 1822 4146 et
1885 4087 2251 4166 presbyteris
2316 4087 2380 4148 in
2443 4087 2584 4146 loco
2631 4086 3043 4148 consessionis

1764 4194 2189 4273 apostolorum
2227 4210 2284 4253 et
2317 4192 2592 4254 diaconis
2627 4193 2776 4253 mihi
2810 4191 3039 4253 dulcis-

1764 4301 1936 4360 simis
1983 4300 2351 4361 habentibus
2397 4300 2688 4360 creditam
2739 4298 3044 4359 ministra-

1765 4409 2001 4469 tionem
2035 4409 2169 4468 lesu
2204 4408 2451 4485 Christi,
2489 4408 2597 4487 qui
2626 4421 2766 4466 ante
2800 4405 3038 4466 saecula

1765 4516 1931 4596 apud
1968 4531 2201 4595 patrem
2236 4531 2361 4575 erat
2394 4531 2452 4575 et
2485 4516 2546 4575 in
2580 4515 2703 4574 fine
2735 4513 3036 4593 apparuit.

1772 4643 1826 4683 2.
1865 4622 2103 4682 Omnes
2139 4623 2324 4700 igitur
2357 4623 2614 4682 eandem
2643 4619 3041 4681 consuetudi-

1767 4750 1909 4791 nem
1946 4730 2041 4789 dei
2076 4730 2440 4811 accipientes
2473 4747 2837 4789 veneremur
2867 4725 3043 4800 adin-

1767 4838 1984 4913 vicem,
2038 4853 2095 4898 et
2147 4838 2357 4898 nullus
2399 4838 2748 4897 secundum
2797 4853 3042 4896 carnem

1768 4945 2016 5025 aspiciat
2037 4944 2411 5026 proximum,
2431 4943 2535 5004 sed
2556 4943 2618 5003 in
2640 4943 2771 5002 lesu
2795 4943 3044 5003 Christo

2728 5079 2754 5102 ἢ)
