3684 5416
467 1430 518 1462 10

471 1969 518 2012 ι5

465 2513 519 2545 20

467 3048 517 3090 ²5

467 3581 520 3624 30

465 4121 515 4166 35

566 281 679 331 424
1584 262 1852 316 Pontifex
1893 280 2185 316 romanus.

568 447 669 507 die
717 448 1175 528 provocationis
1208 446 1544 509 concilium
1579 447 1785 526 ipsum
1819 461 1888 507 ut
1919 466 2105 528 supra
2139 446 2361 508 dicitur
2393 449 2662 509 indicere
2695 465 2754 510 et
2787 449 3097 530 publicare
3131 464 3189 508 et

565 573 760 633 quam
807 554 983 615 citius
1033 569 1322 636 poterunt
1359 551 1657 629 intimare,
1688 553 1756 613 a'c
1791 553 2130 614 cardinales
2165 553 2277 635 ipsi
2311 552 2621 635 ceterique
2654 556 2946 617 electores
2978 555 3055 616 ad
3087 556 3186 617 lo·

563 681 715 723 cum
765 661 1004 723 concilii
1057 679 1335 743 tempore
1387 660 1779 722 convenienti
1832 661 2236 741 personaliter
2284 681 2349 722 se
2396 662 2723 724 transferre
2770 679 2827 724 et
2877 682 3078 742 usque
3111 662 3186 722 ad

569 769 758 830 finem
805 788 1024 830 causae
1072 786 1416 850 exspectare
1448 785 1790 830 teneantur.
1857 785 2179 830 teneantur
2210 789 2466 851 quoque
2501 771 2749 851 praelati
2783 770 3090 851 ceterique
3122 786 3190 830 ut

569 895 753 957 supra
803 877 879 936 ad
932 876 1447 938 convocationem
1499 875 1903 937 cardinalium
1950 892 2208 954 tantum,
2261 876 2310 936 si
2358 875 2512 937 forte
2559 877 2790 937 electus
2843 894 3184 938 convocare

570 1000 844 1060 cessaret,
880 984 1186 1045 accedere.
1222 983 1331 1064 qui
1364 984 1451 1044 sic
1484 984 1710 1045 electus
1743 983 1808 1044 in
1842 983 2107 1044 concilio
2141 982 2277 1063 ipso
2313 1001 2441 1043 non
2477 983 2835 1062 praesideat,
2872 983 3024 1063 quin
3056 983 3185 1042 imo

564 1091 642 1152 sit
688 1112 721 1151 a
769 1091 1033 1152 termino
1083 1091 1357 1153 initiandi
1408 1091 1651 1152 concilii
1699 1092 1850 1172 ipso
1884 1091 2014 1150 iure
2047 1093 2123 1151 ab
2160 1090 2333 1151 omni
2369 1090 2898 1151 administratione
2932 1105 3190 1170 papatus

568 1219 929 1279 suspensus,
979 1219 1093 1259 nec
1139 1199 1252 1260 sibi
1301 1222 1333 1260 a
1381 1219 1704 1279 quoquam
1736 1201 1852 1259 sub
1888 1218 2089 1278 poena
2125 1198 2420 1261 fautoriae
2455 1197 2797 1259 schismatis
2829 1196 3189 1277 quomodo-

570 1305 714 1365 libet
748 1305 1088 1366 obediatur.

787 1411 1032 1486 Quodsi
1082 1411 1238 1472 infra
1285 1431 1519 1473 annum
1567 1429 1705 1473 ante
1739 1413 1907 1472 diem
1941 1413 2149 1474 indicti
2186 1413 2427 1474 concilii
2465 1414 2829 1491 contingant
2865 1409 3191 1492 supradicti

569 1538 768 1594 casus,
818 1518 1098 1579 videlicet
1144 1519 1318 1598 quod
1359 1519 1566 1600 plures
1598 1540 1661 1579 se
1694 1535 1905 1597 gerant
1940 1538 2053 1599 pro
2089 1539 2241 1600 papa
2276 1519 2370 1580 vel
2405 1520 2576 1600 quod
2614 1539 2777 1581 unus
2810 1538 2918 1600 per
2950 1533 3190 1578 metum

568 1647 680 1688 seu
731 1645 837 1706 per
884 1625 1352 1706 impressionem
1402 1625 1677 1705 eligatur,
1723 1643 2091 1687 censeantur
2136 1627 2271 1707 ipso
2320 1627 2452 1688 iure
2500 1644 2625 1688 tarn
2663 1649 2727 1690 se
2758 1644 3038 1707 gerentes
3072 1645 3186 1706 pro

572 1755 728 1817 papa
777 1753 966 1814 quam
1020 1733 1251 1794 electus
1298 1753 1406 1814 per
1455 1749 1696 1795 metum
1727 1753 1835 1794 seu
1873 1734 2348 1814 impressionem
2383 1752 2440 1795 et
2474 1735 2810 1796 cardinales
2842 1735 2917 1795 ad
2953 1733 3190 1794 dictum

572 1841 906 1902 concilium
955 1841 1265 1921 provocati
1315 1855 1764 1921 teneanturque
1812 1840 1876 1901 in
1924 1839 2059 1921 ipso
2093 1841 2357 1901 concilio
2393 1860 2751 1922 comparere
2785 1839 3186 1921 personaliter

573 1968 819 2009 causam
870 1967 1179 2028 exponere
1228 1964 1284 2007 et
1331 1947 1629 2023 judicium
1669 1947 1912 2008 concilii
1947 1964 2310 2028 exspectare.
2377 1949 2485 2009 sed
2517 1948 2567 2008 si
2601 1947 2780 2009 dictis
2811 1947 3051 2008 casibus
3082 1967 3190 2008 oc-

573 2057 928 2118 curentibus
975 2056 1246 2136 contiget
1294 2057 1447 2118 forte
1494 2077 1669 2118 casus
1702 2056 1942 2136 aliquis,
1979 2077 2107 2136 quo
2144 2057 2558 2118 necessarium
2591 2057 2666 2118 sit
2696 2056 2909 2117 locum
2944 2056 3189 2116 concilii

573 2179 831 2239 mutare,
877 2180 943 2223 ut
992 2164 1334 2224 obsidionis
1372 2183 1628 2242 guerrae
1660 2180 1765 2224 aut
1799 2164 1983 2245 pestis
2015 2178 2120 2224 aut
2151 2163 2386 2240 similis,
2424 2180 2750 2225 teneantur
2781 2161 3192 2224 nihilominus

573 2289 698 2334 tam
744 2292 965 2334 omnes
1013 2272 1342 2352 supradicti
1378 2292 1568 2352 quam
1603 2292 1824 2333 omnes
1859 2272 2108 2353 praelati
2142 2272 2450 2352 ceterique
2484 2274 2592 2353 qui
2626 2274 2702 2332 ad
2738 2270 3074 2333 concilium
3108 2271 3193 2331 ire

573 2397 858 2442 tenentur
893 2381 968 2440 ad
1004 2381 1216 2440 locum
1249 2379 1689 2460 proximiorem
1724 2395 1791 2440 ut
1824 2380 2227 2460 praemittitur
2259 2380 2367 2460 qui
2399 2381 2477 2441 sit
2509 2380 2727 2440 habilis
2760 2380 2836 2440 ad
2857 2379 3190 2440 concilium

573 2489 924 2562 convenire,
973 2487 1292 2568 possitque
1340 2486 1536 2564 major
1585 2507 1721 2567 pars
1756 2488 2192 2568 praelatorum,
2228 2488 2334 2567 qui
2371 2486 2524 2548 infra
2560 2506 2838 2548 mensem
2870 2487 2946 2547 ad
2979 2486 3192 2548 locum

573 2613 809 2657 certum
843 2595 1300 2673 declinaverint,
1337 2595 1515 2657 illum
1548 2596 1661 2656 sibi
1695 2612 1754 2656 et
1786 2595 1918 2655 aliis
1954 2614 2067 2674 pro
2099 2595 2242 2656 loco
2278 2595 2517 2655 concilii
2556 2597 2867 2677 deputare,
2901 2594 2980 2655 ad
3000 2612 3191 2673 quem

573 2702 752 2763 ceteri
803 2701 1134 2763 convenire
1182 2718 1526 2780 teneantur,
1574 2722 1643 2763 ac
1688 2701 1736 2762 si
1785 2724 1817 2762 a
1866 2701 2171 2783 principio
2205 2700 2416 2762 fuisset
2450 2703 2795 2783 deputatus.
2858 2700 3193 2762 concilium

573 2826 780 2868 autem
828 2824 894 2868 ut
943 2810 1282 2889 praefertur
1320 2826 1729 2870 convocatum
1764 2824 1823 2869 et
1856 2825 2304 2888 congregatum
2339 2811 2414 2870 de
2450 2810 2812 2871 huiusmodi
2846 2810 3193 2870 schismatis

574 2933 754 2973 causa
791 2932 1172 2993 cognoscens
1207 2930 1266 2974 et
1298 2914 1359 2974 in
1393 2916 1848 2975 contumaciam
1882 2916 2223 2977 electorum
2255 2936 2364 2977 seu
2398 2917 2747 2995 gerentium
2788 2936 2852 2977 se
2887 2935 2998 2996 pro
3032 2935 3187 2996 papa

576 3023 670 3083 vel
703 3022 1126 3099 cardinalium,
1178 3024 1224 3085 si
1276 3024 1429 3084 forte
1468 3025 1674 3086 venire
1712 3026 2107 3103 neglexerint.
2140 3026 2309 3087 litem
2344 3026 2585 3087 dirimat
2631 3045 3006 3106 causamque
3039 3024 3191 3086 defi-

576 3129 702 3189 niat
748 3146 802 3190 et
850 3129 1184 3209 culpabiles
1231 3130 1296 3191 in
1341 3131 1665 3193 schismate
1713 3133 2107 3213 procurando
2154 3153 2264 3194 seu
2314 3133 2645 3195 nutriendo
2701 3132 2797 3193 vel
2828 3133 2893 3193 in
2928 3131 3192 3193 admini-

568 3236 830 3296 strando
863 3251 967 3295 aut
999 3238 1353 3298 obediendo
1386 3238 1480 3299 vel
1514 3240 2079 3301 administrantibus
2114 3240 2380 3300 favendo
2412 3259 2521 3300 seu
2556 3255 2766 3300 contra
2800 3238 3193 3300 interdictum

574 3345 859 3424 superius
906 3345 1194 3425 eligendo
1240 3346 1334 3406 vel
1383 3346 1767 3407 calumniose
1801 3346 2130 3425 allegando
2164 3362 2403 3407 metum
2438 3347 2620 3407 etiam
2655 3348 2811 3409 ultra
2844 3347 3183 3428 praedictas

566 3472 827 3532 poenas,
862 3450 1293 3532 cujuscunque
1327 3467 1517 3514 status
1549 3454 1778 3535 gradus
1811 3474 1919 3514 seu
1955 3454 2437 3535 praeminentiae
2469 3455 2726 3515 existant
2759 3454 3194 3515 ecclesiasticae

576 3557 671 3618 vel
720 3559 1072 3620 mundanae
1123 3580 1441 3640 personae,
1488 3560 1572 3620 sic
1620 3561 1850 3642 puniat,
1903 3575 1966 3621 ut
2013 3560 2314 3621 vindictae
2360 3561 2526 3640 rigor
2572 3576 2836 3622 transeat
2884 3562 3097 3622 ceteris
3130 3561 3192 3620 in

577 3666 951 3746 exemplum.
2943 3666 2947 3670 Δ

792 3772 874 3833 Ut
906 3789 1114 3833 autem
1149 3789 1349 3835 metus
1381 3794 1489 3835 seu
1527 3775 1951 3856 impressionis
1985 3776 2261 3837 molestia
2297 3777 2360 3837 in
2394 3776 2692 3837 electione
2727 3795 2920 3856 papae
2954 3795 3030 3836 eo
3067 3774 3192 3835 for-

577 3878 944 3941 midolosius
977 3881 1251 3956 evitetur,
1286 3899 1416 3959 quo
1448 3882 1557 3941 toti
1594 3881 2019 3943 christianitati
2050 3882 2505 3944 lamentabilius
2539 3902 2760 3944 eorum
2793 3882 3063 3943 incussio
3084 3901 3194 3942 seu

576 3985 757 4048 factio
806 4001 1204 4067 perpetratur,
1253 3988 1405 4048 ultra
1457 3989 1759 4069 praedicta
1794 3990 2133 4071 specialiter
2165 3990 2456 4051 duximus
2489 3988 2906 4064 statuendum,
2939 3987 3111 4068 quod
3144 3988 3192 4047 si

576 4092 717 4171 quis
768 4092 1129 4168 hujusmodi
1183 4111 1420 4156 metum
1474 4095 1564 4154 vel
1603 4097 2076 4177 impressionem
2110 4114 2214 4158 aut
2248 4098 2607 4158 violentiam
2641 4097 3012 4158 electoribus
3046 4094 3195 4175 ipsis

576 4197 670 4258 vel
716 4198 899 4259 alicui
947 4218 1167 4260 eorum
1217 4202 1277 4262 in
1326 4202 1625 4264 electione
1674 4222 1867 4283 papae
1907 4203 2180 4264 intulerit
2212 4225 2322 4265 seu
2358 4204 2562 4265 fecerit
2593 4221 2697 4265 aut
2733 4204 2860 4264 fieri
2897 4220 3191 4283 procura-

576 4306 728 4367 verit
781 4307 871 4366 vel
918 4306 1153 4367 factum
1187 4323 1387 4368 ratum
1441 4309 1725 4371 habuerit
1770 4326 1876 4371 aut
1909 4310 1970 4371 in
2008 4313 2128 4372 hoc
2160 4312 2490 4373 consilium
2526 4311 2759 4372 dederit
2789 4309 2885 4370 vel
2920 4308 3195 4369 favorem

579 4415 979 4475 facientemve
1030 4415 1290 4476 scienter
1335 4418 1725 4497 receptaverit
1769 4419 1865 4479 vel
1914 4419 2318 4481 defensaverit
2365 4435 2470 4480 aut
2523 4419 2839 4498 negligens
2874 4418 2934 4478 in
2967 4435 3190 4477 execu-

575 4522 744 4583 tione
779 4540 1121 4602 poeuarum
1156 4522 1407 4584 inferius
1442 4541 1924 4586 memoratarum
1961 4524 2238 4602 extiterit,
2274 4524 2724 4603 cujuscumque
2757 4538 2947 4585 status
2968 4523 3195 4603 gradus

575 4631 671 4690 vel
721 4629 1472 4710 praeeminentiaefuerit,
1510 4632 1747 4693 etiamsi
1781 4632 2079 4713 imperiali
2112 4634 2296 4713 regali
2332 4628 2668 4715 pontificali
2702 4632 2797 4694 vel
2830 4632 2944 4693 alia
2978 4631 3199 4711 quavis

563 4737 979 4798 ecclesiastica
1012 4754 1116 4797 aut
1148 4738 1403 4800 seculari
1440 4739 1815 4819 praefulgeat
1848 4739 2159 4819 dignitate,
2198 4741 2327 4801 illas
2361 4760 2593 4820 poenas
2626 4740 2763 4821 ipso
2798 4739 2954 4800 facto
2987 4738 3198 4799 incur-

562 4860 684 4906 srat.
739 4864 897 4924 quae
950 4844 1012 4906 in
1062 4845 1502 4908 constitutione
1556 4845 1745 4907 felicis
1796 4848 2242 4908 recordationis
2277 4848 2575 4910 Bonifacii
2623 4867 2818 4929 papae
2852 4840 3198 4926 VIII.'quae
