3684 5416
538 1559 587 1591 10

642 408 707 444 22

638 568 1027 633 ἀποτίθεται
1048 617 1061 641 ,
1123 565 1236 628 καὶ
1299 563 1510 640 αὐτὸς
1573 565 1914 640 ἐπικουρεῖ

639 677 975 758 ὀρφανοῖς
1018 694 1092 736 τε
1134 671 1246 734 καὶ
1292 671 1562 752 χήραις,
1612 668 1724 733 καὶ
1774 673 1917 745 τοῖς

638 782 755 845 διὰ
799 782 1032 853 νόσον,
1083 780 1123 858 ἦ
1170 778 1251 842 δι’
1290 780 1501 857 ἄλλην
1548 776 1765 840 αἰτίαν
1795 778 1916 839 λει-

638 890 976 972 πομένοις,
1006 886 1119 950 καὶ
1152 890 1295 962 τοὶς
1327 887 1400 947 ἐν
1432 884 1712 965 δεσμοῖς
1741 883 1917 956 οὖσι,

638 997 751 1058 καὶ
799 1000 940 1071 τοῖς
972 991 1459 1073 παρεπιδήμοις
1491 991 1647 1054 οὖσι
1679 992 1920 1068 ξένοις,

640 1103 751 1167 καὶ
800 1103 1029 1179 ἁπλῶς
1065 1103 1228 1163 πᾶσι
1260 1104 1402 1178 τοῖς
1433 1102 1509 1160 ἐν
1539 1098 1734 1179 χρείᾳ
1765 1097 1919 1160 οὖσι

640 1209 953 1291 κηδεμὼν
980 1208 1252 1287 γίνεται.
1286 1205 1429 1285 Τὴν
1461 1204 1541 1267 δὲ
1571 1208 1693 1268 τοῦ
1727 1205 1920 1283 ἡλίου

641 1317 902 1399 ἡμέραν
946 1316 1134 1393 κοινῇ
1182 1314 1430 1390 πάντες
1460 1310 1580 1391 τὴν
1611 1312 1919 1374 συνέλευ-

642 1439 751 1485 σιν
780 1420 1175 1501 ποιούμεθα·
1213 1418 1442 1497 ἐπειδὴ
1476 1415 1703 1497 πρώτη
1740 1417 1923 1481 ἐστὶν

643 1530 883 1611 ἡμέρα,
916 1530 992 1589 ἐν
1023 1526 1063 1608 ᾖ
1096 1527 1137 1587 ὁ
1172 1525 1378 1604 Θεὸς,
1411 1526 1490 1587 τὸ
1524 1524 1776 1601 σκότος
1807 1523 1920 1587 καὶ

645 1636 765 1714 τὴν
802 1635 970 1713 ὕλην
1000 1634 1284 1715 τρέψας,
1328 1633 1591 1715 κόσμον
1623 1631 1921 1710 ἐποίησε,

643 1742 757 1805 καὶ
809 1739 1078 1820 Ἰησοῦς
1140 1739 1441 1817 Χριστὸς
1503 1740 1542 1800 ὁ
1596 1740 1926 1820 ἡμέτερος

1605 381 1854 437 Ecclesia
1881 379 2289 453 antiquissima.

1970 565 2144 625 nium
2165 565 2576 645 indigentium
2597 585 2809 626 curam
2830 567 3096 649 suscipit.
3133 566 3252 628 Die

1972 688 2178 732 autem
2209 672 2355 735 solis
2377 692 2596 734 omnes
2616 673 2798 734 simul
2820 673 3250 749 convenimus,

1972 794 2107 839 tum
2158 779 2300 859 quia
2352 778 2544 860 prima
2596 780 2746 841 haec
2793 780 2922 841 dies
2970 796 3075 855 est,
3125 800 3248 861 qua

1975 887 2165 963 Deus,
2196 905 2340 947 cum
2372 888 2653 947 tenebras
2685 902 2745 947 et
2776 888 3093 949 materiam
3114 907 3248 948 ver-

1975 993 2165 1067 tisset,
2228 994 2541 1054 mundum
2603 994 2845 1072 creavit,
2907 1011 3042 1055 tum
3105 995 3248 1075 quia

1973 1102 2148 1162 Jesus
2180 1101 2463 1163 Christus
2485 1101 2761 1164 Salvator
2794 1118 3003 1164 noster
3032 1103 3251 1162 eadem

1976 1208 2072 1269 die
2105 1228 2177 1270 ex
2207 1210 2466 1270 mortuis
2487 1210 2828 1270 resurrexit.
2864 1209 3060 1270 Pridie
3083 1208 3251 1270 enim

1978 1315 2223 1377 Saturni
2257 1336 2402 1378 eum
2434 1316 2884 1390 crucifixerunt,
2933 1332 2994 1377 et
3027 1316 3250 1397 postri-

1977 1423 2072 1483 die
2105 1421 2384 1501 ejusdem
2416 1423 2551 1500 diei,
2583 1423 2643 1485 id
2665 1439 2755 1484 est
2773 1423 2933 1485 Solis
2954 1423 3069 1497 die,
3101 1443 3254 1504 apo·

1977 1530 2148 1590 stolis
2181 1531 2306 1591 suis
2328 1546 2387 1592 et
2406 1530 2719 1611 discipulis
2738 1530 2903 1591 visus
2929 1550 2998 1591 ea
3020 1529 3252 1603 docuit,

1979 1656 2138 1717 quae
2171 1638 2345 1699 vobis
2379 1658 2632 1719 quoque
2667 1638 3110 1700 consideranda
3132 1653 3256 1697 tra-

1979 1743 2268 1806 didimus,
2319 1744 2379 1824 [l.
2415 1766 2467 1806 c.
2501 1746 2617 1807 col.
2641 1742 3036 1826 429-432.]

646 1848 895 1929 Σωτὴρ
940 1851 1017 1928 τῇ
1066 1849 1233 1927 αὐτῇ
1281 1846 1502 1928 ἡμέρᾳ
1548 1848 1627 1907 ἐκ
1661 1847 1924 1923 νεκρῶν

647 1957 916 2034 ἀνέστη.
961 1956 1062 2035 Τῇ
1096 1955 1234 2033 γὰρ
1266 1952 1398 2031 πρὸ
1432 1956 1550 2032 τῆς
1582 1954 1927 2032 Κρονικῆς

647 2061 1097 2141 ἐσταύρωσαν
1118 2060 1354 2125 αὐτόν·
1388 2060 1501 2123 καὶ
1523 2063 1598 2141 τῇ
1622 2060 1788 2142 μετὰ
1808 2059 1928 2139 τὴν

647 2170 1009 2249 Κρονικὴν,
1056 2169 1198 2248 ἥτις
1244 2168 1426 2232 ἐστὶν
1456 2167 1649 2246 ἡλίου
1682 2168 1923 2249 ἡμέρα,

646 2276 885 2357 φανεὶς
915 2281 1058 2355 τοῖς
1102 2276 1515 2353 ἀποστόλοις
1560 2278 1773 2338 αὑτοῦ
1811 2274 1924 2337 καὶ

651 2385 1001 2465 μαθηταῖς,
1041 2382 1316 2457 ἐδίδαξε
1346 2384 1579 2455 ταῦτα,
1614 2384 1791 2459 ἅπερ
1825 2384 1923 2459 εἰς

647 2490 998 2572 ἐπίσκεψιν
1025 2488 1139 2552 καὶ
1172 2490 1321 2571 ὑμῖν
1354 2487 1809 2570 ἀνεδὼκαμεν.

540 2094 586 2137 ¹5

539 2753 593 2783 ’.νο
1703 2729 1758 2784 6.
1800 2729 2198 2785 IRENAEUS.

861 2851 890 2880 ⁶
930 2852 982 2906 S.
1012 2854 1227 2906 Irenae-i
1258 2870 1396 2923 quac
1438 2859 1733 2924 supersunt
1756 2857 1958 2919 omnia,
1998 2853 2087 2907 ed.
2129 2854 2168 2907 S
2189 2852 2237 2908 ti
2257 2871 2286 2908 e
2306 2870 2378 2907 re
2397 2871 2450 2908 n.
2494 2851 2721 2925 Lipsiae
2760 2853 2817 2907 18
2823 2873 2907 2926 53.
2948 2854 3005 2915 (Ι.
3034 2873 3086 2926 p.
3113 2863 3263 2925 427.)

649 2932 699 2985 H
718 2949 748 2985 a
768 2949 794 2984 r
812 2949 846 2985 n
866 2949 898 2985 a
915 2949 945 2986 c
964 2932 998 2986 k
1015 2973 1029 3001 ,
1056 2933 1267 2987 Altchr.
1294 2935 1457 2987 Liter.
1488 2933 1549 2987 11.
1586 2952 1629 2987 1.
1655 2950 1707 3004 p.
1743 2951 1947 3006 320—-3
1957 2952 2040 3006 33.
2093 2933 2166 2987 Id
2185 2950 2214 2988 e
2234 2952 2319 2996 m.
2346 2935 2465 2987 Das
2493 2936 2727 3004 Zeugm's
2751 2936 2846 2987 des
2873 2935 3100 2988 Ircnir'us
3125 2939 3265 2990 iiber

647 3014 750 3065 das
786 3013 1035 3066 Anselzen
1074 3015 1176 3067 der
1216 3021 1352 3068 ro'm.
1394 3014 1611 3068 Kircbe.
1657 3016 2041 3085 (Sitzungsber.
2068 3017 2168 3069 der
2205 3016 2253 3068 k.
2282 3016 2498 3069 Frexes&
2528 3016 2699 3068 :stad-
2749 3019 2898 3087 1893,
2937 3024 3259 3088 939—955,)

648 3091 689 3146 F
707 3110 742 3145 u
760 3109 797 3145 n
815 3094 881 3161 k,
921 3094 1054 3147 Aah.
1083 3113 1133 3147 u.
1168 3096 1384 3148 Untcrs.
1428 3094 1464 3148 1.
1504 3112 1684 3168 1—23.
1737 3095 1792 3148 M
1812 3112 1844 3148 e
1863 3112 1935 3149 rc
1952 3111 1983 3148 a
2002 3094 2083 3162 ti,
2128 3096 2264 3149 Note
2290 3097 2350 3148 di
2368 3098 2694 3148 letteratura
2721 3098 2908 3150 biblica
2941 3116 2969 3148 e
2994 3099 3261 3149 cristimm

540 3197 589 3237 25
648 3176 847 3227 antica.
902 3173 1082 3228 Roma
1120 3192 1266 3245 ¹90¹·
1295 3190 1348 3244 p.
1379 3192 1679 3245 241—243.
1734 3174 1779 3227 B
1799 3193 1829 3227 a
1850 3194 1876 3229 r
1892 3177 1927 3228 d
1946 3192 1975 3228 e
1994 3193 2030 3229 n
2046 3175 2084 3228 h
2101 3191 2130 3229 e
2148 3193 2200 3227 w
2220 3192 2250 3229 e
2270 3193 2322 3244 r,
2363 3175 2398 3242 ἓ
2427 3193 2511 3248 34.
2562 3173 2603 3228 F
2621 3192 2647 3227 r
2664 3193 2694 3228 e
2712 3193 2747 3246 p
2768 3193 2801 3247 p
2821 3174 2912 3243 el,
2951 3179 3027 3229 St.
3058 3178 3254 3229 Irenae.

649 3253 805 3307 Paris
844 3253 1000 3308 18862*
1053 3255 1101 3308 G
1121 3272 1155 3309 o
1177 3272 1210 3307 u
1228 3253 1363 3309 illo
1385 3272 1420 3308 u
1440 3255 1503 3316 d,
1530 3257 1603 3308 St.
1637 3257 1817 3308 Irdne'e
1841 3261 1899 3308 ct
1919 3273 2016 3309 son
2044 3261 2230 3327 temps.
2272 3256 2438 3327 Lyon
2477 3256 2622 3327 1876.

1379 3438 1681 3498 Contra
1731 3457 2005 3498 omnes
2053 3438 2526 3499 haereticos.

863 3578 1077 3640 Lib.111
1116 3599 1243 3660 cap.
1266 3599 1329 3659 3:
1371 3600 1418 3639 1.
1454 3578 1882 3640 Traditionem
1909 3577 2110 3658 itaque
2132 3578 2555 3659 apostolorum
2575 3578 2635 3639 in
2655 3594 2785 3639 toto
2805 3580 3044 3639 mundo
3062 3578 3260 3638 mani-

651 3687 925 3747 festatam
959 3686 1019 3746 in
1053 3686 1223 3747 omni
1256 3685 1506 3747 ecclesia
1541 3686 1709 3746 adest
1742 3686 2040 3767 respicere
2072 3685 2386 3764 omnibuS,
2423 3686 2528 3766 qui
2560 3705 2700 3745 vera
2733 3684 2920 3746 velint
2954 3685 3176 3752 videre.
3201 3700 3258 3744 et

651 3794 950 3854 habemus
1000 3811 1405 3853 annumerare
1459 3812 1585 3868 eos,
1639 3792 1775 3872 qui
1830 3794 1918 3852 ab
1970 3792 2369 3873 apostolis
2422 3792 2777 3853 instituti
2827 3809 3010 3853 sunt
3060 3790 3258 3872 epis-

648 3901 827 3981 copi
876 3900 950 3960 in
998 3899 1405 3977 ecclesiis,
1460 3916 1515 3959 et
1566 3918 1948 3959 successores
2000 3918 2216 3959 eorum
2264 3919 2461 3978 usque
2512 3899 2586 3959 ad
2634 3918 2769 3973 nos,
2815 3898 2924 3979 qui
2959 3898 3108 3959 nihil
3138 3896 3260 3957 tale

649 4008 996 4068 docuerunt
1041 4027 1243 4087 neque
1276 4022 1726 4088 cognoverunt,
1776 4008 1956 4086 quale
1990 4008 2064 4066 ab
2102 4006 2193 4066 his
2228 4005 2530 4066 deliratur.
2597 4006 2832 4066 Etenim
2867 4006 2914 4066 si
2949 4004 3258 4066 recondita

648 4113 931 4196 mysteria
964 4113 1217 4174 scissent
1249 4113 1526 4194 apostoli,
1570 4133 1727 4193 quae
1760 4113 2018 4173 seorsim
2051 4129 2107 4172 et
2139 4113 2390 4173 latenter
2423 4115 2497 4173 ab
2531 4113 2780 4192 reliquis
2813 4112 3112 4193 perfectos
3145 4111 3258 4170 do-

649 4223 882 4295 cebant,
915 4221 1007 4280 his
1040 4221 1133 4281 vel
1169 4219 1430 4280 maxime
1464 4220 1770 4280 traderent
1802 4240 1871 4280 ea
1905 4219 2197 4299 quibus
2232 4219 2412 4279 etiam
2447 4220 2604 4299 ipsas
2637 4217 3026 4280 ecclesias
3059 4236 3258 4277 com-

649 4347 711 4387 m
734 4327 979 4387 itteba
999 4343 1092 4386 nt.
1155 4326 1349 4386 Valde
1382 4325 1548 4385 enim
1585 4326 1883 4407 perfectos
1916 4342 1973 4386 et
2006 4325 2560 4406 irreprehensibiles
2592 4326 2656 4385 in
2689 4325 2978 4386 omnibus
3010 4343 3117 4385 eos
3151 4342 3263 4382 vo-

647 4434 851 4495 lebant
871 4454 1020 4512 esse,
1055 4454 1214 4513 quos
1234 4449 1292 4493 et
1313 4451 1694 4492 successores
1714 4432 2164 4512 relinquebant,
2189 4452 2376 4493 suum
2400 4433 2674 4514 ipsorum
2696 4431 2908 4493 locum
2930 4429 3257 4510 magisterii

648 4542 983 4610 tradentes:
1038 4540 1264 4620 quibus
1310 4539 1629 4598 emendate
1680 4538 1997 4617 agentibus
2045 4538 2213 4598 fieret
2262 4556 2488 4620 magna
2536 4537 2775 4608 utilitas,
2828 4537 3009 4618 lapsis
3055 4551 3262 4597 autem

650 4667 892 4708 summa
926 4646 1249 4709 calamitas,

869 4773 922 4814 2.
956 4753 1074 4814 Sed
1111 4753 1408 4833 quoniam
1444 4753 1618 4812 valde
1651 4752 1916 4832 longum
1949 4768 2035 4812 est
2068 4751 2127 4812 in
2162 4752 2281 4813 hoc
2303 4751 2406 4812 tali
2429 4750 2740 4812 volumine
2763 4750 3044 4810 omnium
3068 4749 3261 4809 eccle-

540 4888 595 4928 40
648 4862 876 4922 siarum
898 4880 1255 4921 enumerare
1277 4860 1721 4933 successiones;
1759 4858 2137 4919 maximae
2172 4875 2241 4919 et
2273 4858 2882 4939 antiquissimae
2915 4874 2985 4918 et
3018 4855 3259 4918 omni-

651 4971 793 5030 bus
840 4968 1247 5050 cognitae,
1309 4990 1342 5028 a
1394 4966 2031 5048 gloriosissimis
2084 4968 2402 5027 duobus
2455 4966 2856 5048 apostolis
2908 4964 3139 5024 Petro
3191 4979 3261 5022 et

541 3819 592 3861 30

542 4354 590 4398 35
