3684 5416
321 1538 370 1569 10

318 2071 362 2115 ι5

312 2605 364 2638 20

309 3142 359 3186 25

307 4212 358 4257 35

1069 370 1336 427 Potestas
1376 370 1758 427 ecclesiastica
1796 384 1855 428 et
1891 373 2195 445 imperium
2236 373 2410 430 civile.

533 557 623 618 16.
666 556 874 618 Relate
907 556 982 617 ad
1002 556 1382 637 gubernium
1402 555 1706 618 eiusmodi

433 663 743 726 Ordinum
804 664 1218 745 proponimus
1279 662 1545 725 facturos
1594 683 1709 726 nos

432 769 575 853 ipsis
609 770 919 832 Praesides
964 787 1070 832 aut
1103 769 1466 852 Superiores
1499 770 1705 831 Gene-

431 878 600 956 rales,
619 892 677 937 et
691 876 966 939 Vicarios
983 897 1128 939 cum
1146 877 1548 956 facultatibus,
1568 876 1706 958 qui-

430 985 544 1044 bus
595 982 868 1064 indigere
915 999 1196 1066 possunt,
1248 985 1401 1064 quin
1449 983 1705 1045 tolerare

430 1091 764 1153 debeamus
809 1109 972 1153 onus
1017 1107 1340 1153 sumtuum
1389 1110 1501 1173 pro
1532 1109 1703 1153 com-

428 1198 867 1276 municatione,
915 1215 1108 1278 quam
1142 1196 1367 1258 habent
1399 1217 1542 1258 curn
1576 1196 1704 1257 suis

426 1303 810 1387 praepositis.
846 1303 1139 1365 Ceterum
1174 1305 1447 1385 persuasi
1468 1322 1703 1382 sumus,

427 1409 569 1491 Maj.
604 1412 795 1474 Vram
841 1411 1066 1472 interea
1113 1411 1369 1492 experiri
1406 1411 1701 1492 potuisse,

424 1537 613 1601 quarn
648 1519 899 1600 exiguae
932 1536 1213 1580 summae
1234 1518 1704 1579 contribuantur

422 1649 456 1688 a
490 1625 902 1707 Regularibus
947 1625 1232 1686 Statuum
1277 1642 1539 1686 suorum
1589 1643 1702 1706 pro

422 1734 735 1796 iuvamine
767 1750 824 1794 et
854 1732 1239 1794 subsistentia
1270 1731 1703 1793 Assistentium

422 1839 863 1903 Nationalium.
926 1840 1135 1920 ltaque
1167 1840 1319 1900 dum
1354 1838 1543 1900 iidem
1576 1837 1701 1899 Ge·

423 1946 660 2009 nerales
693 1961 1043 2028 praesentes
1077 1946 1304 2007 fuerint
1323 1945 1386 2006 in
1407 1945 1699 2006 Eiusdem

419 2053 759 2116 Provinciis
790 2051 1003 2113 Italicis
1036 2066 1143 2113 aut
1174 2051 1572 2129 Germanicis,
1605 2052 1702 2113 vel

419 2159 551 2222 aliis
584 2161 855 2243 partibus
890 2160 1286 2220 Monarchiae
1319 2158 1504 2237 Suae,
1546 2177 1701 2221 con-

419 2267 609 2346 venit,
656 2284 724 2329 ut
754 2267 1019 2328 liberum
1051 2266 1318 2328 habeant
1349 2266 1699 2328 exercitium

419 2373 742 2456 primariae
763 2394 909 2435 suae
930 2374 1317 2453 auctoritatis,
1339 2389 1701 2455 cessentque

417 2479 642 2542 Vicarii
672 2480 1027 2543 Generales,

521 2609 615 2654 17.
650 2587 861 2649 Relate
892 2588 966 2648 ad
1000 2588 1419 2670 provisionem
1443 2589 1699 2671 Episco-

415 2713 698 2776 patuum,
727 2695 1147 2771 Abbatiarum‚
1180 2697 1698 2775 Canonicatuum,

416 2802 857 2864 parochiarum
888 2818 946 2863 et
965 2802 1227 2865 aliorum
1251 2803 1698 2865 beneficiorum

417 2910 828 2971 Lombardiae
861 2909 1237 2988 Austriacae,
1287 2925 1543 2971 eatenus
1576 2910 1699 2971 iam

419 3014 749 3076 habuimus
780 3015 1091 3078 honorem
1125 3015 1266 3094 Maj.
1299 3017 1457 3078 Vrae
1489 3017 1698 3077 dicen-

420 3123 513 3184 di:
569 3142 697 3184 non
742 3142 923 3203 posse
967 3143 1085 3185 nos
1129 3123 1366 3206 privare
1411 3124 1697 3184 Sanctam

419 3228 644 3290 Sedem
707 3245 764 3289 et
825 3229 1152 3311 episcopos
1212 3229 1505 3310 libertate,
1571 3251 1693 3311 qua

415 3336 766 3414 gaudebant
798 3355 868 3396 ea
901 3336 1279 3415 conferendi,
1313 3354 1370 3398 et
1402 3336 1467 3398 in
1501 3337 1696 3399 modo

416 3441 742 3523 hucusque
763 3441 1057 3516 exercito;
1094 3443 1514 3505 recordabitur
1533 3463 1694 3524 quo-

417 3568 541 3629 que
586 3546 731 3627 Maj.
783 3548 903 3610 Vra
956 3549 1370 3611 concessionis
1430 3566 1693 3628 nostrae,

416 3674 606 3736 quam
638 3655 840 3716 eidem
866 3654 1144 3735 fecimus,
1168 3656 1489 3718 offerendo
1509 3676 1694 3737 quar-

413 3778 538 3823 tam
582 3777 816 3845 partem
861 3762 1174 3826 redituum
1214 3764 1457 3842 (demtis
1489 3766 1692 3845 Eppa-

412 3869 576 3932 tibus
621 3885 680 3931 et
725 3870 1066 3951 parochiis),
1113 3890 1239 3952 quo
1287 3870 1428 3951 Maj.
1461 3871 1584 3933 Vra
1617 3871 1693 3932 de

414 3997 484 4038 ea
530 3977 858 4059 disponere
904 3977 1096 4059 possit
1140 3976 1204 4039 in
1237 3978 1510 4040 favorem
1543 3998 1693 4060 ope-

412 4102 552 4145 rum
586 4100 643 4145 et
676 4103 909 4146 usuum
941 4084 1214 4165 piorum,
1237 4105 1395 4165 quae
1417 4107 1450 4146 a
1472 4086 1694 4167 pietate

412 4210 524 4252 sua
571 4189 790 4252 Eidem
844 4206 1127 4271 suggesta
1182 4191 1427 4269 fuerint,
1478 4210 1582 4254 aut
1628 4194 1692 4255 in

413 4297 912 4360 emolumentum
937 4297 1504 4359 Ecclesiasticorum
1539 4302 1693 4361 bene

412 4404 807 4476 meritorum;
860 4422 963 4466 aut
1008 4423 1154 4466 vero
1202 4405 1538 4468 stabiliatur
1577 4425 1693 4468 no-

412 4510 671 4572 minatio
703 4509 1055 4572 alternativa
1086 4531 1461 4594 permenses
1481 4512 1542 4573 in
1564 4517 1692 4575 Ab·

412 4616 604 4694 batiiS,
627 4616 1105 4697 canonicatibus,
1126 4633 1184 4679 et
1211 4617 1521 4680 beneficiis
1542 4619 1691 4680 sim-

408 4723 689 4807 plicibus.

498 4831 632 4894 Hae
678 4847 822 4894 sunt
868 4832 1314 4895 declarationes
1350 4847 1410 4893 et
1443 4833 1690 4895 modifi-

410 4937 707 5017 cationes,
772 4959 923 5020 quas
987 4940 1146 5001 inter
1209 4940 1433 5002 multas
1498 4960 1690 5003 novas

2939 379 3045 452 267

1858 559 1954 619 Ad
2014 561 2108 621 16.
2172 559 2238 621 Si
2284 560 2615 622 Generales
2661 561 2925 624 existunt
2979 563 3041 623 in

1765 664 2035 726 Statibus
2064 667 2238 743 meis,
2262 667 2488 748 duplex
2509 686 2742 730 munus
2762 669 3040 750 implent,

1764 790 1886 852 qua
1906 773 2218 834 Praesides
2240 774 2489 835 Ordinis
2521 775 2637 852 sui,
2668 790 2728 836 et
2748 794 2870 856 qua
2892 778 3039 837 sub-

1763 877 1892 939 diti.
1942 879 2006 939 Si
2039 880 2261 941 Vicarii
2295 882 2648 960 GeneraleS,
2683 901 2845 962 quos
2880 883 3037 944 San-

1762 985 1932 1046 ctitas
1966 988 2086 1048 Vra
2130 1006 2479 1068 proponere
2513 989 2818 1068 dignatur,
2866 989 3040 1051 electi

1763 1091 1989 1153 fuerint
2034 1112 2067 1152 a
2103 1093 2599 1167 Provincialibu8‚
2646 1111 2705 1157 et
2735 1095 3040 1157 Guardia-

1761 1197 1873 1276 nis,
1927 1214 2034 1259 aut
2086 1198 2526 1281 Superioribus
2577 1202 3041 1263 Provinciarum

1762 1305 2178 1387 Monarchiae,
2228 1323 2285 1369 et
2332 1327 2463 1370 non
2512 1308 2814 1370 nominati
2847 1329 2879 1369 a
2913 1309 3039 1372 Ge-

1759 1412 1951 1473 nerali
1965 1427 2128 1474 extra
2147 1413 2529 1475 Provinciam
2546 1414 2854 1492 existente,
2869 1416 3041 1477 nulla

1760 1519 1872 1580 erit
1904 1519 2233 1581 difficultas
2265 1522 2454 1583 dandi
2486 1521 2631 1603 ipsis
2665 1541 2898 1583 nomen
2930 1522 3039 1584 Vi·

1761 1626 2066 1688 cariorum
2101 1626 2502 1689 Generalium
2547 1629 2611 1689 in
2645 1629 2839 1690 vicem
2876 1628 3041 1690 illius

1760 1733 2174 1812 provincialis,
2219 1735 2391 1815 quod
2438 1736 2510 1796 iis
2555 1736 2697 1796 dare
2730 1736 3037 1814 volebant,

1758 1839 1920 1900 salva
1953 1859 2198 1922 semper
2229 1856 2508 1921 respectu
2543 1841 2791 1903 illorum
2816 1842 3038 1903 imme-

1758 1946 1918 2007 diata
1952 1945 2373 2008 iurisdictione
2404 1946 2733 2009 Ordinarii.

1848 2588 1946 2648 Ad
1991 2608 2082 2656 17.
2146 2587 2472 2663 Quantum
2503 2588 2579 2648 ad
2612 2588 3035 2669 provisionem

1756 2694 2131 2776 Eppatuum,
2168 2695 2589 2775 Abbatiarum‚
2621 2694 3035 2758 Canonicatu·

1758 2822 1863 2863 um
1897 2819 1956 2863 et
1987 2802 2246 2863 aliorum
2267 2802 2565 2863 similium
2588 2803 3035 2865 beneficiorum

1757 2909 2162 2971 Lombardiae
2182 2909 2563 2972 Austriacae:
2596 2910 2893 2972 Sanctitas
2912 2911 3037 2972 Vra

1755 3018 1947 3097 probe
1979 3017 2151 3078 novit
2183 3017 2265 3095 id,
2300 3017 2469 3098 quod
2504 3018 2810 3079 honorem
2845 3017 3034 3080 habui

1756 3124 1974 3185 Eidem
2008 3125 2224 3186 iterato
2254 3125 2584 3203 scribendi,
2617 3141 2676 3186 et
2698 3125 2831 3186 viva
2854 3124 3036 3186 etiam

1755 3250 1905 3292 voce
1940 3231 2282 3312 repetendi;
2324 3247 2567 3292 tantum
2613 3247 2681 3293 ut
2725 3251 3030 3311 recogno-

1754 3356 1878 3400 scat
1898 3339 2089 3399 semel
2111 3337 2524 3399 indubitatum
2544 3357 2755 3399 meum
2790 3338 2903 3415 ius,
2939 3337 3034 3399 ni-

1755 3444 1839 3505 hil
1902 3463 2010 3525 est,
2075 3446 2247 3525 quod
2298 3444 2565 3505 nimium
2617 3445 2827 3505 fecisse
2881 3444 3034 3506 mihi

1752 3550 1962 3613 videar
1993 3552 2056 3612 in
2077 3551 2591 3613 contestationem
2613 3570 2754 3631 erga
2777 3535 3033 3628 sacram,

1752 3657 2169 3719 venerabilem
2202 3674 2259 3719 et
2292 3676 2494 3719 caram
2526 3677 2856 3738 personam
2877 3657 3035 3719 San-

1751 3765 1967 3825 ctitatis
2011 3765 2261 3826 Vestrae
2306 3780 2430 3825 tam
2478 3765 2688 3845 quoad
2732 3764 3026 3846 Eppatus,

1750 3890 1941 3952 quam
1989 3873 2198 3953 quoad
2248 3871 2361 3933 alia
2413 3870 2726 3950 beneficia,
2777 3871 3028 3953 permit-

1748 3980 1942 4040 tendo
1974 3978 2191 4039 Eidem
2223 3972 2361 4062 {vita
2393 3999 2504 4040 sua
2536 3979 2794 4039 durante
2828 3977 3032 4039 nomi-

1753 4085 2071 4147 nationem
2118 4086 2180 4146 in
2227 4085 2478 4146 dimidia
2526 4099 2714 4166 parte,
2761 4101 2817 4145 et
2849 4085 3033 4146 etiam

1752 4193 2062 4270 omnium,
2095 4192 2143 4253 si
2178 4192 2409 4253 Eadem
2441 4192 2734 4267 voluerit;
2788 4206 3032 4253 tantum

1751 4299 1982 4381 quippe
2034 4314 2124 4360 est
2168 4298 2539 4360 desiderium
2577 4317 2788 4359 meum
2822 4314 3033 4360 conte-

1750 4406 1949 4467 standi
1998 4405 2109 4466 toti
2159 4406 2425 4484 mundo,
2477 4425 2664 4486 quarn
2717 4406 2929 4467 beatus
2975 4421 3033 4466 et

1750 4513 2076 4574 obstrictus
2108 4513 2226 4574 sim
2260 4532 2373 4593 pro
2406 4529 2652 4594 paterna
2685 4512 3028 4574 visitatione

1749 4619 2089 4682 Sanctitatis
2109 4620 2379 4696 Vestrae,
2402 4637 2641 4700 proque
2662 4619 2900 4681 eximiis
2915 4620 3031 4680 do-

1749 4727 1912 4787 tibus
1945 4726 2136 4787 animi
2169 4741 2228 4787 et
2258 4726 2460 4787 cordis
2492 4725 2606 4786 sui.

1840 4833 2077 4895 Munus
2121 4851 2331 4894 meum
2362 4833 2563 4894 stricte
2595 4832 2910 4912 alligatum
2943 4849 3032 4893 est

1748 4941 1824 5001 ad
1859 4941 2326 5022 procurandum
2359 4959 2546 5002 omne
2578 4942 2834 5018 bonum,
2856 4942 3030 5020 quod
