3684 5416
1035 350 1304 421 ‚Potestas
1342 351 1721 412 ecclesiastica
1759 365 1818 408 et
1855 352 2158 425 imperium
2197 353 2374 409 civile.
2910 374 3007 427 ¹75

406 530 688 610 religiose
738 553 976 595 servare
1027 535 1343 614 videmini,
1393 538 1703 614 attendite,
1756 554 2064 618 quantum
2115 538 2286 600 istius
2331 539 2627 601 monachi
2671 539 2824 602 facta
2858 541 3013 602 beati

404 637 565 698 Petri
598 638 912 702 doctrinae
945 642 1344 706 aestimentur
1375 642 1689 706 contraria.
1735 643 1897 706 Nam
1933 645 1998 706 in
2033 644 2227 726 prima
2260 646 2515 727 epistola
2548 667 2656 708 sua
2690 647 2847 708 inter
2880 665 3012 708 cae-

401 759 529 806 tera
562 747 879 827 apostolus
923 748 1009 809 sic
1053 750 1165 811 ait:
1229 751 1370 812 Non
1402 752 1783 831 configurati
1796 751 2127 832 prioribus
2157 755 2550 833 ignorantiae
2578 762 2814 816 vestrae
2844 756 3013 816 desi-

395 853 622 927 deriis,
671 857 783 917 sed
824 859 1156 919 secundum
1207 879 1362 932 eum,
1424 863 1536 940 qui
1577 880 1681 920 vos
1732 866 1979 921 sanctos
2028 864 2282 933 vocavit,
2330 864 2495 923 sicut
2538 864 2835 942 scriptum
2886 869 2978 922 est
2990 885 3015 922 .-

312 980 342 1023 5
402 960 629 1021 Sancti
655 969 860 1036 estote,
891 966 1183 1045 quomodo
1214 986 1324 1046 ego
1355 973 1606 1028 sanctus
1635 986 1786 1027 sum.
1819 966 2208 1049 Deponentes
2227 969 2426 1048 tgn'tur
2444 989 2676 1030 omnem
2709 968 3012 1030 malitiam

397 1072 466 1128 et
493 1087 729 1129 omnem
762 1070 966 1131 dolum
999 1079 1061 1132 et
1086 1072 1539 1134 simulationem
1572 1080 1632 1133 et
1662 1075 1934 1136 invidias
1964 1081 2025 1134 et
2053 1094 2257 1135 omnes
2289 1074 2713 1136 detractiones.
2750 1074 2827 1152 (t.
2861 1076 3015 1138 Petr.

413 1193 465 1250 1,
511 1177 805 1254 14—16.)
868 1175 929 1257 [1.
965 1197 1013 1240 c.
1046 1179 1085 1241 Ι.
1121 1199 1257 1261 pag.
1293 1178 1687 1260 443—446.]

901 1514 995 1570 52.
1051 1514 1428 1572 PLAGIDUS
1469 1517 1875 1574 Momclws
1914 1518 2518 1577 NONANTOLANUS.

1127 1702 1360 1764 Liber
1409 1705 1497 1764 de
1547 1705 1851 1765 honore
1900 1704 2310 1768 ecclesiae.

289 1868 345 1900 το
622 1857 650 1887 ‘
687 1857 835 1910 Mon.
857 1859 1053 1912 Germ.
1072 1859 1296 1923 lu'stor.;
1335 1861 1522 1913 Libelli
1553 1861 1623 1913 de
1663 1861 1768 1917 lite.
1812 1860 1986 1914 Tom.
2009 1860 2070 1913 11.
2098 1878 2152 1931 p.
2177 1861 2473 1932 566-639.
2502 1862 2591 1915 ed.
2635 1863 2726 1917 De
2764 1864 3009 1919 Heine-

402 1952 621 1989 mann
661 1949 732 1991 et
769 1935 853 1992 Sa
875 1938 1071 1994 ckur.
1135 1941 1505 2012 Kraysen‚
1544 1941 1819 1994 placidius
1857 1957 1955 1992 von
1992 1941 2333 1995 Nonantola:
2382 1944 2466 1996 De
2503 1941 2705 1996 honore
2740 1947 3008 1999 ecclesiae.

399 2017 502 2069 Ein
540 2018 772 2087 Beitrag
809 2036 910 2090 {ur
947 2019 1273 2074 Gesclu'chte
1308 2022 1403 2074 des
1442 2023 1962 2077 Investiturstreites.
2039 2018 2274 2091 Leipzig
2308 2019 2455 2076 1888.
2519 2021 3011 2084 Tiraboschi.

398 2099 586 2152 Storia
625 2100 1007 2170 dell’augusta
1059 2102 1233 2154 Badia
1273 2102 1334 2155 di
1365 2102 1687 2155 Nonantola.
1766 2101 2019 2156 Modena
2082 2100 2231 2172 1796.
2287 2101 2460 2155 Tom.
2505 2101 2567 2158 11.
2625 2120 2679 2173 p.
2727 2103 2846 2164 228,
2896 2124 3013 2178 234.

400 2175 674 2240 Solmi‚
714 2181 868 2232 Stato
902 2199 931 2233 e
970 2181 1162 2235 Clu'esa
1199 2200 1305 2234 ecc.
1348 2198 1398 2252 p.
1429 2198 1513 2251 51,
1543 2198 1626 2254 53,
1653 2198 1738 2254 73.
1791 2178 2046 2243 Mirm,
2087 2181 2401 2251 Publip'stik.
2432 2198 2483 2251 p.
2511 2183 2579 2253 76
2607 2201 2724 2255 seq.

287 2403 336 2446 ¹5
1030 2383 1153 2446 VII.
1218 2383 1322 2443 De
1374 2382 1895 2463 possessione
1943 2380 2404 2441 aecclesiae.

624 2568 816 2644 Quod
849 2569 1039 2628 semel
1071 2568 1393 2630 aecclesiae
1426 2570 1638 2629 datum
1672 2583 1761 2628 est
1793 2567 1857 2628 in
1892 2584 2257 2647 perpetuum
2280 2565 2506 2627 Christi
2530 2582 2635 2644 est,
2669 2585 2783 2628 nec
2803 2567 3013 2647 aliquo

401 2677 602 2740 modo
633 2677 882 2739 alienari
916 2698 949 2739 a
983 2677 1370 2759 possessione
1402 2677 1726 2741 aecclesiae
1760 2693 1960 2760 potest
1993 2677 2057 2738 in
2088 2692 2346 2755 tantum,
2382 2692 2450 2737 ut
2481 2675 2662 2739 etiam
2698 2675 2863 2737 idem
2885 2675 3013 2756 ipse

399 2784 729 2846 fabricator
758 2786 1102 2863 aecclesiae,
1149 2802 1478 2867 postquam
1513 2806 1649 2847 eam
1684 2787 1818 2847 Deo
1852 2784 2084 2846 voverit
2115 2801 2174 2845 et
2205 2783 2544 2845 consecrari
2578 2783 2801 2849 fecerit.
2850 2784 2910 2845 in
2945 2803 3014 2844 ea

395 2886 698 2972 deinceps
730 2892 976 2953 nullum
1009 2893 1104 2953 ius
1137 2893 1361 2954 habere
1395 2893 1602 2974 possit.
1650 2893 1797 2953 Non
1830 2893 2000 2952 enim
2034 2912 2142 2972 per
2173 2911 2317 2952 eum
2353 2891 2639 2966 ordinari,
2676 2910 2806 2951 non
2840 2890 3011 2951 inve·

284 3028 342 3060 20
398 2999 531 3060 stiri
566 2999 821 3060 ulterius
854 3016 1069 3080 potest.
1104 3000 1390 3060 Testatur
1422 3001 1571 3060 haec
1605 3019 1731 3061 non
1764 2999 1974 3061 solum
2006 2999 2169 3074 novi,
2202 3000 2308 3060 sed
2342 2999 2522 3060 etiam
2546 2998 2764 3058 veteris
2783 2997 3010 3059 instru-

401 3105 602 3166 menti
633 3106 1031 3167 sacratissima
1063 3106 1379 3186 scriptura.
1413 3106 1593 3182 Quae
1627 3106 1811 3186 igitur
1842 3106 2169 3167 aecclesiae
2190 3105 2433 3184 dantur,
2468 3106 2611 3167 ideo
2633 3121 2699 3166 ut
2719 3106 3014 3167 omnibus

398 3228 629 3273 notum
675 3228 783 3289 est,
831 3211 887 3273 ei
917 3212 1250 3290 donantur,
1298 3228 1366 3273 ut
1399 3232 1698 3293 pauperes
1730 3212 1961 3274 Christi
1994 3211 2136 3272 inde
2169 3212 2422 3288 alantur,
2459 3228 2651 3291 utque
2683 3212 3016 3273 servientes

400 3319 545 3379 Deo
576 3319 640 3379 in
671 3320 933 3380 sacrario
966 3320 1226 3381 habeant
1259 3320 1428 3381 unde
1462 3335 1805 3399 pascantur,
1840 3335 1907 3379 ut
1942 3318 2218 3378 videlicet
2240 3318 2748 3399 contemplationi
2769 3318 3013 3381 divinae

400 3441 468 3486 et
499 3426 630 3485 eius
661 3426 941 3486 assiduae
970 3425 1311 3487 laudationi
1342 3426 1471 3487 sine
1505 3425 1695 3486 seculi
1717 3426 1907 3486 huius
1926 3423 2337 3485 sollicitudine
2358 3424 2749 3485 devotissime
2770 3445 3014 3505 semper

289 3562 342 3606 25
401 3532 644 3610 intenti,
676 3533 968 3594 adherere
1003 3532 1138 3593 Deo
1170 3531 1390 3611 iugiter
1423 3532 1673 3613 possint.
1706 3532 1824 3592 Illis
1858 3550 2129 3611 namque
2162 3530 2273 3610 qui
2306 3530 2628 3592 aecclesiae
2661 3551 2806 3592 suae
2838 3552 3013 3592 sum-

401 3656 550 3721 ptus
585 3642 897 3721 praebent,
934 3641 991 3701 id
1028 3656 1117 3702 est
1148 3643 1370 3702 sanctis
1404 3639 1776 3723 pauperibus
1808 3640 1874 3699 in
1907 3640 2028 3700 hoc
2058 3638 2268 3699 seculo
2303 3637 2665 3718 ministrant,
2701 3638 3012 3699 Dominus

400 3746 519 3807 ait:
574 3746 784 3809 Facite
829 3749 997 3810 vobis
1043 3752 1272 3810 amicos
1318 3749 1390 3808 de
1435 3768 1714 3808 mamona
1747 3748 2124 3827 iniquitaIiS,
2158 3752 2247 3819 ut,
2280 3766 2414 3805 cum
2449 3746 2821 3823 defeceritiS,
2854 3749 3012 3806 reci-

387 3859 587 3937 piant
627 3877 731 3918 vos
777 3859 843 3917 in
891 3865 1140 3918 aeterna
1189 3857 1604 3918 tabernacula.
1691 3853 1744 3916 T
1734 3854 2120 3935 hesaurizate
2164 3855 2333 3915 vobis
2379 3853 2695 3914 thesauros
2728 3855 2792 3913 in
2826 3854 3015 3926 caelo,

402 3964 519 4024 ubi
560 3985 671 4024 nec
715 3985 904 4044 erugo
950 3985 1061 4024 nec
1105 3966 1271 4024 tinea
1316 3963 1659 4024 demolitur.
1735 3960 2170 4043 [Euangelium
2223 3961 2370 4021 LuC.
2419 3961 2507 4021 16.
2542 3957 2624 4038 9.]
2689 3957 3015 4034 Quantum

287 4098 347 4142 30
403 4086 614 4132 autem
650 4071 883 4132 malurn
905 4071 995 4147 sit,
1031 4072 1205 4151 quod
1228 4071 1417 4131 semel
1442 4071 1578 4131 Deo
1601 4071 1797 4148 datur,
1833 4069 2054 4130 iterum
2077 4069 2287 4148 aliquo
2310 4066 2560 4147 ingenio
2582 4066 2737 4127 velle
2756 4066 3012 4141 auferre,

404 4180 574 4242 idern
621 4180 750 4261 ipse
784 4181 1164 4242 demonstrat
1196 4179 1438 4239 dicens:
1491 4176 1661 4257 [Luc.
1699 4200 1755 4257 9,
1791 4176 1918 4257 62]
1968 4178 2156 4239 Nemo
2187 4179 2434 4237 mittens
2465 4195 2709 4235 manum
2742 4194 2916 4234 suam
2950 4176 3013 4234 in

402 4294 711 4362 aratrum,
742 4294 804 4347 et
832 4289 1164 4369 respiciens
1198 4293 1361 4347 retro
1392 4293 1571 4367 aptus
1604 4293 1696 4346 est
1725 4306 1914 4366 regno
1946 4285 2092 4346 Dei.
2145 4284 2326 4347 Unde
2360 4282 2541 4344 etiam
2574 4298 2631 4342 et
2663 4281 2725 4342 in
2758 4281 3015 4341 Actibus

405 4395 834 4477 apostolorum
866 4393 1107 4454 Anania
1158 4410 1214 4454 et
1260 4393 1536 4473 Saphira,
1588 4394 1697 4473 qui
1749 4392 1924 4473 quod
1972 4393 2108 4453 Deo
2154 4405 2447 4451 voverant
2492 4388 2730 4451 occulte
2778 4386 3015 4448 auferre

407 4501 611 4562 conati
644 4517 809 4578 sunt,
858 4500 1275 4583 increpatione
1321 4500 1476 4560 beati
1513 4499 1668 4561 Petri
1703 4499 1964 4581 apostoli
2000 4498 2184 4559 morti
2218 4496 2421 4558 traditi
2451 4512 2613 4557 sunt.
2676 4493 2800 4557 Ubi
2833 4493 3013 4554 etiam

292 4630 350 4675 35
408 4628 555 4669 cum
599 4608 767 4688 gravi
798 4608 1020 4670 timore
1053 4608 1443 4689 pensandum
1479 4625 1588 4684 est,
1633 4628 1754 4688 qua
1789 4627 1988 4688 poena
2023 4605 2328 4668 multandi
2360 4603 2477 4665 sint
2509 4603 2615 4685 qui
2648 4621 2778 4664 non
2809 4603 3015 4663 solum

405 4733 519 4777 sua
553 4716 688 4777 Deo
733 4734 862 4778 non
906 4716 1204 4793 tribuunt,
1257 4734 1475 4777 verum
1507 4715 1689 4776 etiam
1721 4716 1922 4776 oblata
1955 4716 2029 4774 ab
2064 4713 2195 4774 aliis
2227 4712 2464 4773 auferre
2498 4728 2627 4770 non
2659 4710 2909 4775 timent:
2965 4708 3015 4768 si

408 4822 623 4903 mortis
653 4823 1019 4911 sententiam
1055 4838 1415 4885 meruerunt
1447 4822 1555 4904 qui
1588 4841 1720 4883 non
1751 4821 1967 4911 aliena,
2012 4820 2119 4881 sed
2151 4840 2279 4895 sua,
2313 4838 2472 4900 quae
2505 4818 2625 4879 iam
2660 4817 2794 4878 Deo
2826 4835 3013 4875 vove-

407 4945 563 5008 rant,
598 4945 807 4992 contra
838 4930 969 4992 eius
1000 4949 1243 4992 sacrum
1278 4930 1619 4991 institutum
1656 4929 1894 4990 auferre
1915 4929 2308 4989 conabantur.
2346 4926 2400 5006 [l.
2423 4947 2469 4989 c.
2492 4926 2557 4986 11.
2582 4944 2637 5005 p.
2665 4920 3009 5004 577—78].
