3684 5416
502 1611 550 1643 10

501 2141 546 2187 ι5

495 2686 548 2720 20

494 3221 545 3265 25

496 3754 548 3800 30

492 4286 543 4332 35

600 460 711 513 474
1732 441 2080 496 cardinales.

1595 518 3220 526 μή-

604 625 964 688 Cardinales
1014 625 1234 707 procul
1280 628 1353 686 ab
1401 626 1537 706 ipso
1572 625 1870 687 Pontifice
1907 625 2093 686 vitam
2126 645 2324 706 agere,
2361 641 2418 686 et
2450 626 2661 687 locum
2695 625 3217 708 mansionemque

605 752 784 795 suam
814 732 876 793 in
908 731 1173 793 Ecclesia
1208 731 1322 794 Dei
1354 733 1509 793 adeo
1544 733 1916 814 praecelsam
1951 748 2160 794 contra
2194 732 2555 794 huiusmodi
2589 731 2795 793 Officii
2826 733 3123 809 debitum,
3162 749 3220 796 et

603 840 667 901 in
712 859 968 902 suarum
1018 839 1358 922 perniciem
1392 840 1742 901 animarum
1778 841 2089 920 negligere
2121 860 2191 901 ac
2222 840 2520 918 deserere,
2551 840 2940 901 inhaerentes
2973 841 3220 902 decreto

602 947 875 1007 similiter
920 968 952 1007 a
999 947 1180 1007 nobis
1226 946 1290 1007 in
1322 945 1715 1008 Consistorio
1750 960 1966 1007 nostro
2000 947 2242 1008 dudum
2275 946 2541 1028 desuper
2573 947 2969 1028 promulgato
3002 948 3078 1008 de
3112 966 3220 1007 eo-

602 1054 889 1114 rumdem
923 1053 1207 1115 Fratrum
1257 1053 1519 1116 consilio
1568 1051 1898 1116 statuimus
1943 1069 2002 1114 et
2032 1053 2417 1130 ordinamuS,
2453 1073 2532 1114 ne
2564 1052 2705 1134 quis
2735 1053 2799 1114 in
2832 1070 3151 1135 posterum
3185 1074 3221 1115 a

604 1162 887 1222 Romana
921 1160 1107 1221 Curia
1153 1162 1375 1222 absens
1408 1159 1755 1222 Cardinalis
1803 1177 2059 1238 creetur,
2106 1177 2212 1222 aut
2251 1159 2717 1242 pronuncietur‚
2750 1159 2867 1220 nisi
2901 1160 3015 1220 hac
3053 1158 3221 1236 adje-

602 1283 711 1346 cta,
758 1267 1135 1345 conditione,
1184 1284 1252 1328 ut
1298 1267 1457 1328 intra
1489 1286 1725 1329 annum
1762 1267 1824 1328 in
1859 1268 2207 1329 Romanam
2240 1268 2496 1330 Curiam
2528 1266 2758 1344 venire,
2791 1281 2849 1328 et
2885 1267 3220 1348 Apostolo-

603 1393 745 1435 rum
793 1373 1005 1434 limina
1052 1373 1289 1434 visitare
1337 1388 1635 1452 teneatur,
1682 1393 1949 1451 necnon,
1993 1390 2328 1455 antequam
2375 1375 2651 1436 Biretum
2706 1376 2987 1450 rubrum,
3040 1374 3214 1454 quod

602 1501 635 1540 a
669 1481 963 1542 Romano
999 1480 1292 1541 Pontifice
1328 1481 1404 1540 de
1443 1500 1614 1542 more
1648 1471 1951 1559 benedici,
1985 1500 2054 1541 ac
2087 1500 2195 1562 per
2226 1497 2463 1544 certum
2498 1480 2823 1542 Nuncium
2862 1480 3015 1542 mitti
3049 1481 3224 1557 solet,

604 1586 657 1646 ei
702 1588 995 1662 tradatur,
1040 1587 1277 1648 illiusve
1324 1587 1505 1668 capiti
1550 1588 1927 1669 imponatur,
1976 1587 2133 1665 juret
2179 1588 2243 1650 in
2283 1584 2569 1650 manibus
2617 1607 2918 1669 personae
2963 1587 3223 1664 alicujus

602 1693 667 1753 in
715 1692 1005 1774 dignitate
1040 1694 1452 1755 Ecclesiastica
1500 1694 1889 1772 constitutae,
1936 1695 2034 1756 cui
2084 1695 2145 1756 id
2190 1695 2423 1775 negotii
2470 1697 2686 1757 datum
2737 1693 2936 1770 fuer-it,
2970 1713 3034 1755 se
3066 1693 3222 1755 intra

604 1819 837 1860 annum
870 1821 903 1860 a
937 1800 1034 1861 die
1067 1800 1336 1882 praestiti
1370 1800 1699 1879 juramenti
1736 1801 2197 1862 numerandum
2233 1802 2404 1862 omni
2440 1820 2614 1862 mora
2648 1800 3005 1882 postposita,
3029 1816 3086 1860 et
3104 1799 3221 1861 im-

603 1906 960 1987 pedimento
1013 1922 1276 1984 remoto,
1326 1907 1401 1968 ad
1436 1908 1694 1986 Urbem,
1744 1908 1840 1968 vel
1892 1908 2033 1985 ali0,
2087 1908 2197 1968 ubi
2250 1908 2536 1969 Romana
2586 1907 2773 1969 Curia
2822 1926 2897 1969 eo
2942 1922 3222 1988 tempore

605 2013 804 2091 fuerit,
841 2015 1239 2095 personaliter
1276 2015 1708 2094 adventurum,
1742 2031 1808 2076 ut
1839 2015 2007 2076 sistat
2038 2034 2102 2075 se
2135 2014 2340 2092 nobis,
2357 2029 2463 2076 aut
2496 2035 2611 2096 pro
2643 2031 2921 2095 tempore
2943 2013 3221 2076 existenti

603 2121 895 2182 Romano
930 2122 1231 2201 Pontifici,
1265 2136 1324 2182 et
1358 2122 1616 2183 Sanctae
1638 2121 1781 2183 Sedi
1805 2123 2199 2204 Apostolicae
2233 2121 2409 2200 cujus
2430 2121 2749 2203 obsequiis
2771 2121 2882 2182 erit
2901 2121 3219 2202 ascriptus,

602 2242 661 2287 et
705 2229 1009 2307 quamdiu
1042 2228 1157 2309 ipsi
1193 2227 1476 2289 Pontifici
1508 2228 1713 2290 visum
1746 2228 1948 2302 fuerit,
1985 2229 2229 2290 muneri
2264 2246 2381 2290 suo
2414 2229 2763 2289 incumbat:
2813 2244 2995 2309 atque
3028 2228 3109 2289 ita
3143 2228 3217 2288 de

601 2335 861 2415 legibuS,
905 2336 1200 2412 moribus,
1246 2337 1821 2410 consuetudinibuS‚
1870 2358 1939 2398 ac
1985 2352 2114 2399 toto
2161 2353 2320 2398 statu
2371 2336 2646 2414 ejusdem
2683 2335 2860 2397 Sedis
2908 2334 3086 2416 plene
3118 2333 3215 2394 in·

601 2457 933 2520 struantur,
967 2459 1153 2524 atque
1185 2444 1262 2504 ad
1297 2443 1600 2504 Ecclesiae
1633 2462 1741 2504 seu
1777 2444 2152 2523 Provinciae,
2184 2443 2283 2505 cui
2306 2443 2512 2505 forsan
2533 2442 2808 2525 praeerit,
2829 2442 3218 2503 necessitates

602 2549 1031 2630 sublevandas,
1080 2553 1309 2611 abusus
1357 2551 1678 2627 tollendOS,
1714 2569 1921 2612 mores
1958 2550 2406 2630 reformandos,
2440 2549 2922 2612 Ecclesiasticam
2954 2546 3220 2628 discipli-

603 2674 770 2733 nam,
801 2656 850 2718 si
885 2676 1006 2738 qua
1040 2678 1113 2720 ex
1145 2674 1310 2742 parte
1342 2657 1693 2720 labefactata
1728 2657 1926 2738 fuerit,
1961 2658 2403 2721 restituendam
2441 2673 2814 2740 opportuna,
2849 2671 2907 2718 et
2938 2653 3220 2717 salutaria

600 2764 858 2825 consilia
891 2767 966 2825 ab
1001 2765 1190 2846 ipsius
1225 2766 1541 2826 Pontificis
1576 2782 1824 2846 paterna
1859 2766 2164 2844 charitate,
2200 2766 2517 2847 sapientia,
2542 2780 2600 2826 et
2621 2762 2929 2844 vigilantia
2951 2761 3220 2842 recipiat,

603 2886 661 2930 et
694 2890 809 2951 pro
841 2871 1071 2933 viribus
1103 2888 1458 2952 exequatur.
1494 2871 1692 2933 Cuius
1713 2872 1969 2952 quidem
2003 2871 2329 2950 juramenti
2365 2888 2697 2954 postquam
2730 2890 2838 2952 per
2869 2888 3014 2930 eum
3047 2887 3220 2951 prae-

601 2977 813 3037 stitum
846 2977 1043 3056 fuerit,
1077 2979 1397 3060 publicum
1431 2979 1575 3038 inde
1609 2978 2092 3040 instrumentum
2128 2979 2509 3058 conficiatur,
2544 2996 2602 3040 et
2633 2980 2696 3039 in
2729 2977 2930 3039 forma
2960 2977 3222 3037 authen·

602 3083 715 3143 tica
766 3084 841 3143 ad
892 3103 1028 3162 nos,
1080 3083 1177 3144 vel
1225 3084 1416 3145 nostri
1466 3104 1580 3164 pro
1632 3100 1912 3165 tempore
1945 3086 2380 3146 Successorem
2428 3085 2595 3146 nulla
2641 3080 3001 3165 interposita
3047 3100 3221 3142 mora

600 3191 1060 3251 transmittatur.
1126 3190 1320 3266 Quod
1361 3191 1411 3251 si
1446 3190 1599 3252 forte
1633 3191 1694 3251 id
1727 3191 1926 3269 jurare
1959 3193 2344 3272 recusaverit,
2380 3195 2674 3254 volumus
2707 3208 2772 3252 ut
2805 3191 3080 3251 Biretum
3113 3207 3217 3248 ru-

601 3298 786 3359 brum
817 3297 872 3357 ei
906 3297 1169 3359 omnino
1203 3299 1563 3377 denegetur,
1598 3317 1668 3358 ac
1701 3318 2102 3379 nequaquam
2133 3299 2424 3378 tradatur,
2459 3300 2567 3359 sed
2599 3299 2734 3380 ipso
2768 3297 2948 3374 facto,
2982 3297 3216 3375 absque

600 3404 713 3465 alia
765 3405 1189 3482 declaratione,
1239 3406 1338 3466 vel
1388 3405 1631 3466 decreto
1666 3405 2096 3467 Cardinalatus
2147 3407 2386 3467 honore
2440 3406 2710 3487 privatus
2758 3405 2988 3482 existat,
3035 3417 3222 3481 atque

600 3511 915 3590 habeatur,
949 3512 1014 3573 in
1047 3513 1344 3574 omnibus
1379 3527 1440 3573 et
1472 3532 1580 3593 per
1600 3513 1808 3573 omnia
1831 3512 1952 3573 acsi
1972 3532 2321 3593 numquam
2344 3511 2407 3572 in
2430 3511 2828 3574 Cardinalem
2850 3525 3223 3589 assumptuS,

601 3621 694 3681 vel
741 3636 1066 3701 promotus
1115 3620 1361 3681 fuisset.'
1408 3621 1698 3681 Inhabilis
1751 3640 2008 3700 quoque
2042 3621 2118 3680 ad
2152 3620 2438 3681 eamdem
2469 3620 2827 3699 dignitatem
2861 3633 3070 3701 postea
3101 3618 3221 3677 ob-

599 3725 936 3801 tinendam,
983 3744 1040 3787 et
1084 3727 1247 3788 illius
1282 3726 1538 3808 incapax
1572 3725 1890 3787 efficiatur.
1954 3726 2061 3787 Sin
2095 3741 2304 3787 autem
2337 3725 2514 3805 juret,
2550 3747 2619 3787 ac
2651 3727 2926 3787 Biretum
2959 3726 3216 3785 rubrum

600 3834 871 3915 accipiat,
918 3835 1026 3896 sed
1071 3850 1279 3896 tamen
1330 3849 1542 3915 postea
1576 3834 1652 3894 ad
1687 3834 1942 3912 Urbem,
1976 3849 2034 3895 et
2067 3835 2419 3896 Romanam
2442 3835 2726 3912 Curiam,
2762 3850 2829 3895 ut
2861 3832 3221 3915 praefertur,

599 3942 753 4004 intra
786 3963 1025 4005 annum
1058 3964 1089 4003 a
1122 3943 1221 4004 die
1252 3941 1524 4024 praestiti
1557 3940 1886 4019 juramenti
1922 3962 2050 4003 non
2083 3942 2513 4022 comparuerit,
2543 3957 2694 4002 tunc
2728 3940 2949 4020 pariter
2980 3943 3215 4018 absque

598 4049 710 4110 alia
745 4050 1159 4111 declaratione
1191 4049 1621 4111 Cardinalatus
1654 4049 1969 4127 dignitate,
2005 4047 2233 4126 officio,
2259 4047 2457 4126 titulo,
2483 4047 3007 4121 denominatione,
3028 4058 3215 4124 atque

599 4156 912 4233 omnibuS,
945 4172 1002 4217 et
1034 4156 1544 4236 quibuscumque
1576 4154 1740 4215 illius
1774 4153 2138 4233 insignibus,
2173 4152 2575 4232 facultatibus,
2612 4151 2941 4235 privilegiis
2972 4166 3077 4211 aut
3107 4169 3218 4209 au·

600 4262 975 4323 ctoritatibus
1022 4278 1217 4322 careat
1263 4280 1338 4321 eo
1387 4260 1543 4341 ips0,
1597 4276 1655 4321 et
1688 4275 1989 4343 perpetuo
2023 4260 2293 4341 privatus
2325 4259 2419 4337 sit,
2454 4274 2513 4320 et
2546 4279 2677 4320 esse
2711 4272 3049 4334 censeatur,
3082 4276 3220 4337 per-

600 4368 742 4429 inde
776 4388 844 4428 ac
876 4368 924 4428 si
958 4386 1308 4447 numquam
1345 4368 1502 4427 inter
1525 4368 1885 4428 Cardinales
1920 4382 2242 4450 cooptatus
2271 4365 2502 4445 fuisset,
2526 4386 2642 4427 nec
2661 4366 2940 4426 Biretum
2959 4366 3219 4425 rubrum

600 4474 947 4555 accepisset.
1015 4472 1208 4548 Quod
1241 4473 1497 4553 quidem
1533 4473 1799 4534 biretum
1833 4491 1972 4556 post
2005 4473 2066 4533 id
2098 4489 2345 4556 tempus
2378 4472 2705 4533 confestim
2739 4473 3051 4553 deponere
3082 4488 3222 4530 om·-

600 4579 748 4640 nino
781 4593 1078 4640 teneatur.

816 4695 845 4757 s
892 4707 990 4752 20.
1061 4686 1471 4748 Decernentes
1517 4686 1602 4748 sic
1648 4687 1711 4748 in
1757 4688 2103 4768 praemissis
2150 4688 2466 4767 omnibus,
2503 4702 2562 4748 et
2594 4685 2852 4766 singulis
2886 4704 2994 4766 per
3027 4702 3220 4763 quos-

601 4814 869 4875 cumque
901 4795 1164 4871 Judices,
1199 4810 1255 4856 et
1288 4795 1785 4875 CommissariOS,
1822 4797 2006 4859 etiam
2039 4816 2365 4858 causarum
2399 4795 2607 4856 Palatii
2642 4792 2985 4875 Apostolici
3019 4790 3219 4852 Audi·

599 4918 781 4981 tores,
830 4917 888 4963 et
935 4903 1103 4982 ipsos
1136 4901 1391 4963 Sanctae
1427 4903 1748 4963 Romanae
1782 4904 2087 4965 Ecclesiae
2121 4904 2497 4983 CardinaleS,
2552 4904 2616 4964 in
2668 4901 2884 4983 quavis
2933 4919 3112 4961 causa
3160 4916 3220 4960 et

602 5009 905 5087 instantia,
929 5008 1163 5069 sublata
1185 5009 1290 5087 eis,
1315 5024 1611 5069 eteorum
1635 5008 1861 5088 cuique
1892 5011 2108 5091 quavis
2129 5011 2301 5071 aliter
2333 5009 2662 5088 judicandi,
2695 5024 2753 5070 et
2784 5006 3221 5090 interpretandi
