3684 5416
608 1541 656 1572 10

608 2074 652 2117 ¹5

602 2608 656 2639 20

601 3142 650 3185 25

600 3677 653 3721 30

599 4210 647 4252 ἰε

597 4745 651 4787 ⁴0

709 360 778 419 82

1347 364 1614 419 Potestas
1654 363 2036 419 ecclesiastica
2077 376 2135 420 et
2171 365 2476 436 imperium
2515 366 2691 424 civile.

711 547 968 630 Ἰουλίῳ
1004 545 1104 623 ιζ’,
1152 549 1226 609 ἐν
1256 545 1347 626 τῷ
1378 548 1555 609 κατὰ
1587 547 1988 626 Καρθαγέν-
2013 560 2019 593 ¹
2046 548 2333 610 Nartzalo
2365 567 2422 611 et
2442 549 2697 629 Cittino‚
2735 553 2996 631 Donata,
3018 552 3315 630 Secunda,

708 677 836 719 ναν
886 654 1339 740 βουλευτηρίῳ
1390 653 1697 733 ἤχθησαν
1730 669 1989 732 παρασ-
2045 654 2272 734 Vestia,
2319 656 2692 719 Saturninus
2742 659 3081 740 proconsul
3132 660 3311 720 dixit:

711 766 974 845 τάσιμοι
998 763 1382 840 Σπερᾶτος,
1405 763 1854 840 Νάρτζαλλος
1873 760 1988 824 καὶ
2045 762 2302 824 Potestis
2346 763 2796 841 indulgentiam
2843 765 3083 828 domini
3129 765 3314 826 nostri

710 872 1037 947 Κιττῖνος,
1101 871 1398 942 Δονᾶτα,
1463 867 1830 931 Σεκούνδα
1873 868 1986 931 καὶ
2049 868 2433 951 imperatoris
2485 873 2821 952 promereri
2870 873 2920 933 si
2967 872 3043 933 ad
3090 874 3311 933 bonam

712 975 963 1041 Ἑστία.
1030 976 1207 1056 πρὸς
1254 974 1380 1053 οὓς
1428 975 1898 1054 Σατουρνῖνος
1946 977 1986 1037 ὁ
2045 991 2317 1038 mentem
2350 979 2625 1040 redeatis,

711 1084 1104 1162 ἀνθύπατος
1123 1098 1355 1166 φησιν·
1396 1082 1779 1146 Ἐδύνασθε
1798 1083 1989 1161 παρὰ

2138 1103 2191 1147 2.
2242 1085 2533 1165 Speratus
2565 1087 2741 1148 dixit:
2790 1088 3155 1168 Numquam
3188 1106 3312 1147 ma·

710 1195 833 1255 τοῦ
877 1192 1061 1274 ἡμῶν
1093 1191 1613 1268 αὐτοκράτορος
1644 1189 1987 1269 συγχωρή-
2041 1189 2379 1268 lefecimuS,
2433 1193 2739 1274 iniquitati
2778 1193 3015 1255 nullam
3067 1212 3313 1275 operam

710 1314 890 1377 σεως
924 1298 1313 1379 ἀξιωθῆναι,
1348 1298 1472 1359 ἐὰν
1492 1299 1634 1375 ἄρα
1653 1295 1988 1378 σώφρονα
2041 1299 2470 1378 praebuimus;
2504 1321 2855 1382 numquam
2876 1302 3316 1374 malediximus»,

707 1405 1036 1488 λογισμὸν
1055 1404 1600 1483 ἀνακαλέσησθε.
1627 1404 1666 1463 ὁ
1689 1401 1770 1465 δὲ
1790 1405 1988 1482 ἅγιος
2040 1405 2148 1466 sed
2180 1407 2339 1467 male
2372 1408 2601 1489 accepti
2631 1410 2852 1489 gratias
2880 1409 3140 1487 egimus,
3175 1427 3315 1488 pro·

711 1511 1076 1592 Σπερᾶτος
1114 1510 1523 1590 ἀπεκρίνατο
1555 1511 1805 1590 λέγων·
1858 1509 1985 1573 Οὐ-

710 1618 958 1683 δέποτε
989 1618 1620 1700 ἐκακούργήσαμεν,
1654 1616 1989 1680 οὐδέποτε

708 1725 1272 1808 κατηρασάμεθα,
1295 1726 1473 1788 ἀλλὰ
1487 1724 1614 1808 μὴν
1628 1724 1740 1787 καὶ
1758 1725 1989 1803 κακῶς

707 1831 1067 1912 δεχθέντες
1129 1835 1677 1914 εὐχαριστοῦμεν,
1757 1830 1986 1908 ἐπειδὴ

709 1941 801 2022 τῷ
831 1941 970 2022 θεῷ
1005 1941 1191 2021 ἡμῶν
1220 1939 1334 2002 καὶ
1373 1941 1635 2025 βασιλεῖ
1668 1937 1987 2001 δουλεύο-

709 2067 847 2130 μεν.
875 2048 1344 2126 Σατουρνῖνος
1364 2047 1406 2107 ὁ
1427 2045 1819 2124 ἀνθύπατος
1834 2044 1983 2126 ἔφη·

715 2154 932 2217 Ἀλλὰ
960 2154 1074 2217 καὶ
1107 2155 1296 2237 ἡμεῖς
1332 2152 1824 2234 θρησκεύομεν,
1873 2150 1987 2214 καὶ

711 2261 886 2341 ἁπλὴ
921 2263 960 2340 ἡ
1007 2261 1166 2325 καθ’
1200 2264 1377 2343 ἡμᾶς
1421 2259 1759 2339 θρησκεία
1788 2258 1986 2322 καθέ-

711 2383 974 2447 στηκεν·
1026 2368 1138 2430 καὶ
1173 2367 1258 2448 δὴ
1294 2367 1630 2450 ὀμνύομεν
1658 2366 1837 2428 κατὰ
1867 2368 1988 2444 τῆς

710 2475 1221 2557 συμπεφυκυίας
1243 2473 1678 2556 εὐδαιμονίας
1698 2477 1817 2536 τοῦ
1837 2473 1986 2535 δεσ-

707 2581 921 2644 πότου
952 2583 1136 2665 ἡμῶν
1159 2582 1514 2666 βασιλέως,
1545 2580 1658 2644 καὶ
1678 2579 1849 2660 ὑπὲρ
1868 2584 1988 2660 τῆς

709 2689 923 2752 αὐτοῦ
956 2688 1298 2769 σωτηρίας
1328 2687 1732 2771 ἱκετεύομεν·
1785 2687 1826 2751 ὃ
1872 2687 1985 2752 καὶ

707 2796 884 2878 ὑμᾶς
944 2795 1274 2874 ὡσαύτως
1336 2795 1461 2875 χρὴ
1509 2801 1740 2858 ποιεῖν.
1814 2796 1857 2857 ὁ
1905 2796 1985 2859 δὲ

710 2904 905 2981 ἅγιος
938 2902 1304 2980 Σπερᾶτος
1337 2902 1536 2966 εἶπεν·
1590 2902 1757 2965 Ἐὰν
1784 2904 1984 2982 γαλη-

706 3006 959 3086 νιώσας
1005 3028 1113 3091 μοι
1156 3011 1281 3088 τὰς
1326 3010 1459 3087 σὰς
1507 3010 1728 3087 ἀκοὰς
1771 3011 1983 3089 παρά-

708 3130 895 3196 σχῃς,
931 3116 1068 3193 ἐρῶ
1101 3116 1178 3178 τὸ
1212 3119 1331 3194 τῆς
1365 3117 1671 3196 ἀληθοῦς
1703 3117 1983 3196 ἁπλότη-

707 3243 825 3301 τος
858 3222 1243 3305 μυστήριον.
1295 3223 1763 3302 Σατουρνῖνος
1802 3225 1841 3285 ὁ
1877 3226 1984 3286 ἀν-

705 3328 1010 3408 θύπατος
1087 3328 1235 3417 ἔφη·
1321 3330 1794 3413 Ἐναρξαμένῳ
1874 3347 1983 3393 σοι

704 3436 973 3515 πονηρὰ
1015 3437 1241 3515 λέγειν
1268 3439 1448 3499 κατὰ
1480 3438 1611 3500 τῶν
1643 3438 1985 3519 ἡμετέρων

705 3542 908 3622 ἱερῶν
938 3544 1062 3621 τὰς
1086 3545 1308 3622 ἀκοάς
1330 3565 1459 3626 μου
1480 3546 1562 3607 οὐ
1584 3544 1979 3624 προσθήσω·

708 3651 852 3713 ἀλλ’
890 3650 1194 3733 ὀμόσατε
1227 3652 1483 3733 μᾶλλον
1519 3652 1697 3715 κατὰ
1728 3655 1849 3730 τῆς
1882 3655 1982 3717 εὐ-

707 3756 1061 3840 δαιμονίας
1107 3760 1229 3819 τοῦ
1277 3757 1618 3821 δεσπότου
1653 3759 1838 3840 ἡμῶν
1872 3762 1983 3823 αὐ-

705 3865 1150 3943 τοκράτορος.
1187 3866 1227 3925 ὁ
1259 3866 1457 3944 ἅγιος
1491 3865 1854 3945 Σπερᾶτος
1884 3868 1983 3929 λέ-

705 3991 842 4048 γει·
895 3968 1073 4048 Ἐγὼ
1121 3970 1240 4043 τὴν
1295 3972 1645 4056 βασιλείαν
1691 3976 1812 4037 τοῦ
1864 3977 1985 4036 νῦν

707 4078 956 4154 αἰῶνος
1006 4079 1089 4138 οὐ
1142 4076 1471 4155 γινώσκω,
1530 4080 1694 4140 αἰνῶ
1745 4078 1827 4143 δὲ
1871 4081 1984 4143 καὶ

705 4182 1014 4262 λατρεύω
1066 4185 1157 4265 τῷ
1209 4186 1343 4266 ἐμῷ
1394 4186 1553 4267 θεῷ,
1619 4184 1701 4247 ὃν
1753 4187 1983 4266 οὐδεὶς

704 4290 835 4351 τῶν
869 4289 1245 4368 ἀνθρώπων
1278 4292 1608 4355 τεθέαταν
1646 4292 1815 4357 οὐδὲ
1847 4296 1982 4374 γὰρ

706 4394 854 4457 οἷόν
899 4418 973 4459 τε
1018 4397 1283 4476 τούτοις
1315 4403 1456 4476 τοῖς
1489 4401 1840 4480 αἰσθητοῖς
1875 4400 1981 4483 ὄμ-

705 4519 884 4585 μασι.
935 4504 1191 4584 κλοπὴν
1224 4509 1305 4567 οὐ
1339 4506 1688 4585 πεποίηκα·
1742 4507 1890 4569 ἀλλ’
1924 4508 1985 4571 εἴ

705 4631 760 4672 τι
793 4611 904 4672 καὶ
937 4613 1247 4689 πράσσω,
1282 4614 1360 4676 τὸ
1393 4614 1589 4691 τέλος
1616 4613 1980 4696 ἀποτίνυμι,

706 4717 804 4779 ὅτι
839 4717 1253 4797 ἐπιγινώσκω
1274 4720 1395 4782 τὸν
1412 4718 1650 4797 κύριον
1671 4720 1856 4800 ἡμῶν
1869 4721 1981 4783 καὶ

710 4826 997 4908 βασιλέα
1043 4828 1172 4888 τῶν
1222 4828 1556 4911 βασιλέων
1592 4826 1704 4889 καὶ
1740 4826 1981 4890 δεσπό-

705 4953 823 5010 την
855 4933 1121 4996 πάντων
1161 4935 1291 4996 τῶν
1324 4934 1559 4995 ἐθνῶν.
1612 4934 1979 5014 Σατουρνῖ-

2043 1527 2177 1592 pter
2221 1514 2394 1593 quod
2426 1514 2858 1595 imperatorem
2894 1531 3173 1577 nostrum
3205 1516 3316 1576 ob-

2042 1639 2386 1683 seruamus.

2138 1748 2193 1807 3.
2230 1728 2600 1790 Saturninus
2641 1730 2979 1810 proconsul
3018 1729 3199 1790 dixit:
3246 1729 3318 1790 Et

2045 1854 2162 1895 nos
2182 1835 2448 1916 religiosi
2481 1855 2720 1914 sumus,
2744 1851 2805 1897 et
2834 1836 3093 1917 simplex
3115 1851 3207 1897 est
3225 1855 3317 1897 re-

2044 1940 2193 2019 ligio
2227 1958 2455 2018 nostra‚
2505 1958 2563 2005 et
2611 1944 2889 2005 iuramus
2923 1962 3031 2024 per
3060 1944 3317 2022 genium

2043 2049 2284 2110 domini
2305 2050 2496 2110 nostri
2519 2050 2903 2131 imperatoris
2920 2067 2979 2112 et
2995 2070 3110 2132 pro
3126 2051 3318 2112 salute

2043 2156 2176 2217 eius
2209 2156 2668 2237 supplicamus;
2711 2158 2885 2239 quod
2919 2174 2978 2219 et
3010 2177 3126 2219 uos
3159 2177 3306 2238 quo-

2043 2282 2166 2342 que
2201 2262 2394 2324 facere
2428 2264 2679 2326 debetis.

2130 2391 2192 2449 4.
2243 2370 2536 2452 Speratus
2597 2371 2772 2432 dixit:
2839 2372 2902 2433 Si
2962 2373 3321 2452 tranquillas

2044 2479 2398 2559 praebueris
2459 2499 2638 2540 aures
2686 2495 2840 2556 tuas,
2903 2479 3042 2540 dico
3095 2494 3320 2561 myste-

2045 2585 2207 2646 rium
2239 2584 2660 2666 simplicitatis.

2140 2714 2192 2772 5.
2227 2692 2602 2756 Saturninus
2624 2692 2963 2774 proconsul
2989 2693 3166 2755 dixit:
3200 2693 3316 2755 Ini-

2041 2800 2213 2860 tianti
2249 2800 2357 2861 tibi
2389 2800 2549 2861 mala
2582 2801 2659 2862 de
2692 2801 2875 2862 sacris
2897 2801 3122 2862 nostris
3143 2820 3317 2862 aures

2042 2926 2173 2968 non
2207 2910 2540 2988 praebebo;
2589 2909 2696 2969 sed
2744 2909 2951 2988 potius
2985 2908 3176 2969 iurate
3213 2927 3320 2989 per

2039 3013 2297 3093 genium
2330 3014 2569 3075 domini
2602 3016 2793 3076 nostri
2825 3015 3230 3096 imperatoris.

2131 3122 2189 3182 6.
2241 3121 2533 3201 Speratus
2579 3122 2758 3183 dixit:
2808 3123 2943 3202 Ego
2988 3121 3317 3203 imperium

2043 3228 2229 3289 huius
2250 3227 2477 3289 saeculi
2496 3246 2624 3289 non
2647 3247 2978 3309 cognosm‚
3001 3229 3108 3289 sed
3130 3227 3318 3309 magis

2042 3334 2127 3395 illi
2162 3336 2282 3396 deo
2314 3334 2521 3396 seruio
2554 3355 2743 3415 quem
2778 3355 2968 3396 nemo
2987 3337 3316 3397 hominum

2040 3442 2198 3503 uidit
2229 3462 2342 3503 nec
2371 3443 2584 3504 uidere
2608 3441 2703 3502 his
2723 3442 2918 3503 oculis
2937 3457 3157 3523 potest.
3176 3442 3317 3503 ·fur-

2039 3565 2174 3611 tum
2240 3569 2367 3610 non
2430 3549 2581 3623 feci:
2647 3550 2754 3610 sed
2804 3550 2854 3609 si
2906 3550 3058 3630 quid
3110 3568 3319 3610 emero

2041 3657 2406 3719 theloneum
2440 3657 2653 3734 redd0‚
2685 3657 2829 3737 quia
2861 3675 3174 3735 cognosco
3206 3657 3317 3717 do—

2042 3764 2286 3825 minum
2311 3782 2521 3824 meum
2545 3780 2601 3824 et
2635 3763 3069 3845 imperatorem
3102 3782 3316 3843 regum

2042 3872 2329 3932 omnium
2363 3871 2661 3949 gentium.

2133 4000 2193 4045 7-
2224 3977 2594 4039 Saturninus
2627 3977 2966 4059 proconsul
2994 3977 3143 4038 dixit
3162 3994 3318 4038 cete-

2043 4084 2151 4145 ris:
2188 4085 2463 4145 Desinite
2498 4085 2684 4146 huius
2718 4105 2849 4146 esse
2883 4084 3315 4166 persuasionis.

2131 4192 2421 4272 Speratus
2456 4192 2635 4252 dixit:
2686 4192 2847 4252 Mala
2881 4208 2970 4253 est
3002 4191 3319 4272 persuasio

2041 4299 2451 4361 homicidium
2506 4299 2714 4375 facere,
2764 4298 2987 4360 falsum
3037 4299 3317 4359 testimo-

2039 4406 2214 4467 nium
2250 4406 2469 4467 dicere.

2132 4515 2188 4574 8.
2222 4512 2593 4574 Saturninus
2615 4513 2953 4593 proconsul
2975 4513 3149 4574 dixit:
3188 4514 3320 4575 No-

2039 4621 2142 4680 lite
2186 4620 2376 4681 huius
2413 4621 2755 4682 dementiae
2795 4640 2925 4680 esse
2977 4620 3316 4702 participes,

2128 4727 2398 4789 Cittinus
2447 4727 2630 4788 dixit:
2680 4728 2812 4789 Nos
2852 4747 2984 4788 non
3019 4728 3319 4790 habemus

2040 4834 2230 4895 alium
2252 4854 2441 4915 quem
2464 4834 2813 4913 timeamus,
2847 4836 2964 4897 nisi
2986 4836 3316 4897 dominum

2038 4941 2226 5002 deum
2261 4957 2542 5002 nostrum
2578 4942 2688 5023 qui
2719 4959 2808 5003 est
2840 4943 2904 5004 in
2938 4943 3137 5004 caelis.
