3684 5416
283 1517 329 1547 (0

278 2585 333 2618 20

282 3654 339 3697 30

285 4190 338 4235 35

292 4728 349 4767 qo

1015 340 1279 394 Potestas
1320 338 1700 394 ecclesiastica
1741 352 1798 393 et
1835 339 2137 408 imperium
2178 338 2353 391 civile.
2882 352 2985 405 ²07

380 521 695 584 stamentis
738 521 1024 603 legantur
1068 542 1180 604 pro
1229 522 1630 584 ultramarino
1665 522 1920 586 transitu
1953 523 2030 584 ad
2064 521 2472 583 resistendum
2505 519 2858 582 infidelibus
2888 534 2995 580 aut

380 647 493 715 pro
527 629 907 711 captivorum
942 632 1017 692 ab
1053 631 1201 713 ipsis
1232 631 1656 712 redemptione
1688 632 1783 692 vel
1816 649 2164 712 pauperum
2197 628 2613 709 impotentum
2645 629 2990 689 substenta-

379 736 546 798 tione
593 736 929 816 ceterisque
976 737 1301 814 similibus,
1346 740 1422 800 ad
1469 738 1676 801 solum
1724 736 2178 819 principantem
2227 735 2571 796 secundum
2622 730 2986 811 legislatoris

378 843 955 906 determinationem
987 864 1056 906 ac
1086 845 1348 928 legantis
1379 847 1477 908 vel
1508 845 1679 908 aliter
1709 844 2022 926 largientis
2054 843 2462 906 intentionem
2494 842 2825 923 disponere
2858 857 2993 921 per·

378 949 545 1010 tinet.
595 983 683 992 —
735 969 787 1011 c.
827 970 926 1030 30.
979 951 1459 1015 Haereticos
1505 971 1855 1033 omnesque
1903 951 2336 1031 delinquentes
2368 966 2426 1012 et
2456 949 2761 1011 arcendos
2795 966 2996 1029 poena

377 1056 474 1118 vel
519 1055 828 1138 supplicio
874 1057 1198 1139 temporali
1246 1058 1512 1121 iudicare
1544 1057 1775 1120 iudicio
1808 1058 2084 1120 coactivo
2117 1076 2476 1138 poenasque
2511 1056 2866 1140 personales
2898 1054 2995 1116 in·

381 1164 591 1244 fligere
625 1184 695 1226 ac
724 1165 916 1227 reales
946 1166 1185 1247 exigere
1205 1167 1492 1249 ipsasque
1514 1166 1818 1248 applicare
1839 1167 1917 1228 ad
1936 1166 2132 1228 solius
2150 1165 2552 1249 principantis
2572 1162 2995 1226 auctoritatem

384 1271 647 1353 pertinet
675 1274 1021 1335 secundum
1053 1274 1416 1355 legislatoris
1448 1275 1706 1336 humani
1739 1274 2332 1339 determinationem.
2378 1307 2467 1318 —-
2512 1293 2562 1335 c.
2595 1293 2626 1353 3
2647 1293 2694 1334 r.
2743 1272 2801 1333 N
2818 1290 2852 1332 e
2870 1290 2929 1331 m
2948 1269 2993 1330 i-

381 1401 422 1442 n
439 1400 474 1440 e
494 1399 554 1440 m
605 1401 636 1440 s
651 1400 692 1441 u
709 1382 748 1441 b
765 1381 803 1442 d
822 1381 876 1442 it
893 1403 933 1442 u
952 1402 1011 1443 m
1059 1398 1119 1444 et
1165 1402 1273 1464 per
1318 1383 1731 1445 iuramentum
1778 1382 2016 1444 licitum
2050 1382 2219 1444 alteri
2250 1381 2589 1463 obligatum
2622 1425 2833 1443 .....
2866 1399 2906 1460 p
2922 1398 2956 1439 e
2972 1398 2999 1439 r

381 1488 854 1569 episcopum
905 1504 1009 1549 aut
1041 1490 1466 1571 presbyterum
1496 1490 1768 1571 aliquem
1814 1489 2026 1552 solvi
2072 1508 2327 1571 posse.
2378 1521 2464 1530 -
2514 1507 2563 1548 c.
2602 1507 2699 1568 33.
2751 1486 2997 1547 Gene-

382 1596 548 1656 rale
595 1595 1038 1657 concilium
1084 1612 1189 1659 aut
1235 1597 1483 1678 partiale
1528 1599 1918 1660 sacerdotum
1951 1613 2010 1659 et
2042 1597 2477 1679 episcoporum
2513 1617 2582 1658 ac
2614 1597 2997 1678 reliquorum

382 1701 665 1764 fidelium
713 1721 822 1784 per
868 1705 1200 1766 coactivam
1233 1721 1594 1788 potestatem
1627 1723 2020 1783 congregare,
2065 1705 2142 1765 ad
2175 1703 2422 1766 fidelem
2453 1705 2866 1786 legislatorem
2898 1719 3001 1765 aut

381 1809 518 1871 eius
549 1809 907 1872 auctoritate
940 1812 1387 1893 principantem
1421 1813 1483 1874 in
1517 1812 2062 1875 communitatibus
2097 1812 2369 1874 fidelium
2403 1814 2840 1876 tantummodo
2862 1831 3002 1895 per-

382 1917 578 1979 tinere
626 1936 742 1978 nec
779 1917 844 1979 in
876 1918 1046 1980 aliter
1073 1937 1447 2001 congregato
1479 1920 1877 1983 determinata
1911 1920 2031 1981 vim
2068 1935 2170 1981 aut
2202 1922 2393 1982 robur
2424 1921 2647 1982 habere
2681 1921 2756 1981 ad
2790 1922 3002 1982 obser·

383 2024 700 2085 vationem
734 2043 985 2106 quoque
1020 2027 1335 2088 neminem
1367 2027 1639 2107 obligare
1672 2026 1996 2108 temporali
2017 2043 2122 2088 aut
2140 2025 2437 2107 spirituali
2457 2045 2657 2108 poena
2678 2027 2775 2087 vel
2794 2028 2996 2108 culpa.

385 2165 474 2174 —
527 2151 578 2193 c.
630 2151 731 2212 34.
784 2131 1086 2194 Ieiunia
1133 2150 1192 2196 et
1236 2134 1585 2216 aliquorum
1638 2134 1921 2196 ciborum
1968 2133 2420 2216 prohibitiones
2465 2133 2658 2196 solius
2702 2134 3005 2214 generalis

385 2238 638 2301 concilii
685 2238 962 2302 fidelium
1010 2261 1122 2303 seu
1167 2241 1363 2304 fidelis
1408 2243 1768 2323 legislatoris
1814 2242 2168 2305 auctoritate
2214 2240 2343 2303 fieri
2390 2242 2630 2303 debere.
2680 2275 2767 2285 —
2818 2261 2867 2304 c.
2905 2261 3005 2321 35.

387 2347 671 2409 Canon
693 2346 887 2408 izari
931 2363 1037 2409 aut
1083 2364 1401 2431 tamquam
1449 2366 1721 2411 sanctam
1757 2349 1996 2411 adorari
2029 2348 2408 2432 quempiam,
2442 2367 2550 2430 per
2579 2349 2784 2410 solum
2817 2367 3004 2427 gene-

387 2453 516 2515 rale
550 2452 885 2514 concilium
916 2453 1096 2515 statui
1128 2469 1188 2515 et
1219 2455 1488 2517 ordinari
1521 2457 1760 2517 debere.
1793 2489 1881 2498 —
1914 2476 1963 2516 c.
2002 2458 2101 2537 36.
2150 2454 2468 2537 Episcopis
2501 2470 2606 2515 aut
2638 2453 3006 2535 presbyteris

389 2560 655 2638 aliisque
685 2558 1065 2640 templorum
1097 2561 1394 2622 ministris
1425 2561 1475 2623 si
1523 2582 1564 2623 u
1583 2580 1813 2622 xores
1847 2562 2206 2623 interdicere
2238 2561 2546 2637 convenit,
2579 2559 2811 2639 reliqua
2845 2576 3005 2639 quo·

389 2684 520 2747 que
567 2664 720 2727 circa
766 2664 1238 2729 ecclesiasticum
1288 2667 1474 2730 ritum
1522 2687 1630 2750 per
1677 2667 1959 2747 generale
2005 2667 2210 2730 solum
2260 2666 2541 2730 fidelium
2574 2666 2907 2730 concilium
2946 2666 3006 2728 id

387 2771 575 2833 statui
610 2788 669 2833 et
700 2773 990 2852 ordinari,
1023 2791 1125 2836 aut
1158 2774 1312 2837 illud
1343 2776 1547 2837 solum
1583 2775 1912 2856 collegium
1949 2792 2056 2837 aut
2089 2794 2419 2858 personam
2440 2776 2502 2837 in
2524 2776 2645 2838 hoc
2665 2794 2809 2837 cum
2833 2793 3007 2855 prae-

390 2879 571 2942 dictis
616 2878 964 2961 dispensare
997 2900 1198 2964 posse,
1244 2883 1344 2944 cui
1379 2884 1512 2944 data
1547 2882 1728 2945 fuerit
1760 2883 1894 2944 eius
1927 2883 2253 2945 auctoritas
2286 2902 2395 2966 per
2425 2882 2761 2945 concilium
2793 2900 3009 2963 supra-

390 2988 650 3050 dictum.
684 3020 769 3031 —
803 3007 853 3048 c.
889 3007 988 3068 37.
1029 2993 1084 3049 A
1117 2988 1347 3050 iudicio
1379 2990 1671 3064 coactivo‚
1705 2992 2004 3074 episcopo
2036 2992 2132 3053 vel
2164 2992 2463 3054 sacerdoti
2495 3010 2814 3065 concesso,
2849 3006 3011 3050 sem-

390 3114 508 3178 per
538 3094 616 3155 ad
647 3094 1056 3173 legislatorem
1093 3097 1567 3158 contendentem
1600 3097 1777 3159 liceat
1810 3120 1841 3159 a
1861 3119 1900 3180 p
1920 3098 2224 3181 pellare
2256 3098 2353 3159 vel
2386 3098 2461 3159 ad
2495 3098 2624 3159 eius
2658 3096 3012 3159 auctoritate

392 3201 863 3284 principantem.
908 3235 996 3245 ——
1044 3222 1093 3263 c.
1133 3223 1232 3283 39.
1268 3203 1585 3285 Episcopis
1619 3206 1991 3286 reliquisque
2025 3205 2316 3266 ministris
2350 3203 2713 3283 evangelicis
2745 3222 2903 3282 quae
2937 3201 3013 3262 ad

391 3309 764 3370 alimentum
811 3324 869 3369 et
913 3324 1341 3390 tegumentum
1389 3330 1636 3374 necesse
1685 3312 1928 3387 fuerint,
1980 3312 2195 3373 saltem
2240 3311 2603 3390 quotidiana
2634 3311 2808 3387 vitae,
2856 3328 3014 3390 quae

391 3414 703 3476 ministrat
750 3416 1162 3496 evangelium,
1210 3417 1547 3479 multitudo
1592 3416 1689 3478 vel
1737 3436 2001 3499 persona
2048 3417 2377 3496 singularis
2422 3418 2771 3478 secundum
2810 3417 3013 3495 legem

393 3520 674 3583 divinam
707 3536 766 3582 et
795 3540 970 3583 suam
994 3522 1462 3603 possibilitatem
1485 3522 1771 3583 exhibere
1792 3537 2051 3599 tenetur,
2086 3522 2126 3583 d
2144 3542 2175 3582 e
2195 3541 2228 3582 c
2244 3523 2261 3582 i
2280 3541 2342 3583 m
2359 3543 2390 3582 a
2409 3543 2437 3582 s
2471 3540 2618 3583 vero
2637 3521 2732 3583 vel
2752 3522 3015 3583 alterum

395 3629 555 3711 quid
588 3628 778 3706 aliud,
824 3630 875 3690 si
908 3629 1273 3711 superfuerit
1305 3631 1617 3692 dictorum
1652 3630 2079 3692 ministrorum
2112 3628 2453 3691 necessitati
2486 3629 2869 3711 supplendae
2904 3648 3013 3690 ne-

398 3755 744 3819 quaquam.
780 3768 864 3780 ——
895 3755 948 3799 c.
984 3757 1089 3817 40.
1137 3737 1579 3818 Legislatorem
1613 3736 1863 3798 fidelem
1898 3751 2001 3797 aut
2021 3736 2152 3797 eius
2184 3736 2537 3797 auctoritate
2569 3736 3016 3817 principantem

397 3847 464 3909 in
519 3844 788 3906 subiecta
838 3844 951 3906 sibi
1002 3845 1316 3927 provincia
1369 3845 1865 3926 compellere
1926 3864 2109 3925 posse
2158 3860 2282 3906 tam
2335 3844 2773 3926 episcopos
2822 3863 3014 3922 quam

398 3954 677 4034 reliquos
722 3951 1108 4034 evangelicos
1154 3954 1488 4032 ministros,
1537 3953 1766 4033 quibus
1812 3953 1889 4014 de
1934 3952 2302 4015 sufficientia
2349 3953 2544 4014 victus
2589 3969 2647 4013 et
2679 3953 3016 4031 tegumenti

401 4060 727 4145 provisum
762 4075 871 4137 est,
919 4061 1006 4121 ad
1056 4055 1328 4123 divina
1376 4060 1664 4123 officia
1700 4061 2185 4121 celebranda
2232 4076 2291 4121 et
2323 4076 2701 4122 sacramenta
2734 4059 3016 4120 ecclesia-

398 4170 554 4231 stica
584 4168 1005 4229 ministranda.
1050 4202 1139 4212 —-
1183 4189 1234 4230 c.
1270 4189 1376 4248 4¹·
1423 4170 1913 4249 Episcopum
1967 4169 2401 4229 Romanum
2452 4185 2508 4228 et
2556 4167 2746 4228 alium
2798 4187 3018 4247 quem-

401 4277 556 4338 libet
606 4275 1078 4337 ecclesiasticum
1130 4296 1239 4337 seu
1289 4277 1668 4357 spiritualem
1718 4275 2067 4336 ministrum
2114 4275 2463 4337 secundum
2510 4274 2710 4354 legem
2745 4273 3016 4335 divinam

403 4402 519 4466 per
563 4382 770 4445 solum
815 4382 1065 4443 fidelem
1111 4383 1522 4464 legislatorem
1555 4400 1660 4444 aut
1693 4383 1826 4445 eius
1860 4383 2215 4445 auctoritate
2248 4383 2700 4464 principantem
2739 4382 2831 4443 vel
2866 4382 3018 4442 fide-

401 4492 566 4552 lium
610 4489 891 4571 generale
939 4492 1273 4552 concilium
1327 4493 1402 4553 ad
1449 4492 1728 4553 officium
1781 4491 2256 4553 ecclesiasticum
2302 4490 2636 4572 separabile
2671 4489 3020 4571 promoveri

406 4598 654 4672 debere,
708 4598 782 4656 ab
832 4599 1054 4659 eodem
1107 4618 1361 4679 quoque
1412 4599 1703 4680 suspendi
1758 4613 1943 4678 atque
1999 4598 2216 4679 privari
2270 4598 2549 4677 exigente
2602 4597 2827 4658 delicto
2876 4595 2933 4675 [1.
2970 4617 3023 4661 c.

403 4701 806 4786 473-4794
