3684 5416
373 1514 419 1544 10

375 2047 416 2090 ¹5

369 3118 418 3161 2Ξ)

371 3652 421 3693 30

371 4185 419 4229 ³5

368 4719 421 4758 ⁴0

1542 343 1711 397 Curia
1752 361 2009 399 romana.
2977 365 3080 418 495

472 524 763 601 mittatur,
808 540 865 584 et
910 526 985 585 ab
1033 524 1311 603 ingressu
1349 526 1544 587 Rotae
1594 528 2008 608 suspendatur
2056 549 2162 610 per
2195 547 2497 607 mensem,
2532 546 2588 591 et
2620 530 2785 591 idem
2818 533 2894 592 de
2927 531 3089 608 judi-

473 632 647 693 cibus
679 631 809 691 aliis
842 646 1004 692 extra
1029 631 1253 693 Rotam
1288 633 1702 716 praecipimus
1735 635 2064 712 observari,
2097 636 2326 715 quibus
2363 636 2413 697 si
2448 637 2830 719 negligentes
2867 638 3091 699 fuerint

471 757 684 798 causas
735 739 1020 818 expedire
1072 737 1226 799 infra
1277 739 1475 801 dictos
1526 760 1789 819 menseS,
1838 741 2080 822 aliquae
2120 761 2339 802 causae
2373 761 2479 822 per
2511 743 2812 805 trimestre
2845 759 3092 824 tempus

471 844 822 906 nullatenus
872 845 1306 908 committatur.
1372 847 1445 907 Et
1496 848 1547 908 si
1600 847 1780 909 fuerit
1834 848 2302 925 contrafactum,
2354 850 2826 911 commissiones
2859 851 3091 912 nullius

471 950 728 1011 existant
759 951 999 1013 roboris
1032 967 1090 1012 et
1122 954 1447 1014 momenti.

686 1068 715 1128 s
754 1061 850 1121 28.
901 1060 1235 1137 Praeterea,
1290 1062 1435 1141 quia
1486 1081 1667 1143 saepe
1718 1061 2044 1140 contingit,
2099 1063 2270 1141 quod
2324 1064 2529 1123 literae
2577 1064 2969 1144 Apostolicae
3014 1065 3089 1124 ad

471 1164 942 1247 impediendum
990 1183 1206 1248 parteS,
1258 1183 1315 1227 et
1366 1188 1467 1228 eas
1515 1168 1971 1229 involvendum
2023 1169 2357 1247 laboribus,
2403 1185 2460 1230 et
2507 1170 2808 1251 expensiS,
2859 1173 3089 1252 absque

471 1291 652 1333 causa
698 1273 1060 1345 rationabili,
1108 1274 1171 1335 in
1220 1274 1550 1352 bullarum,
1599 1290 1657 1335 et
1706 1275 2009 1335 dictarum
2041 1275 2402 1354 litterarum,
2438 1277 2931 1356 Apostolicarum
2967 1278 3090 1339 Re-

473 1379 674 1460 gistris
706 1381 1096 1459 arrestantur',
1131 1397 1190 1441 et
1222 1400 1410 1442 suum
1444 1396 1766 1461 nequeunt
1796 1382 1998 1443 sor-tiri
2040 1381 2347 1443 effectum.
2413 1382 2771 1461 Statuimus,
2819 1400 2877 1444 et
2907 1385 3090 1445 etiam

474 1486 835 1547 ordinamus
882 1488 1053 1568 quod
1103 1502 1437 1568 postquam
1484 1486 1650 1549 litera
1699 1503 1989 1548 arrestata
2021 1488 2099 1549 ad
2131 1488 2500 1550 Auditorem
2535 1508 2751 1550 causae
2784 1489 2964 1551 fuerit
2997 1511 3090 1552 re-

476 1609 728 1673 portata,
776 1592 940 1654 idem
978 1594 1241 1655 Auditor
1286 1595 1574 1655 adversae
1616 1594 1767 1675 parti
1800 1595 2136 1655 terminum
2171 1611 2312 1656 octo
2344 1595 2590 1657 dierum
2622 1597 2953 1677 praefigere
2986 1616 3094 1678 per

474 1718 619 1760 eum
652 1715 863 1781 postea
896 1701 945 1761 si
979 1701 1258 1782 expediat
1292 1701 1667 1782 prorogandi
1703 1701 1857 1762 infra
1893 1721 2081 1782 quem
2117 1722 2187 1762 ex
2220 1722 2337 1763 suo
2370 1702 2523 1781 jure,
2572 1719 2630 1764 et
2661 1703 2950 1765 interesse
2985 1722 3090 1765 co-

474 1825 603 1866 ram
635 1806 800 1867 dicto
832 1807 1133 1869 Auditore
1163 1807 1432 1887 legitime
1465 1809 1706 1884 docere,
1742 1824 1800 1868 et
1836 1807 2025 1869 fidem
2059 1806 2252 1869 facere
2287 1824 2582 1870 teneatur.

688 1922 717 1982 s
755 1934 852 1992 29.
901 1914 1239 1975 Statuimus
1285 1916 1559 1995 insuper,
1608 1932 1664 1975 et
1712 1915 1897 1976 etiam
1944 1915 2307 1975 ordinamus
2338 1915 2413 1975 ad
2449 1915 2831 1995 parcendum
2861 1915 3090 1975 labori-

476 2024 610 2094 bus,
645 2038 703 2081 et
735 2022 1016 2102 expensis
1048 2023 1472 2102 quorumlibet
1504 2023 1894 2102 litigantium,
1928 2023 2100 2103 quod
2133 2043 2369 2100 causae,
2401 2042 2591 2104 super
2624 2023 2946 2102 quibusvis
2980 2026 3086 2084 be-

477 2127 710 2188 neficiis
744 2128 1193 2204 Ecclesiasticis,
1225 2130 1659 2206 saecularibus,
1694 2144 1752 2189 et
1775 2129 2204 2207 Regularibus,
2242 2148 2515 2208 quorum
2549 2128 2800 2202 fructus,
2820 2129 3091 2191 redditus

476 2251 532 2295 et
581 2250 919 2315 proventus
964 2236 1274 2313 sexaginta
1323 2236 1705 2297 florenorum
1742 2235 1873 2296 auri
1907 2236 2254 2297 secundum
2287 2254 2693 2297 communem
2727 2236 3090 2297 aestimatio·

477 2361 619 2402 nem
652 2341 925 2403 valorem
959 2361 1242 2402 annuum
1277 2361 1403 2403 non
1436 2342 1758 2419 excedunt,
1792 2342 1852 2404 S.
1888 2344 1961 2403 R.
1985 2342 2053 2404 E.
2075 2342 2501 2404 Cardinalibus
2533 2342 2892 2403 nullatenus
2918 2362 3091 2403 com-

479 2447 812 2526 mittantur,
846 2463 904 2508 et
935 2449 1411 2510 commissiones
1443 2450 1564 2510 sint
1598 2450 1804 2511 nullae
1835 2450 1886 2511 si
1919 2449 2100 2510 fuerit
2134 2449 2596 2512 contrafactum.

688 2564 717 2624 S
758 2576 856 2635 30.
908 2556 978 2616 Et
1029 2556 1330 2636 quoniam
1367 2556 1585 2618 frustra
1620 2556 1895 2618 ferentur
1924 2557 2278 2632 sententiae,
2311 2556 2423 2617 nisi
2456 2572 2658 2618 essent
2688 2556 2796 2637 qui
2829 2577 3091 2637 exeque-

475 2677 687 2724 rentur
732 2662 997 2741 easdem,
1047 2679 1104 2723 et
1145 2662 1209 2724 in
1243 2663 1544 2725 habendis
1577 2663 1764 2725 literis
1798 2663 2327 2739 executorialibus‚
2359 2665 2475 2724 sub
2509 2662 2676 2726 bulla
2710 2663 3091 2744 quandoque

475 2770 766 2849 duorum,
802 2770 895 2830 vel
930 2769 1111 2830 trium
1149 2768 1459 2830 mensium
1490 2770 1822 2831 'dilationes
1857 2770 2030 2847 fiunt,
2067 2790 2178 2852 pro
2211 2770 2438 2850 quibus
2459 2769 2855 2851 expediendis
2875 2789 3090 2831 occur-

475 2890 619 2936 runt
662 2895 876 2955 graves
924 2895 1245 2958 expensae,
1296 2896 1460 2957 quae
1493 2877 1832 2958 aliquando
1868 2878 1943 2938 ad
1978 2877 2356 2958 quindecim,
2392 2877 2729 2957 aliquando
2763 2878 2840 2938 ad
2874 2878 3091 2938 decem

477 3000 534 3045 et
566 3000 707 3045 octo
741 2984 1011 3046 florenos
1044 2985 1406 3056 ascendunt,
1439 3001 1498 3046 et
1530 2985 1769 3047 Notarii
1802 2986 1999 3047 dictae
2034 2984 2231 3061 Sedis,
2261 2984 2368 3065 qui
2402 2984 2647 3045 illarum
2680 2984 2951 3046 minutas
2985 2985 3090 3045 de·

477 3093 691 3151 berent
722 3090 1058 3153 conficere:
1099 3112 1230 3153 non
1262 3093 1620 3167 conficiunt,
1656 3094 1762 3154 sed
1798 3112 1906 3174 per
1938 3114 2087 3154 suos
2120 3092 2586 3171 abbreviatores,
2610 3111 2881 3172 quorum
2902 3092 3092 3173 aliqui

475 3195 595 3257 sint
639 3197 845 3258 minus
891 3198 1066 3280 periti
1114 3198 1244 3260 fieri
1278 3198 1528 3277 faciunt,
1562 3215 1621 3260 et
1654 3220 1798 3260 cum
1832 3199 1962 3261 illas
1994 3200 2378 3281 quandoque
2412 3219 2543 3261 non
2576 3202 2730 3260 bene
2764 3198 3093 3259 conficiant

476 3305 552 3364 ad
584 3303 897 3385 peritiores
930 3322 1170 3387 oportet
1203 3308 1427 3367 habere
1462 3326 1804 3383 recursum,
1839 3322 1899 3368 et
1930 3307 2015 3367 sic
2051 3321 2249 3387 partes
2285 3307 2443 3387 ipsas
2477 3306 2849 3367 Executores
2884 3325 3091 3386 prose-

476 3426 755 3490 quentes,
790 3411 927 3493 plus
961 3428 1206 3493 oportet
1237 3432 1565 3494 exponere,
1605 3431 1797 3492 quam
1830 3414 1907 3472 ab
1941 3411 2201 3491 antiquo
2233 3426 2608 3472 consuetum
2640 3411 2715 3471 sit
2745 3411 3001 3487 solvere,
3034 3424 3093 3470 et

476 3518 578 3596 qui
615 3537 747 3578 non
792 3519 1088 3597 laborant,
1136 3519 1275 3600 plus
1308 3518 1502 3580 salarii
1534 3518 1860 3599 accipiunt,
1913 3517 2079 3578 unde
2127 3537 2270 3578 cum
2307 3533 2506 3598 partes
2542 3536 2762 3596 magna
2797 3516 3091 3596 temporis

476 3624 767 3686 dilatione
820 3625 959 3706 plus
1009 3644 1199 3706 quam
1247 3626 1457 3686 deceat
1500 3641 1834 3705 gravantur
1883 3623 2214 3700 laboribus,
2263 3640 2322 3684 et
2368 3623 2720 3703 sumptibus
2767 3622 2831 3682 in
2877 3642 3087 3684 earum

476 3733 929 3813 procuratione,
961 3733 1070 3814 qui
1106 3732 1171 3794 in
1203 3751 1611 3813 expensarum
1643 3731 1950 3792 taxatione
1986 3751 2118 3792 non
2150 3729 2425 3791 veniunt.
2461 3730 2595 3791 Nos
2626 3729 2701 3789 ad
2735 3728 3090 3789 evitandum

479 3837 843 3917 hujusmodi
876 3838 1460 3917 inconvenientiam,
1497 3853 1555 3898 et
1588 3853 1655 3898 ut
1688 3852 1891 3918 partes
1923 3836 1986 3897 in
2021 3835 2427 3917 procurandis
2460 3834 2782 3917 praedictis
2804 3851 3090 3896 executo-

478 3945 667 4023 ribuS‚
717 3962 1148 4027 opportunum
1199 3945 1494 4026 recipiant
1543 3945 1916 4024 relevamen,
1967 3944 2316 4016 statuimus,
2369 3957 2429 4003 et
2477 3942 2661 4002 etiam
2711 3942 3092 4019 ordinamuS,

477 4052 648 4132 quod
680 4051 756 4113 sit
787 4053 851 4114 in
884 4052 1182 4113 electione
1215 4052 1421 4134 partis,
1450 4052 1501 4113 si
1533 4051 1675 4112 velit
1708 4052 1934 4113 habere
1967 4053 2082 4111 sub
2119 4050 2284 4112 bulla
2317 4048 2662 4131 simplicem
2693 4048 2922 4109 literam
2953 4068 3091 4110 exe-

476 4159 794 4238 cutoriam,
840 4160 968 4221 sive
1015 4158 1555 4221 confirmationem
1602 4159 1958 4235 sententiae,
2005 4177 2163 4239 quae
2198 4158 2264 4218 in
2297 4156 2520 4218 effectu
2552 4156 2884 4235 contineat,
2918 4156 3093 4237 quod

474 4266 540 4326 in
586 4285 792 4345 causa,
840 4285 1000 4346 quae
1045 4266 1203 4326 inter
1235 4266 1386 4327 tales
1419 4283 1617 4347 partes
1648 4286 1833 4347 super
1866 4266 1968 4327 tali
2003 4266 2438 4339 revertebatur,
2472 4264 2590 4324 lata
2623 4262 2736 4324 fuit
2768 4281 2876 4345 per
2908 4262 3093 4324 talem

476 4371 764 4452 judicem,
796 4392 908 4434 seu
940 4374 1089 4434 tales
1122 4371 1355 4451 judices
1388 4373 1522 4434 talis
1554 4374 1873 4450 sententia,
1909 4372 2085 4450 cujus
2118 4371 2373 4433 effectus
2406 4386 2674 4452 ponatur
2706 4370 2771 4431 in
2804 4371 2994 4445 litera,
3031 4386 3089 4431 et

476 4480 802 4540 mandetur
847 4479 1292 4556 executoribus,
1344 4480 1517 4560 quod
1550 4480 1916 4540 sententiam
1950 4480 2146 4559 ipsam
2179 4478 2415 4539 debitae
2450 4478 2799 4539 executioni
2831 4478 3089 4540 deman-

476 4587 643 4664 dent,
677 4602 733 4647 et
766 4586 898 4647 talis
929 4585 1100 4647 litera
1133 4606 1264 4646 non
1296 4602 1533 4647 taxetur
1565 4586 1723 4647 ultra
1757 4585 2091 4647 duodecim
2112 4604 2363 4664 grossos
2381 4585 2808 4646 TuronenseS.
2845 4583 2908 4645 Si
2945 4604 3090 4645 vero

478 4713 615 4775 pars
649 4693 819 4754 malit
850 4695 1073 4754 habere
1108 4694 1517 4755 executoriam
1553 4711 1698 4753 cum
1730 4692 2198 4754 confirmatione
2245 4692 2577 4754 sententiae
2611 4691 2774 4770 juxta
2809 4705 3091 4769 mortem,

476 4801 621 4880 quia
666 4817 814 4862 tunc
861 4802 924 4861 in
971 4801 1363 4862 confectione
1402 4800 1679 4861 minutae
1712 4799 1911 4879 major
1942 4801 2116 4861 labor
2146 4800 2429 4878 occurrit,
2462 4815 2521 4860 et
2553 4798 2967 4860 necessarium
3002 4812 3090 4857 est

478 4924 675 4970 totum
710 4928 1071 4990 processum
1106 4928 1322 4970 causae
1353 4927 1690 4986 recensere,
1723 4923 1997 4968 servetur
2029 4906 2204 4987 quod
2235 4907 2561 4987 hucusque
2596 4905 2783 4967 extitit
2803 4907 3089 4965 observa-
