3684 5416
321 1551 377 1583 *to

258 2166 375 2216 ,15

323 2616 385 2648 20

328 3062 386 3107 ²5

338 3596 397 3639 ⁴30

342 4129 398 4172 ‘35

1292 380 1538 436 Ordines
1578 393 1636 435 et
1673 381 2174 453 congregationes.
2934 389 3035 462 643

421 564 750 627 confortet.
843 567 1051 625 Abbas
1085 584 1250 641 ver0,
1286 565 1385 625 cui
1417 584 1638 626 omnes
1670 565 1735 626 in
1769 566 2064 626 omnibus
2096 583 2437 630 reverenter
2458 571 2770 650 obediant,
2803 573 3038 652 quanto

430 671 818 752 frequentius
850 671 1090 753 poterit,
1122 672 1198 732 sit
1230 691 1373 733 cum
1410 672 1693 733 fratribus
1726 672 1788 733 in
1823 688 2151 750 conventu,
2185 675 2434 754 vigilem
2467 695 2678 738 curam
2699 693 2756 738 et
2777 677 3033 758 diligen-

428 793 555 839 tem
586 778 1068 840 sollicitudinem
1099 799 1319 858 gerens
1352 780 1428 840 de
1460 780 1772 855 omnibuS,
1818 795 1886 840 ut
1919 780 1994 841 de
2028 781 2238 842 officio
2269 781 2382 842 sibi
2416 783 2753 844 commisso
2785 783 3040 864 dignam

435 886 573 946 Deo
605 887 798 967 possit
830 886 1084 947 reddere
1116 886 1439 947 rationem.
1505 885 1751 961 Quodsi
1797 886 2239 967 praevaricator
2270 889 2506 950 ordinis
2539 889 2719 951 fuerit
2750 906 2856 952 aut
2887 912 3038 954 con-

428 1006 716 1073 temptor,
768 1012 876 1053 seu
932 992 1251 1073 negligens
1296 1008 1402 1054 aut
1447 993 1758 1071 remissuS,
1807 1012 1922 1074 pro
1969 1011 2133 1055 certo
2179 1014 2244 1055 se
2291 997 2531 1058 noverit
2564 1017 2695 1058 non
2726 997 2931 1060 solum
2965 1003 3040 1061 ab

429 1100 638 1161 officio
687 1100 1154 1180 deponendum,
1200 1101 1306 1161 sed
1351 1116 1408 1161 et
1440 1099 1561 1160 alio
1595 1101 1788 1161 modo
1821 1102 2168 1163 secundum
2200 1103 2476 1182 regulam
2514 1102 2829 1187 [graviter]
2864 1106 3039 1169 casti-

432 1206 741 1286 gandum:
794 1225 992 1286 quum
1044 1206 1279 1267 offensa
1334 1226 1463 1267 non
1514 1207 1720 1266 solum
1773 1205 2037 1287 propria,
2086 1192 2301 1268 verum
2347 1208 2528 1270 etiam
2574 1211 2772 1273 aliena
2806 1214 2881 1275 de
2915 1213 3041 1275 suis

430 1313 718 1374 manibus
766 1312 1128 1392 requiratur.
1194 1314 1324 1374 Nec
1371 1312 1647 1373 aestimet
1692 1315 1896 1390 abbas,
1930 1314 2101 1392 quod
2138 1330 2329 1393 super
2359 1314 2643 1378 habenda
2677 1319 3042 1401 proprietate

431 1419 623 1500 possit
657 1439 800 1479 cum
832 1419 1046 1500 aliquo
1082 1420 1392 1481 monacho
1426 1419 1808 1500 dispensare:
1846 1420 1991 1500 quia
2024 1420 2325 1481 abdicatio
2359 1423 2770 1503 proprietatis,
2797 1425 2953 1487 sicut
2984 1441 3044 1488 et

432 1526 711 1589 custodia
760 1527 1059 1605 castitatis,
1107 1528 1264 1587 adeo
1311 1541 1398 1586 est
1447 1545 1682 1587 annexa
1730 1525 1976 1607 regulae
2011 1528 2378 1607 monachali,
2415 1544 2483 1589 ut
2522 1548 2732 1592 contra
2765 1553 2899 1593 eam
2932 1550 3046 1594 nec

431 1654 717 1696 summus
752 1634 1031 1695 Pontifex
1066 1633 1260 1714 possit
1292 1634 1600 1694 licentiam
1631 1634 1972 1713 indulgere.
2035 1635 2104 1709 (a.
2150 1636 2350 1711 1202.)

467 1848 531 1918 c)
570 1844 1074 1901 Innocentius
1113 1844 1229 1898 111.
1267 1844 1347 1898 in>
1378 1843 1735 1899 Concilio
1775 1844 2631 1918 Late1·ansi1V.a.1215.
2671 1848 2799 1903 hab.
2840 1867 2886 1904 c.
2935 1866 3010 1904 12.

628 1955 695 1976 ε
737 1945 785 1981 c.
827 1946 877 1999 7.
917 1927 984 1981 X.
1024 1928 1091 1979 de
1126 1931 1274 1980 statu
1314 1925 1705 1980 monachorum
1742 1932 1799 1979 et
1829 1929 2223 1982 canonicorum
2261 1930 2622 1997 regularium.
2661 1929 2743 1984 111.
2786 1947 2868 2002 35.

648 2072 675 2100 ‘
731 2072 944 2141 Corpus
980 2072 1085 2124 ίαν.
1123 2088 1244 2148 can.
1284 2069 1373 2123 ed.
1425 2067 1862 2140 Friedberg.
1916 2069 2089 2124 Tom.
2132 2070 2193 2126 11.
2235 2069 2344 2124 col.
2386 2071 2686 2126 600--6o1.
2749 2071 3046 2137 Hefele,

438 2149 1040 2221 Conciliengeschiclzte.
1079 2150 1254 2205 Torn.
1280 2151 1349 2202 V.
1390 2165 1444 2220 p.
1484 2148 1604 2220 885.

436 2275 631 2330 Primo
671 2274 870 2330 statuit
907 2275 979 2329 de
1019 2273 1270 2329 conciliis
1309 2273 1663 2345 regularium
1699 2272 2143 2345 provincialibus
2181 2274 2537 2330 celebrandis
2589 2272 2824 2344 singulis
2875 2274 3050 2329 trien-

435 2356 557 2411 niis.
661 2356 935 2412 Secundo
988 2355 1317 2410 moderatur
1371 2370 1674 2409 numerum
1728 2353 2089 2409 evectionum
2142 2367 2197 2410 et
2250 2372 2631 2426 personarum
2684 2353 3050 2410 venientium.

438 2437 639 2492 Tertio
697 2435 942 2508 disponit
995 2434 1066 2489 de
1104 2433 1549 2491 instructoribus
1589 2447 1645 2489 et
1683 2435 2137 2506 praesidentibus
2179 2436 2450 2507 capitulo.
2529 2436 2752 2505 Quarto
2793 2437 2864 2490 de
2904 2448 3050 2491 tem-

439 2534 601 2588 pore,
642 2535 757 2588 quo
796 2518 962 2571 duret
999 2515 1329 2586 capitulum,
1370 2528 1430 2570 et
1469 2513 1606 2587 quid
1643 2514 1721 2569 ibi
1760 2513 1873 2570 fiet.
1939 2515 2157 2584 Quinto
2200 2518 2360 2588 quod
2401 2517 2741 2571 observetur
2779 2518 2937 2587 quod
2977 2515 3053 2572 ibi

442 2596 555 2652 fiet.
630 2598 810 2655 Sexto
867 2598 938 2651 de
978 2596 1232 2668 capitulo
1270 2594 1553 2668 sequenti.
1630 2595 1893 2667 Septimo
1936 2598 2006 2650 de
2046 2598 2280 2652 comuni
2320 2596 2432 2651 vita
2473 2596 2752 2652 ducenda.
2829 2597 3052 2653 Octavo

446 2679 516 2734 de
554 2677 941 2733 visitatoribus
970 2675 1243 2748 eligendis
1282 2690 1338 2732 et
1376 2675 1633 2748 ipsorum
1672 2676 1887 2733 officio.
1927 2677 2100 2732 Nono
2130 2677 2382 2733 extendit
2421 2678 2495 2732 ad
2534 2677 2847 2733 canonicos
2887 2694 3053 2749 regu-

438 2761 602 2816 lares.
656 2759 898 2816 Decimo
939 2758 1202 2829 providet
1241 2775 1413 2830 super
1452 2757 1738 2813 discordia
1777 2758 2155 2814 visitatorum.
2232 2759 2551 2815 Undecimo
2593 2759 2857 2814 hortatur
2894 2758 3055 2813 dioe-

441 2858 684 2896 cesanos
723 2840 794 2894 ad
836 2838 1314 2894 monasteriorum
1355 2837 1848 2893 reformationem.
1923 2839 2290 2895 Duodecimo
2345 2838 2619 2912 praecipit
2655 2852 2960 2911 protervos
3001 2851 3058 2893 et

439 2920 648 2978 similes
678 2919 969 2992 compesci
994 2920 1068 2974 ab
1092 2918 1326 2974 offensis
1351 2920 1858 2974 monasteriorum.
1886 2920 1957 2974 Et
1976 2919 2116 2974 haec
2145 2918 2341 2975 divisio
2365 2917 2575 2974 sufficit
2597 2936 2703 2991 pro
2725 2919 3057 2974 summario.

655 3033 724 3094 ln
772 3031 1042 3111 singulis
1088 3031 1292 3111 regnis
1336 3031 1460 3092 sive
1503 3031 1830 3113 provinciis
1862 3029 1968 3092 fiat
2001 3032 2076 3093 de
2110 3032 2373 3093 triennio
2405 3031 2467 3092 in
2499 3031 2856 3110 triennium,
2889 3031 3058 3093 salvo

442 3143 574 3203 iure
625 3139 1139 3201 dioecesanorum
1190 3139 1575 3220 pontificum,
1625 3138 1946 3200 communi
1979 3139 2319 3220 capitulum
2353 3141 2645 3199 abbatum
2678 3157 2861 3219 atque
2895 3139 3059 3220 prio-

445 3267 606 3324 rum,
629 3250 876 3308 abbates
906 3246 1191 3328 proprios
1223 3265 1351 3307 non
1384 3246 1748 3307 habentium
1780 3246 1889 3326 qui
1923 3266 2053 3307 non
2087 3261 2543 3307 consueverunt
2574 3245 2690 3306 tale
2724 3246 3061 3328 capitulum

446 3356 781 3422 celebrare;
850 3353 926 3413 ad
978 3353 1157 3432 quod
1205 3352 1472 3413 universi
1525 3353 1914 3430 conveniant,
1952 3353 2473 3434 praepeditionem
2520 3354 2881 3413 canonicam
2930 3371 3060 3414 non

448 3462 760 3536 habentes,
799 3458 964 3538 apud
1006 3476 1205 3519 unum
1240 3458 1315 3517 de
1351 3458 1734 3518 monasteriis
1766 3459 1839 3518 ad
1878 3459 1997 3517 hoc
2030 3473 2275 3539 aptum;
2315 3460 2433 3519 hoc
2465 3458 2742 3531 adhibito
2775 3459 3059 3519 modera-

451 3568 638 3643 mine,
675 3582 743 3627 ut
780 3566 992 3627 nullus
1025 3584 1244 3624 eorum
1279 3565 1418 3644 plus
1452 3583 1643 3644 quam
1674 3585 1776 3625 sex
1808 3564 2156 3625 evectiones
2189 3580 2248 3625 et
2280 3580 2423 3626 octo
2456 3583 2752 3644 personas
2784 3565 3063 3625 adducat.

451 3675 772 3734 Advocent
797 3689 1001 3733 autem
1013 3667 1409 3752 [caritative]
1420 3671 1481 3732 in
1500 3671 1860 3732 huiusmodi
1876 3671 2156 3731 novitatis
2174 3671 2523 3751 primordiis
2541 3671 2700 3732 duos
2717 3670 3060 3732 cistercien-
3104 3647 3112 3657 ”

452 3782 532 3841 sis
584 3779 817 3842 ordinis
865 3779 1096 3840 vicinos
1142 3781 1387 3839 abbates
1432 3779 1507 3838 ad
1543 3779 1980 3858 praestandum
2014 3776 2128 3838 sibi
2161 3777 2491 3839 consilium
2526 3793 2583 3838 et
2616 3778 2916 3842 auxilium
2950 3798 3064 3859 op-

454 3903 815 3970 portunum,
867 3907 1064 3966 quum
1114 3886 1233 3947 sint
1265 3886 1328 3945 in
1364 3885 1727 3947 huiusmodi
1758 3884 2036 3966 capitulis
2069 3885 2443 3945 celebrandis
2477 3905 2550 3946 ex
2580 3886 2767 3966 longa
2799 3867 3064 3953 consue-

458 3996 671 4058 tudine
706 3995 948 4077 plenius
980 3993 1323 4069 informati3
1359 3993 1467 4073 qui
1499 3996 1731 4074 absque
1765 3992 2248 4054 contradictione
2270 3991 2430 4052 duos
2460 3992 2573 4052 sibi
2608 3993 2683 4053 de
2719 3992 2863 4073 ipsis
2895 4013 3064 4053 asso-

456 4102 632 4179 cient,
664 4121 827 4183 quos
872 4101 1133 4161 viderint
1166 4100 1466 4181 expedire,
1497 4120 1565 4160 ac
1599 4100 1711 4180 ipsi
1746 4116 2014 4180 quatuor
2047 4099 2317 4180 praesint
2350 4100 2621 4181 capitulo
2655 4100 2946 4160 universo
2968 4099 3066 4176 ita,

459 4210 629 4290 quod
683 4229 756 4269 ex
809 4209 928 4268 hoc
982 4206 1191 4266 nullus
1242 4225 1462 4267 eorum
1505 4205 1616 4267 sibi
1664 4205 2084 4268 auctoritatem
2133 4205 2525 4285 praelationis
2558 4221 2845 4285 assumat,
2881 4207 3067 4284 unde,

460 4334 660 4396 quum
693 4313 1049 4395 expedierit,
1086 4314 1339 4394 provida
1374 4313 1564 4394 possit
1596 4312 2032 4373 deliberatione
2065 4312 2309 4373 mutari.
2377 4312 2757 4374 Huiusmodi
2790 4333 2936 4375 vero
2971 4328 3068 4373 ca-

457 4424 799 4503 capitulum
832 4421 1076 4501 aliquot
1109 4421 1284 4481 certis
1319 4420 1534 4480 diebus
1566 4419 1856 4480 continue
1899 4419 2061 4480 iuxta
2109 4438 2347 4479 morem
2384 4419 2803 4480 Cisterciensis
2835 4420 3070 4482 ordinis

463 4531 819 4600 celebretur,
869 4528 933 4589 in
985 4546 1114 4608 quo
1166 4527 1427 4607 diligens
1474 4527 1771 4586 habeatur
1819 4540 2104 4585 tractatus
2152 4526 2227 4585 de
2276 4524 2714 4587 reformatione
2747 4523 2980 4587 ordinis
3013 4541 3071 4586 et

461 4637 844 4698 observantia
894 4634 1173 4715 regulari.
1240 4633 1311 4695 Et
1358 4634 1530 4713 quod
1573 4648 1867 4694 statutum
1899 4632 2079 4692 fuerit
2109 4630 2225 4691 illis
2260 4648 2530 4712 quatuor
2563 4635 3069 4714 approbantibuS,

458 4742 573 4824 [ab
598 4740 912 4806 omnibus?
947 4742 1373 4803 inviolabiliter
1406 4744 1763 4802 observetur
1795 4740 1968 4800 omni
2005 4739 2398 4800 excusatione
2430 4737 2564 4820 [et]
2584 4740 3070 4801 contradictione

466 4868 523 4911 et
569 4850 974 4932 appellatione
1021 4850 1293 4925 remotiS,
1340 4851 1588 4930 proviso
1622 4833 2048 4920 nihilominuS,
2087 4849 2191 4908 ubi
2228 4848 2509 4928 sequenti
2543 4837 2831 4920 termino,
2853 4848 3069 4907 debeat

458 4958 804 5039 capitulum
840 4958 1160 5018 celebrare.
1194 4957 1266 5018 Et
1287 4957 1398 5038 qui
1418 4957 1817 5018 convenerint
1847 4955 2028 5016 vitam
2063 4956 2291 5016 ducant
2324 4940 2758 5028 communem,
2775 4972 2833 5016 et
2855 4943 3075 5015 faciant

2643 5057 2744 5125 41’
