3684 5416
1392 385 1642 441 Ecclesia
1670 384 2078 456 antiquissima.

426 567 709 643 καθαρὰ
741 566 779 643 ἡ
813 566 1023 629 θυσία
1052 567 1236 647 ὑμῶν
1269 566 1327 646 ᾖ.
1369 590 1424 632 2.
1449 568 1605 643 Πᾶς
1624 563 1705 627 δὲ

428 672 597 750 ἔχων
628 671 747 750 τὴν
778 672 1189 757 ἀμφιβολίαν
1209 674 1376 755 μετὰ
1395 676 1517 736 τοῦ
1539 672 1703 735 ἑταί·

427 800 556 856 ρου
588 781 802 841 αὑτοῦ
835 780 918 860 μὴ
954 781 1338 843 συνελθέτω
1371 781 1538 861 ὑμῖν,
1573 781 1706 858 ἕως

427 885 511 948 οὖ
542 885 1017 965 διαλλαγῶσιν,
1063 887 1179 949 ἵνα
1216 886 1299 969 μὴ
1332 890 1627 967 κοινωθῇ
1662 888 1702 966 ἡ

349 1020 369 1062 3
424 992 632 1056 θυσία
675 993 890 1074 ὑμῶν·
961 1018 1018 1076 3.
1067 993 1236 1071 αὕτη
1278 996 1417 1072 γάρ
1450 996 1631 1057 ἐστιν
1661 994 1702 1072 ἡ

324 1553 373 1583 ¹0

327 2087 369 2130 ¹5

322 2622 374 2653 20

424 1102 717 1178 ρηθείσα
732 1099 862 1164 ὑπὸ
878 1100 1145 1179 κυρίου.
1177 1102 1291 1161 Ἐν
1310 1102 1500 1164 παντὶ
1523 1101 1703 1181 τόπῳ

424 1207 534 1270 καὶ
580 1207 805 1291 χρόνῳ
850 1208 1272 1289 προσφέρειν
1304 1229 1412 1290 μοι
1458 1208 1705 1273 θυσίαν

423 1316 772 1391 καθαράν·
821 1315 921 1376 ὅτι
959 1313 1280 1397 βασιλεὺς
1313 1316 1527 1396 μέγας
1559 1313 1704 1397 εἰμί,

424 1422 605 1499 λέγει
636 1419 892 1497 κύριος,
925 1421 1036 1482 καὶ
1058 1420 1135 1483 τὸ
1156 1419 1377 1504 ὄνομά
1397 1442 1524 1502 μου
1546 1422 1705 1483 θαυ·

424 1527 683 1605 μαστὸν
715 1529 790 1589 ἐν
820 1532 961 1604 τοίς
995 1526 1240 1590 ἔθνεσι.

514 1638 642 1697 XV.
696 1634 1245 1713 Χειροτονήσατε
1277 1635 1402 1697 οὖν
1434 1636 1707 1712 ἑαυτοῖς

426 1741 837 1818 ἐπισκόπους
884 1742 995 1804 καὶ
1051 1741 1420 1820 διακόνους
1469 1743 1706 1820 ἀξίους

426 1850 544 1909 τοῦ
576 1846 837 1926 κυρίου,
873 1848 1138 1926 ἄνδρας
1169 1854 1409 1927 πραεῖς
1427 1848 1538 1911 καὶ
1562 1853 1703 1930 ἀφι-

423 1954 818 2033 λαργύρους
847 1954 961 2017 καὶ
995 1957 1273 2034 ἀληθεῖς
1305 1955 1417 2018 καὶ
1446 1955 1704 2019 δεδοκι-

424 2062 840 2143 μασμένους·
881 2062 1030 2142 ὑμῖν
1061 2063 1200 2141 γὰρ
1230 2064 1705 2142 λειτουργοῦσι

423 2167 536 2228 καὶ
569 2167 759 2231 αὐτοὶ
792 2168 909 2246 τὴν
940 2168 1364 2247 λειτουργίαν
1395 2171 1527 2233 τῶν
1548 2189 1702 2249 προ·

424 2276 649 2354 φητῶν
679 2276 791 2337 καὶ
823 2274 1278 2339 διδασκάλων.
1333 2301 1387 2341 2.
1432 2276 1545 2357 Μὴ
1580 2277 1706 2340 οὖν

424 2381 782 2459 ὑπερίδητε
814 2382 1101 2460 αὐτούς·
1139 2383 1334 2446 αὐτοὶ
1365 2385 1503 2462 γὰρ
1537 2386 1705 2448 εἰσιν

425 2488 487 2550 οἱ
519 2491 927 2571 τετιμημένοι
975 2490 1157 2572 ὑμῶν
1189 2492 1356 2572 μετὰ
1386 2493 1517 2553 τῶν
1546 2510 1702 2571 προ-

425 2596 651 2676 φητῶν
680 2594 792 2658 καὶ
825 2594 1274 2659 διδασκάλων.

520 2726 575 2786 3.
626 2700 979 2782 Ἑλέγχετε
1023 2702 1103 2765 δὲ
1137 2703 1478 2782 ἀλλήλους
1510 2705 1593 2788 μὴ
1632 2708 1706 2767 ἐν

426 2811 622 2890 ὀργῇ,
673 2811 816 2872 ἀλλ’
856 2813 929 2871 ἐν
978 2810 1231 2890 εἰρήνῃ,
1278 2813 1373 2889 ὡς
1412 2811 1598 2891 ἔχετε
1632 2815 1706 2874 ἐν

427 2919 516 2997 τῷ
538 2917 929 2999 εὐαγγελίῳ·
961 2919 1072 2979 καὶ
1094 2919 1285 2981 παντὶ
1308 2921 1707 2997 ἀστοχοῦντι

424 3025 602 3086 κατὰ
664 3027 784 3086 τοῦ
846 3023 1086 3101 ἑτέρου
1145 3023 1376 3107 μηδεὶς
1421 3024 1704 3087 λαλείτω

321 3160 369 3201 25
428 3130 597 3213 μηδὲ
626 3133 781 3210 παρ’
820 3131 1002 3213 ὑμῶν
1032 3132 1417 3204 ἀκουέσθω,
1457 3131 1589 3208 ἕως
1621 3128 1706 3193 οὗ

428 3236 832 3319 μετανοήσῃ.
896 3262 955 3319 4.
991 3238 1139 3314 Τὰς
1171 3237 1251 3300 δὲ
1285 3239 1492 3316 εὐχὰς
1524 3238 1707 3320 ὑμῶν

424 3345 537 3407 καὶ
569 3346 696 3422 τὰς
715 3343 1180 3426 ἐλεημοσύνας
1198 3345 1310 3407 καὶ
1332 3347 1563 3421 πάσας
1582 3346 1707 3423 τὰς

428 3453 705 3530 πράξεις
756 3450 933 3513 οὕτω
983 3450 1329 3528 ποιήσατε,
1379 3451 1473 3528 ὡς
1520 3449 1707 3530 ἔχετε

429 3561 502 3621 ἐν
536 3559 625 3639 τῷ
659 3558 1033 3640 εὐαγγελίῳ
1074 3560 1195 3620 τοῦ
1226 3556 1467 3635 κυρίου
1501 3558 1702 3640 ἡμῶν.

516 3669 675 3729 XVI.
727 3667 1130 3743 Γρηγορεῖτε
1152 3664 1343 3742 ὑπὲρ
1377 3668 1495 3744 τῆς
1526 3668 1707 3745 ζωῆς

428 3773 635 3854 ὑμῶν·
673 3771 737 3832 οἱ
769 3770 997 3850 λύχνοι
1013 3772 1194 3853 ὑμῶν
1215 3771 1297 3853 μὴ
1321 3773 1705 3856 σβεσθήτω-

428 3894 578 3952 σαν,
624 3879 739 3940 καὶ
785 3877 853 3939 αἱ
885 3876 1149 3959 ὀσφύες
1189 3878 1371 3960 ὑμῶν
1404 3878 1486 3961 μὴ
1523 3881 1704 3942 ἐκλυ-

429 3986 769 4059 ἐσθωσαν,
805 3986 983 4048 ἀλλὰ
1015 3985 1289 4064 γίνεσθε
1309 3986 1583 4070 ἕτοιμοι·
1621 3988 1705 4049 οὑ

426 4093 566 4171 γὰρ
598 4092 838 4155 οἴδατε
868 4091 988 4170 τὴν
1006 4092 1215 4170 ὥραν,
1251 4095 1324 4155 ἐν
1346 4091 1383 4174 ᾖ
1407 4095 1447 4154 ὸ
1468 4091 1706 4171 κύριος

355 4230 372 4258 z
426 4199 608 4281 ἡμῶν
641 4198 926 4278 ἔρχεται.
982 4222 1035 4263 2.
1076 4201 1363 4276 Πυκνῶς
1396 4198 1476 4263 δὲ
1507 4215 1706 4262 συνα·

426 4305 773 4384 χθήσεσθε
821 4307 1182 4384 ζητοῦντες
1232 4307 1316 4368 τὰ
1364 4308 1708 4385 ἀνήκοντα

428 4417 573 4489 ταῖς
594 4416 845 4494 ψυχαῖς
867 4413 1066 4494 ὑμῶν·
1104 4415 1187 4475 οὒ
1211 4414 1346 4491 γὰρ
1367 4414 1707 4495 ὠφελήσει

427 4521 602 4602 ὑμᾶς
664 4520 703 4579 ὸ
766 4522 900 4597 πᾶς
960 4519 1210 4598 χρόνος
1256 4522 1376 4598 τῆς
1422 4521 1708 4598 πίστεως

428 4626 629 4709 ὑμῶν,
679 4626 802 4688 ἐὰν
847 4625 930 4708 μὴ
967 4628 1041 4688 ἐν
1072 4627 1162 4707 τῷ
1197 4629 1458 4709 ἐσχάτῳ
1491 4629 1707 4709 καιρῷ

354 4765 379 4791 0
427 4733 842 4810 τελειωθῆτε.
912 4757 967 4817 3.
1004 4732 1121 4795 Ἐν
1152 4735 1290 4813 γὰρ
1335 4739 1481 4811 ταῖς
1515 4735 1705 4813 ἐσχά-

429 4860 576 4917 ταις
638 4839 920 4920 ἡμέραις
987 4839 1575 4919 πληθυνθήσονται
1643 4840 1707 4901 οἱ

430 4945 992 5029 ψευδοπροφῆται
1024 4947 1136 5008 καὶ
1172 4947 1234 5008 oi
1268 4948 1574 5027 φθορεῐς,
1595 4946 1737 5008 καὶ.

1761 568 1987 631 Omnis
2019 588 2184 646 vero,
2218 568 2316 629 cui
2351 585 2439 630 est
2459 571 2871 647 controversia
2893 590 3037 632 cum

1760 676 1961 738 amico
2012 696 2149 747 su0,
2202 695 2278 736 ne
2329 676 2655 738 conveniat
2692 677 3038 753 vobiscum,

1761 782 1963 844 donec
1994 782 2360 844 reconciliati
2381 800 2544 857 sunt,
2578 803 2654 845 ne
2675 784 3042 865 inquinetur

1759 888 2126 950 sacrificium
2161 906 2449 951 vestrum.
2489 911 2544 970 3.
2580 890 2719 951 Hoc
2751 891 2916 952 enim
2950 907 3040 952 est

1761 996 1991 1058 dictum
2040 1019 2078 1058 a
2108 998 2417 1060 Domino:
2468 998 2541 1059 In
2588 1001 2759 1059 omni
2799 999 2930 1059 loco
2978 1015 3042 1059 et

1760 1120 2039 1185 tempore
2088 1105 2390 1186 offeratur
2439 1104 2597 1165 mihi
2654 1107 3037 1185 sacrficium

1760 1212 2077 1284 mundum,
2125 1213 2414 1292 quoniam
2448 1232 2556 1272 rex
2586 1231 2847 1292 magnus
2879 1232 3040 1284 sum,

1761 1317 1920 1378 dicit
1945 1317 2282 1391 Dominu5‚
2329 1324 2389 1378 et
2432 1338 2646 1378 nomen
2687 1339 2881 1379 meum
2915 1322 3038 1380 mi-

1761 1423 1962 1485 rabile
1994 1427 2058 1485 in
2084 1425 2395 1504 gentibus.

1851 1638 1982 1698 XV.
2031 1636 2406 1699 Constituite
2455 1637 2637 1717 igitur
2675 1638 2850 1699 vobis
2881 1638 3038 1719 epis-

1760 1762 1953 1826 copos
2003 1761 2060 1805 et
2110 1743 2402 1806 diaconos
2467 1744 2692 1823 dignos
2743 1745 3042 1817 Domin0‚

1761 1852 1925 1913 viros
1972 1866 2330 1913 mansuetos
2375 1869 2432 1913 et
2478 1853 2707 1932 argenti
2758 1871 2889 1913 non
2929 1872 3038 1913 cu-

1762 1959 1942 2040 pidos
1990 1974 2048 2020 et
2096 1978 2337 2020 veraces
2385 1977 2441 2020 et
2475 1962 2798 2040 probatos;
2866 1960 3043 2020 vobis

1761 2067 1929 2128 enim
1982 2066 2324 2127 ministrant
2374 2082 2430 2127 et
2477 2066 2591 2147 ipsi
2627 2066 3036 2128 ministerium

1761 2174 2206 2255 prophetarum
2240 2188 2296 2233 et
2329 2172 2675 2233 doctorum.
2713 2193 2766 2236 2.
2798 2174 2891 2234 Ne
2926 2174 3039 2251 igi-

1760 2297 1861 2340 tur
1904 2278 2311 2339 contemnatis
2357 2296 2496 2351 eos;
2552 2277 2663 2359 ipsi
2695 2279 2861 2339 enim
2897 2297 3040 2340 sunt

1761 2386 2048 2448 honorati
2082 2386 2240 2446 inter
2270 2403 2380 2445 vos
2414 2402 2698 2445 unacum
2723 2385 3042 2465 prophetis

1760 2509 1817 2554 et
1849 2491 2224 2555 doctoribus.

1856 2729 1913 2789 3.
1943 2706 2200 2786 Arguite
2231 2723 2439 2769 autem
2462 2728 2570 2768 vos
2592 2706 2876 2783 invicem,
2911 2725 3043 2767 non

1760 2818 1821 2879 in
1855 2817 1960 2890 ira,
1996 2816 2102 2877 sed
2136 2815 2197 2876 in
2228 2815 2722 2895 aequanimitate,
2755 2814 2910 2875 sicut
2930 2815 3040 2874 ha-

1761 2924 1916 2985 betis
1948 2923 2010 2983 in
2033 2923 2398 3001 Evangelio:
2434 2938 2494 2983 et
2514 2922 2562 2982 si
2586 2922 2726 3001 quis
2745 2923 3044 2982 adversus

1760 3030 1953 3091 alium
1985 3028 2330 3109 deliquerit,
2369 3048 2557 3090 nemo
2583 3028 2874 3109 loquatur
2895 3048 3038 3089 cum

1761 3157 1858 3211 e0,
1906 3155 2109 3216 neque
2156 3135 2320 3217 apud
2366 3155 2477 3196 vos
2509 3135 2811 3211 audiatur,
2844 3135 3044 3196 donec

1763 3243 2202 3325 paenitentiam
2234 3243 2437 3321 egerit.
2483 3263 2543 3320 4.
2577 3241 2903 3303 Orationes
2938 3262 3040 3302 ve-

1761 3366 1914 3412 stras
1962 3366 2020 3411 et
2069 3350 2491 3430 eleemosynas
2541 3367 2889 3428 omnesque
2942 3369 3038 3408 ac-

1762 3458 1962 3518 tiones
1996 3456 2072 3516 ita
2096 3454 2289 3526 facite,
2323 3456 2477 3515 sieut
2500 3455 2732 3516 habetis
2754 3455 2817 3516 in
2843 3455 3040 3516 Evan-

1760 3562 1924 3642 gelio
1962 3561 2219 3623 Domini
2251 3561 2462 3622 nostri.

1850 3669 2009 3731 XVI.
2063 3668 2327 3750 Vigilate
2361 3687 2474 3748 pro
2506 3667 2627 3728 vita
2660 3684 2890 3740 vestra;
2941 3668 3042 3728 ln-

1761 3798 1982 3838 cernae
2033 3781 2268 3836 vestrae
2318 3794 2396 3836 ne
2450 3775 2790 3850 deleantur,
2851 3796 3043 3856 neque

1762 3883 1958 3943 lumbi
2014 3884 2207 3942 vestri
2266 3881 2601 3958 solvantur,
2666 3882 2773 3941 sed
2826 3884 3051 3962 parati

1761 3995 1947 4049 estote
1960 4013 1992 4063 ,·
2027 3990 2335 4068 tjqnoratis
2367 3985 2534 4049 enim
2569 3987 2805 4063 horam,
2838 3991 2902 4048 in
2924 4009 3044 4068 qua

1760 4095 2074 4156 Dominus
2137 4100 2343 4155 noster
2386 4097 2601 4157 veniet.
2684 4114 2740 4155 2.
2806 4095 3046 4156 Crebro

1762 4218 1970 4263 autem
2001 4200 2403 4278 convenietis»,
2453 4215 2822 4282 quaerentes
2883 4220 3042 4281 quae

1762 4323 2040 4391 spectant
2061 4309 2135 4370 ad
2159 4307 2397 4369 animas
2417 4324 2672 4382 vestras;
2698 4308 2852 4369 nihil
2872 4308 3045 4369 enim

1764 4415 2038 4497 proderit
2098 4416 2275 4477 vobis
2337 4434 2526 4477 omne
2589 4430 2837 4496 tempus
2899 4414 3044 4476 fidei

1762 4539 2014 4600 vestrae,
2082 4522 2197 4583 nisi
2249 4523 2313 4582 in
2367 4537 2648 4602 tempore
2703 4521 3047 4582 novissimo

1766 4630 2014 4711 perfecti
2064 4629 2315 4691 fueritis
2384 4649 2436 4708 3.
2485 4630 2770 4709 Namque
2814 4628 2878 4688 in
2912 4629 3044 4688 die-

1764 4739 1881 4798 bus
1913 4735 2266 4797 novissimis
2301 4735 2880 4816 multiplicabuntur
2913 4734 3043 4795 falsi

1763 4845 2102 4925 prophetae
2136 4859 2194 4904 et
2227 4858 2646 4925 corruptores,
2695 4856 2754 4902 et
2786 4860 3043 4902 conver-

1762 4966 1971 5011 tentur
2017 4968 2162 5011 oves
2210 4950 2274 5010 in
2307 4949 2512 5031 lupos,
2561 4965 2618 5010 et
2650 4949 2861 5010 caritas
2895 4968 3047 5009 con-
