3684 5416
336 1501 383 1533 10

342 2038 384 2081 ¹5

342 2572 394 2604 20

347 3107 395 3149 ²5

352 3642 404 3683 '30

356 4175 405 4218 35

360 4709 415 4750 43

1598 319 1862 375 parochi.
2935 323 3000 375 62
3020 340 3033 375 ι

423 505 627 567 ctione
675 506 1011 587 postposita
1060 505 1316 566 fideliter
1365 525 1597 566 munus
1646 522 2064 566 exsecuturos.
2131 504 2546 585 Caveantque,
2595 526 2671 566 ne
2704 506 3042 585 quicquam

425 631 676 692 prorsus
728 612 1049 673 occasione
1100 612 1286 675 huius
1337 611 1634 673 examinis
1688 631 1801 672 nec
1852 627 1991 672 ante
2046 631 2158 673 nec
2197 594 2344 693 *post
2377 614 2706 693 accipiant;
2759 614 3041 694 alioquin

423 718 721 783 simoniae
756 720 971 787 vitium
1001 735 1126 781 tam
1159 719 1270 799 ipsi
1304 739 1492 800 quam
1526 719 1625 779 alii
1660 719 1874 779 dantes
1907 718 2302 795 incurrant,fa
2323 740 2452 799 quo
2474 721 2710 782 absolvi
2731 738 3044 801 nequeant

427 826 542 887 nisi
577 825 842 887 dimissis
875 826 1199 903 beneficiiS,
1233 846 1390 907 quae
1424 825 2009 906 quomodocunque
2044 825 2223 886 etiam
2259 844 2434 887 antea
2468 827 2841 904 obtinebant,
2876 845 2932 889 et
2965 831 3044 890 ad

427 934 539 994 alia
570 933 632 993 in
666 949 991 1014 posterum
1024 933 1320 1007 inhabiles
1355 934 1703 993 reddantur.
1756 933 1831 993 Et
1865 934 1940 994 de
1975 935 2069 995 his
2103 935 2400 995 omnibus
2423 943 2564 994 non
2596 936 2800 997 solum
2836 955 3042 997 coram

430 1043 580 1118 De0,
625 1043 732 1103 sed
783 1042 961 1103 etiam
1011 1042 1075 1102 in
1122 1044 1366 1123 synodo
1401 1041 1781 1123 provinciali,
1816 1042 1866 1102 si
1897 1062 2055 1124 opus
2088 1042 2218 1115 erit,
2251 1042 2554 1102 rationem
2591 1042 2843 1103 reddere
2878 1060 3052 1106 tene-

432 1166 626 1226 antur,
661 1172 690 1210 a
727 1169 871 1230 qua,
904 1150 952 1210 si
986 1150 1139 1230 quid
1173 1165 1387 1211 contra
1421 1149 1700 1210 officium
1735 1169 1840 1210 eos
1875 1149 2088 1210 fecisse
2123 1165 2512 1229 compertum
2552 1150 2749 1224 fuerit,
2786 1153 3055 1227 graviter

432 1255 563 1315 eius
595 1256 845 1317 arbitrio
876 1256 1083 1337 puniri
1119 1256 1374 1337 possint.
1440 1258 1693 1317 Peracto
1744 1255 1966 1317 deinde
1999 1256 2277 1316 examine
2310 1256 2708 1317 renuncietur
2739 1275 3048 1337 quotcun-

433 1381 553 1442 que
599 1365 674 1422 ab
725 1362 816 1422 his
862 1363 1068 1423 idonei
1117 1363 1361 1424 iudicati
1414 1362 1643 1423 fuerint
1687 1379 1903 1435 aetate,
1949 1363 2247 1438 moribus,
2284 1362 2581 1440 doctrina,
2617 1365 2942 1446 prudentia
2994 1384 3054 1427 et

434 1468 563 1529 aliis
615 1471 796 1536 rebus
843 1470 918 1533 ad
971 1484 1283 1531 vacantem
1332 1469 1648 1530 ecclesiam
1696 1472 2174 1548 gubernandam
2223 1472 2607 1551 opportunis.
2684 1473 2770 1532 Ex
2823 1472 3048 1554 hisque

436 1576 762 1661 episcopus
809 1596 951 1641 eum
1002 1578 1201 1659 eligat,
1252 1597 1440 1657 quem
1490 1579 1702 1637 ceteris
1751 1577 1945 1653 magis
1980 1577 2281 1636 idoneum
2315 1577 2690 1653 iudicaverit,
2726 1593 2909 1657 atque
2945 1579 3059 1657 illi,

437 1698 495 1743 et
541 1702 671 1743 non
717 1683 902 1756 alteri,
949 1683 1193 1744 collatio
1227 1684 1519 1745 ecclesiae
1553 1687 1627 1744 ab
1664 1705 1738 1745 eo
1774 1684 1894 1756 fiat,
1927 1684 2002 1743 ad
2036 1703 2226 1764 quem
2262 1685 2556 1764 spectabit
2589 1704 2724 1746 eam
2761 1684 3062 1748 conferre.

439 1790 502 1851 Si
534 1810 680 1851 vero
713 1791 859 1851 iuris
893 1807 1247 1871 patronatus
1282 1791 1665 1851 ecclesiastici
1701 1792 1832 1867 erit,
1869 1811 1936 1851 ac
1971 1791 2273 1851 institutio
2308 1793 2383 1852 ad
2419 1791 2799 1872 episcopum,
2832 1810 2889 1852 et
2925 1813 3060 1854 non

441 1899 517 1959 ad
549 1898 740 1959 alium
772 1898 1088 1979 pertineat,
1139 1897 1210 1974 is,
1264 1892 1789 1977 quem'patronus
1823 1896 2170 1973 digniorem
2203 1896 2361 1957 inter
2393 1900 2684 1977 probatos
2716 1901 2791 1958 ab
2825 1901 3055 1959 exami-

443 2006 761 2067 natoribus
814 2004 1119 2079 iudicabit,
1185 2004 1482 2086 episcopo
1533 2021 1918 2086 praesentare
1971 2019 2267 2081 teneatur,
2318 2021 2385 2066 ut
2435 2007 2510 2064 ab
2560 2023 2636 2064 eo
2688 2005 3066 2066 instituatur.

445 2113 662 2189 Quum
714 2131 860 2172 vero
907 2111 1162 2172 istitutio
1196 2114 1272 2171 ab
1304 2113 1447 2189 alio,
1495 2132 1683 2193 quarn
1717 2115 1791 2173 ab
1826 2113 2139 2193 episcopO,
2172 2112 2283 2172 erit
2315 2111 2606 2189 facienda,
2639 2127 2789 2172 tunc
2820 2114 3058 2194 episco-

447 2240 563 2301 pus
593 2219 765 2280 solus
798 2238 869 2278 ex
903 2218 1106 2297 dignis
1138 2217 1318 2299 eligat
1352 2219 1717 2298 digniorem,
1754 2238 1945 2299 quem
1980 2236 2277 2299 patronus
2311 2219 2362 2279 ei
2387 2234 2747 2299 praesentet,
2771 2220 2845 2280 ad
2869 2239 3063 2300 quem

446 2324 746 2386 institutio
792 2341 1036 2405 spectat.
1101 2324 1292 2400 Quod
1344 2326 1393 2385 si
1436 2326 1583 2387 iuris
1631 2342 1992 2407 patronatus
2040 2326 2342 2387 laicorum
2391 2325 2587 2401 fuerit,
2637 2327 2853 2386 debeat
2885 2327 2992 2407 qui
3027 2349 3066 2388 a

448 2448 714 2514 patrono
749 2447 1165 2513 praesentatus
1197 2430 1377 2492 fuerit
1411 2436 1486 2493 ab
1520 2433 1754 2493 eisdem
1788 2433 2095 2514 deputatis
2130 2450 2195 2492 ut
2228 2452 2412 2513 supra
2444 2432 2793 2507 examinari,
2841 2450 2899 2493 et
2930 2454 3068 2494 non

449 2541 563 2601 nisi
594 2540 856 2600 idoneus
890 2555 1164 2619 repertus
1199 2538 1377 2599 fuerit
1410 2540 1666 2601 admitti.
1703 2540 1769 2600 In
1804 2540 2223 2619 omnibusque
2256 2539 2619 2619 supradictis
2654 2540 2892 2600 casibus
2926 2559 3057 2601 non

451 2648 739 2730 cuiquam
795 2646 984 2722 alteri,
1038 2665 1228 2727 quam
1279 2645 1382 2705 uni
1431 2666 1503 2706 ex
1551 2646 1875 2726 praedictis
1926 2645 2282 2706 examinatis
2330 2662 2388 2707 et
2435 2647 2509 2705 ab
2543 2646 3075 2707 examinatoribus

450 2754 818 2836 approbatiS,
863 2754 1027 2814 iuxta
1075 2753 1487 2833 supradictam
1536 2754 1832 2833 regulam,
1884 2754 1959 2814 de
2006 2754 2255 2814 ecclesia
2293 2753 2704 2834 provideatur,
2743 2756 2855 2815 'nec
2891 2774 3063 2836 prae-

450 2862 760 2923 dictorum
806 2862 1300 2921 examinatorum
1345 2860 1724 2935 relationem,
1771 2880 1902 2940 quo
1936 2860 2138 2920 minus
2172 2860 2627 2922 exsecutionem
2662 2862 2898 2938 habeat,
2936 2863 3072 2923 ullo

450 2969 770 3030 devolutio
821 2986 924 3029 aut
971 2967 1322 3050 appellatio,
1372 2966 1553 3028 etiam
1602 2967 1677 3027 ad
1724 2968 1936 3027 sedem
1983 2968 2386 3049 apostolicam
2433 2968 2557 3028 sive
2591 2967 2870 3030 eiusdem
2904 2970 3076 3030 sedis.

450 3076 680 3154 legatos
726 3090 830 3135 aut
864 3074 1227 3153 vicelegatos
1259 3089 1365 3134 aut
1400 3074 1685 3150 nuncios,
1735 3093 1845 3134 seu
1880 3074 2203 3156 episcopos
2237 3091 2342 3136 aut
2376 3076 2904 3156 metropolitanos,
2941 3078 3068 3158 pri-

454 3198 643 3243 mates
677 3183 772 3242 vel
805 3182 1174 3262 patriarchas
1206 3180 1557 3261 interposita
1592 3180 1886 3261 impediat
1918 3197 2022 3242 aut
2070 3182 2431 3262 suspendat;
2481 3183 2761 3262 alioquin
2807 3183 3080 3245 vicarius

454 3310 646 3372 quem
692 3288 977 3350 ecclesiae
1023 3289 1258 3349 vacanti
1304 3304 1482 3348 antea
1529 3287 1855 3368 episcopus
1902 3288 2148 3348 arbitrio
2195 3307 2312 3348 suo
2345 3290 2420 3349 ad
2456 3305 2702 3370 tempus
2737 3291 3068 3370 deputavit,

456 3398 548 3458 vel
597 3398 803 3458 forsan
851 3412 1060 3477 postea
1109 3395 1441 3474 deputabit,
1490 3397 1564 3454 ab
1613 3394 1745 3454 eius
1792 3395 2080 3455 ecclesiae
2129 3396 2407 3454 custodia
2454 3411 2512 3455 et
2543 3396 3082 3457 administratione>

456 3524 584 3566 non
631 3517 1007 3577 amoveatur,
1055 3503 1257 3562 donec
1303 3518 1407 3562 aut
1440 3502 1659 3574 eidem,
1693 3517 1796 3561 aut
1829 3501 2017 3575 alteri,
2051 3502 2157 3581 qui
2193 3505 2489 3582 probatus
2520 3518 2576 3561 et
2610 3504 2836 3563 electus
2871 3503 3070 3576 fuerit,

456 3626 524 3671 ut
569 3630 774 3691 supra,
822 3611 898 3671 sit
943 3610 1282 3690 provisum.
1348 3607 1514 3668 Alias
1563 3608 1945 3687 provisiones
1979 3627 2200 3668 omnes
2233 3629 2339 3670 seu
2377 3609 2805 3684 institutioneS,
2839 3627 3073 3690 praeter

457 3718 871 3798 supradictam
895 3716 1159 3778 formam
1183 3714 1387 3794 factae,
1409 3715 1790 3795 surreptitiae
1813 3735 1943 3775 esse
1965 3731 2352 3790 censeantur,
2375 3736 2502 3777 non
2523 3717 2905 3777 obstantibus
2929 3718 3084 3777 huic

459 3825 701 3886 decreto
747 3825 1257 3905 exemptionibus,
1304 3823 1575 3900 indultis,
1625 3822 1976 3903 privilegiiS,
2025 3822 2580 3903 praeventionibuS‚
2628 3822 3073 3898 affectionibuS,

460 3932 636 3992 novis
670 3932 1147 4013 provisionibus,
1197 3933 1451 3992 indultis
1485 3931 1794 3992 concessis
1827 3931 2304 4011 quibuscunque
2340 3929 2854 4006 universitatibus,
2891 3931 3072 3992 etiam

461 4041 536 4100 ad
584 4057 808 4099 certam
855 4057 1187 4114 summam,
1234 4056 1291 4099 et
1336 4039 1469 4099 aliis
1519 4038 1973 4119 impedimentis
2021 4038 2519 4118 quibuscunque.
2585 4036 2648 4097 Si
2683 4053 2885 4096 tamen
2920 4039 3078 4098 adeo

461 4145 662 4224 exigui
697 4146 928 4206 reditus
950 4146 1141 4206 dictae
1166 4145 1546 4226 parochiales
1568 4146 1813 4222 fuerint,
1842 4161 1907 4206 ut
1927 4146 2114 4206 totius
2137 4146 2322 4205 huius
2344 4143 2807 4206 examinationis
2825 4162 3074 4225 operam

464 4272 592 4314 non
628 4252 837 4328 ferant,
884 4270 988 4312 aut
1028 4271 1215 4312 nemo
1247 4252 1321 4311 sit
1353 4252 1458 4331 qui
1493 4273 1555 4312 se
1591 4250 1849 4312 examini
1897 4267 2149 4331 quaerat
2194 4250 2512 4327 subiicere,
2560 4267 2664 4311 aut
2711 4254 2791 4311 ob
2840 4268 3090 4332 apertas.

466 4359 757 4420 factiones
803 4379 912 4419 seu
964 4359 1229 4438 dissidia,
1279 4380 1435 4440 quae
1485 4361 1547 4420 in
1596 4359 1906 4439 aliquibus
1938 4357 2091 4419 locis
2125 4359 2528 4437 reperiuntur,
2563 4359 2733 4420 facile
2768 4361 3091 4439 graviores.

464 4467 625 4528 rixae
656 4487 724 4526 ac
755 4467 1060 4527 tumultus
1094 4467 1332 4546 possint
1365 4466 1639 4526 excitari:
1679 4465 1902 4545 poterit
1933 4465 2296 4540 ordinariuS,
2330 4465 2379 4526 si
2413 4486 2525 4546 pro
2559 4488 2669 4527 sua
2704 4469 3082 4528 conscientia

466 4593 610 4634 cum
656 4574 1094 4653 deputatorum
1142 4572 1401 4633 consilio
1448 4572 1526 4633 ita
1560 4571 1846 4655 expedire
1881 4572 2287 4649 arbitrabitur,
2322 4574 2435 4633 hac
2470 4572 2663 4633 forma
2698 4575 2925 4634 omissa
2961 4575 3082 4654 pri-

469 4697 674 4743 vatum
709 4682 874 4742 aliud
909 4701 1188 4757 examen,
1221 4681 1432 4741 ceteris
1466 4698 1672 4741 tamen
1708 4696 1772 4740 ut
1805 4698 1988 4760 supra
2022 4679 2288 4754 servatis,
2309 4679 2615 4740 adhibere.
2651 4679 2883 4740 Licebit
2899 4682 3092 4741 etiam.

468 4790 716 4870 synodo
766 4789 1138 4869 provinciali,
1184 4788 1234 4848 si
1284 4808 1404 4869 qua
1451 4788 1513 4849 in
1559 4787 1919 4868 supradictis
1967 4785 2122 4845 circa
2169 4786 2641 4846 examinationis
2677 4788 2938 4848 formam
2974 4789 3097 4849 ad--

474 4897 673 4958 denda
709 4897 1144 4958 remittendave
1178 4917 1307 4958 esse
1341 4895 1663 4972 censuerit,
1697 4895 2037 4977 providere.
2103 4893 2158 4973 [1.
2192 4913 2239 4952 e.
2275 4914 2406 4974 pag.
2447 4895 2837 4975 378—379.]
