3684 5416
344 1558 401 1590 10

338 2091 396 2135 ¹5

332 2627 395 2660 20

334 3162 395 3206 2Ξ)

334 4232 393 4278 35

1098 386 1363 442 Potestas
1402 386 1785 443 ecclesiastica
1825 399 1884 443 et
1921 387 2226 460 imperium
2265 389 2440 444 civile.
2972 405 3070 464 ¹07

459 569 793 631 hominum
827 585 936 647 est,
969 569 1230 651 imperio
1262 570 1554 652 principis
1586 571 1838 653 regitur,
1883 587 2064 653 pacto
2094 573 2394 635 societatis
2426 573 2835 656 adstringitur,
2867 573 3069 657 placiti

457 675 591 756 lege
639 676 862 758 praeda
907 676 1225 739 diuiditur.
1289 677 1427 738 Hoc
1468 677 1705 739 malum
1735 677 1787 739 si
1819 678 1885 740 in
1917 693 2159 741 tantum
2191 679 2575 761 perditorum
2608 681 2936 744 hominum
2971 701 3070 743 ac-

456 782 731 846 cessibus
761 785 990 863 crescit,
1026 799 1093 847 ut
1123 801 1183 846 et
1212 784 1345 847 loca
1366 801 1589 861 teneat,
1619 788 1796 849 sedes
1815 788 2164 864 constituat,
2199 789 2474 851 ciuitates
2494 804 2776 870 occupet,
2799 787 3068 870 populos

455 890 764 971 subiuget‚
805 891 1154 954 euidentius
1199 893 1370 974 regni
1402 913 1637 956 nomen
1670 894 1956 970 adsumit,
2001 896 2176 977 quod
2209 895 2265 957 ei
2298 896 2421 958 iam
2451 896 2518 958 in
2551 897 2881 959 manifesto
2913 916 3067 960 con-

456 997 571 1058 fert
613 1016 748 1059 non
793 998 1042 1080 dempta
1087 999 1406 1081 cupiditas,
1452 1000 1559 1062 sed
1602 1001 1805 1063 addita
1842 1001 2178 1084 inpunitas.
2240 1003 2567 1082 Eleganter
2598 1003 2764 1064 enim
2799 1019 2857 1065 et
2888 1022 3067 1065 uera-

455 1104 604 1165 citer
631 1105 985 1167 Alexandro
1029 1105 1116 1167 illi
1150 1107 1383 1186 Magno
1430 1107 1685 1188 quidam
1733 1109 2221 1190 comprehensus
2267 1109 2463 1191 pirata
2509 1109 2842 1192 respondit.
2906 1111 3066 1172 Nam

453 1230 599 1272 cum
643 1211 808 1273 idem
852 1231 956 1274 rex
1003 1212 1323 1276 hominem
1369 1213 1787 1294 interrogaret,
1834 1215 1986 1296 quid
2035 1215 2092 1277 ei
2138 1216 2470 1292 uideretur,
2518 1233 2589 1278 ut
2618 1235 2784 1278 mare
2819 1217 3067 1278 haberet

451 1316 768 1395 infestum,
797 1319 895 1380 ille
925 1318 1114 1380 libera
1144 1319 1565 1381 contumacia:
1598 1318 1796 1395 Quod
1825 1321 1954 1399 tibi,
1985 1321 2208 1403 inquit,
2242 1339 2312 1383 ut
2341 1324 2560 1384 orbem
2591 1338 2924 1397 terrarum;
2959 1323 3067 1385 sed

453 1425 599 1504 quia
646 1424 706 1486 id
738 1444 856 1508 ego
890 1426 1115 1507 exiguo
1145 1427 1397 1508 nauigio
1431 1426 1606 1507 facio,
1639 1428 1796 1490 latro
1825 1448 2048 1491 vocor:
2097 1430 2242 1511 quia
2273 1447 2341 1492 tu
2374 1449 2599 1511 magna
2629 1429 2836 1507 classe,
2870 1429 3064 1511 impe·

453 1548 636 1594 rator.
706 1530 764 1611 [l.
799 1551 849 1593 c.
880 1532 920 1595 1.
953 1552 1011 1613 p.
1054 1530 1438 1612 166—167.]
2014 1575 2017 1576 ν

671 1639 824 1701 Lib.
856 1638 1035 1701 XIIII.
1096 1638 1200 1700 Ca
1217 1659 1275 1720 p.
1307 1638 1573 1701 XXVIII.
1650 1640 1754 1701 De
1784 1642 2085 1722 qualitate
2115 1644 2377 1704 duarum
2410 1645 2757 1718 ciuitatum,
2788 1649 3069 1704 terrenae

454 1747 650 1826 adque
679 1746 979 1807 caelestis.
1012 1746 1309 1808 Fecerunt
1340 1746 1546 1827 itaque
1578 1746 1854 1809 ciuitates
1885 1750 2040 1810 duas
2074 1768 2317 1811 amores
2337 1751 2488 1829 du0,
2518 1765 2821 1811 terrenam
2841 1747 3069 1810 scilicet

454 1870 631 1913 amor
659 1851 758 1914 sui
791 1872 989 1934 usque
1020 1852 1099 1913 ad
1118 1867 1506 1914 contemtum
1527 1852 1662 1930 Dei,
1696 1855 2018 1915 caelestem
2042 1873 2196 1916 uero
2228 1875 2404 1916 amor
2424 1855 2540 1917 Dei
2574 1874 2773 1936 usque
2805 1855 2880 1916 ad
2913 1873 3066 1916 con·

454 1973 714 2021 temtum
760 1960 874 2022 sui.
938 1959 1222 2039 Denique
1254 1957 1357 2019 illa
1402 1958 1468 2019 in
1515 1979 1579 2021 se
1610 1959 1761 2042 ipsa,
1797 1960 1949 2022 haec
1979 1961 2044 2022 in
2077 1960 2356 2023 Domino
2387 1962 2701 2043 gloriatur.
2761 1962 2864 2024 Illa
2897 1962 3067 2024 enim

453 2066 690 2146 quaerit
720 2068 796 2127 ab
828 2065 1189 2128 hominibus
1221 2065 1513 2147 gloriam;
1549 2066 1695 2129 huic
1725 2082 1936 2129 autem
1957 2066 2128 2129 Deus
2161 2068 2568 2131 conscientiae
2601 2069 2767 2130 testis
2798 2070 3066 2131 maxima

453 2188 544 2233 est
575 2173 788 2252 gloria.
838 2173 943 2235 Illa
975 2172 1042 2234 in
1072 2172 1267 2252 gloria
1298 2191 1409 2234 sua
1441 2173 1658 2235 exaltat
1689 2190 1875 2256 caput
1904 2193 2127 2246 suum3
2180 2175 2330 2236 haec
2361 2175 2506 2236 dicit
2539 2176 2673 2237 Deo
2705 2194 2851 2237 suo:
2885 2174 3065 2237 Glo-

453 2280 568 2341 ria
610 2300 773 2343 mea
819 2295 892 2342 et
937 2281 1302 2342 exaltans
1350 2298 1587 2364 caput
1619 2301 1895 2343 meum.
1962 2282 2050 2343 Illi
2083 2282 2145 2343 in
2178 2282 2557 2365 principibus
2588 2281 2720 2343 eius
2752 2282 2854 2343 uel
2886 2281 2949 2343 in
2980 2282 3067 2343 eis

453 2408 609 2470 quas
656 2388 946 2469 subiugat
996 2387 1347 2451 nationibus
1397 2388 1762 2450 dominandi
1813 2390 2008 2451 libido
2056 2389 2450 2462 dominatur;
2515 2389 2579 2450 in
2630 2389 2745 2450 hac
2788 2388 3067 2450 seruiunt

450 2496 724 2558 inuicem
768 2495 833 2557 in
865 2495 1108 2557 caritate
1140 2510 1200 2556 et
1230 2496 1563 2578 praepositi
1597 2496 1988 2559 consulendo
2024 2513 2083 2558 et
2112 2497 2343 2559 subditi
2390 2496 2900 2578 obtemperandO.
2963 2495 3066 2557 Illa

450 2601 517 2663 in
562 2603 691 2664 suis
735 2603 1091 2684 potentibus
1138 2601 1332 2680 diligit
1372 2602 1666 2664 uirtutem
1700 2623 1912 2673 suam:
1968 2601 2120 2666 haec
2152 2603 2300 2666 dicit
2332 2605 2467 2665 Deo
2499 2621 2652 2665 suo:
2714 2601 3062 2683 Diligam

453 2728 556 2786 te,
607 2711 973 2790 Domine,
1023 2710 1240 2772 uirtu
1259 2731 1288 2772 s
1336 2730 1396 2771 m
1419 2731 1521 2772 ea.
1595 2711 1870 2793 Ideoque
1920 2713 1985 2774 in
2034 2713 2135 2774 illa
2184 2712 2487 2796 sapientes
2536 2710 2669 2773 eius
2716 2710 3063 2772 secundum

453 2817 778 2879 hominem
825 2819 1110 2880 uiuentes
1153 2834 1261 2878 aut
1304 2818 1581 2898 corporis
1626 2835 1733 2879 aut
1777 2818 1968 2880 animi
2015 2819 2114 2881 sui
2146 2821 2312 2880 bona
2342 2834 2450 2880 aut
2494 2817 2815 2899 utriusque
2861 2816 3067 2879 sectati

451 2939 617 3005 sunt,
651 2940 759 2986 aut
789 2925 898 3006 qui
930 2938 1270 3007 potuerunt
1298 2943 1674 3005 cognoscere
1714 2926 1943 3005 Deum,
1993 2945 2035 2987 n
2051 2944 2091 2987 o
2110 2945 2152 2986 n
2198 2946 2239 2987 u
2257 2941 2281 2987 t
2314 2926 2369 2986 D
2387 2945 2420 2986 e
2438 2945 2480 2986 u
2498 2944 2561 2986 m
2612 2926 2655 2985 h
2671 2945 2712 2988 o
2730 2945 2771 2986 n
2790 2944 2829 2986 o
2847 2943 2876 2985 r
2891 2944 2926 2984 a
2941 2944 2982 2985 u
3001 2943 3065 2984 e-

453 3046 642 3093 runt
692 3047 822 3093 aut
852 3031 1154 3112 gratias
1186 3046 1558 3111 egerunt,
1592 3032 1729 3093 sed
1761 3048 2278 3094 euanuerunt
2308 3032 2387 3093 in
2418 3030 3066 3112 cogitationibus

451 3137 651 3217 suis,
716 3153 788 3199 et
845 3139 1363 3199 obscuratum
1429 3153 1546 3199 est
1577 3138 1981 3221 insipiens
2045 3157 2179 3199 cor
2209 3157 2522 3213 eorum;
2572 3138 2942 3200 dicentes
2987 3156 3065 3198 se

450 3263 626 3307 esse
671 3244 1081 3327 sapientes
1114 3244 1197 3322 (id
1228 3260 1318 3306 est
1349 3244 1713 3307 dominante
1745 3246 1864 3307 sibi
1894 3245 2180 3327 superbia
2213 3245 2279 3306 in
2325 3265 2436 3307 sua
2467 3245 2761 3327 sapientia
2792 3264 2924 3307 sese
2958 3264 3063 3306 ex-

449 3353 757 3429 tollentes)
820 3352 1054 3413 stulti
1119 3351 1310 3413 facti
1359 3368 1555 3413 sunt
1617 3367 1692 3413 et
1741 3352 1897 3414 inm
1920 3369 2361 3414 utauerunt
2405 3353 2746 3432 gloriam
2805 3352 3064 3413 incor-

450 3459 879 3541 ruptibilis
914 3460 1053 3521 Dei
1085 3458 1164 3520 in
1209 3459 1842 3521 similitudinem
1888 3458 2268 3537 imaginis
2314 3458 2891 3540 corruptibilis
2936 3459 3065 3519 ho-

451 3568 690 3629 minis
723 3583 794 3628 et
826 3567 1252 3629 uolucrum
1284 3582 1358 3627 et
1388 3567 2013 3647 quadrupedum
2042 3584 2116 3629 et
2146 3566 2642 3648 serpentium
2678 3566 2773 3641 (ad
2807 3565 3065 3627 huiusce

453 3674 628 3735 modi
675 3673 840 3735 enim
884 3673 1207 3734 simulacra
1254 3672 1564 3734 adoranda
1612 3673 1712 3733 uel
1758 3673 1950 3735 duces
1996 3672 2380 3755 populorum
2427 3671 2528 3733 uel
2568 3686 2896 3732 sectatores
2931 3671 3064 3733 fue-

452 3783 637 3859 runt),
685 3796 757 3842 et
801 3781 1233 3841 coluerunt
1278 3779 1535 3858 adque
1581 3778 2049 3841 seruierunt
2081 3794 2499 3841 creaturae
2533 3777 2801 3860 potius
2833 3795 3065 3858 quam

453 3888 853 3963 Creatori,
898 3886 1034 3967 qui
1067 3885 1696 3947 estbenedictus
1744 3885 1821 3947 in
1867 3886 2213 3953 saecula:
2265 3884 2329 3946 in
2374 3885 2489 3945 hac
2519 3900 2729 3945 autem
2773 3882 2942 3945 nulla
2973 3898 3066 3944 est

452 3995 730 4056 hominis
761 3993 1053 4075 sapientia
1086 3992 1200 4053 nisi
1232 3992 1438 4074 pietas,
1470 4012 1593 4073 qua
1614 4009 1777 4054 recte
1796 3992 2018 4054 colitur
2039 4011 2224 4053 uerus
2246 3991 2434 4068 Deus,
2466 3990 2527 4052 id
2548 4007 2870 4073 expectans
2892 4010 3063 4072 prae-

453 4100 653 4163 mium
683 4100 748 4161 in
778 4100 1064 4163 societate
1094 4115 1449 4161 sanctorum
1469 4118 1597 4161 non
1616 4099 1824 4159 solum
1847 4098 2198 4177 hominum,
2224 4116 2448 4160 uerum
2469 4099 2654 4159 etiam
2675 4097 3060 4178 angelorum,

454 4223 536 4269 ut
578 4207 681 4268 sit
726 4207 936 4268 Deus
981 4206 1243 4267 omnia
1288 4205 1362 4266 in
1409 4205 1802 4267 omnibus.
1871 4203 1926 4285 [1.
1959 4225 2008 4265 c.
2042 4205 2109 4267 11.
2144 4226 2203 4287 p.
2244 4202 2540 4284 56—57.]

666 4313 823 4375 Lib.
858 4313 992 4375 XV.
1028 4313 1205 4393 Cap.
1239 4312 1280 4372 1.
1325 4312 1427 4373 De
1458 4312 1692 4373 duobus
1721 4312 2048 4374 ordinibus
2070 4314 2500 4394 generationis
2529 4311 2830 4373 humanae
2861 4313 2926 4371 in
2961 4309 3062 4370 di-

454 4442 662 4483 uersos
688 4423 867 4501 fines
899 4419 978 4481 ab
1009 4422 1191 4481 initio
1208 4422 1665 4501 procurrentis.
1730 4420 1823 4482 De
1858 4419 2140 4481 felicitate
2175 4418 2440 4500 paradisi
2472 4417 2573 4480 uel
2605 4419 2681 4480 de
2716 4418 2852 4499 ipso
2886 4436 3063 4499 para-

457 4529 593 4592 diso
639 4544 696 4589 et
727 4528 805 4589 de
837 4526 963 4589 uita
997 4526 1079 4587 ibi
1111 4525 1451 4608 primorum
1488 4526 1820 4588 hominurn
1856 4545 2202 4607 eorumque
2237 4540 2489 4607 peccato
2521 4525 2724 4605 adque
2757 4522 3063 4606 supplicio

454 4634 631 4695 multi
677 4635 870 4695 multa
914 4651 1258 4711 senserunt,
1305 4634 1500 4696 multa
1547 4634 1853 4711 dixerunt,
1903 4634 2095 4695 multa
2137 4635 2350 4696 litteris
2397 4634 2867 4695 mandauerunt.
2931 4633 3065 4694 Nos

455 4759 710 4822 quoque
754 4740 1110 4803 secundum
1152 4740 1478 4821 scripturas
1511 4755 1749 4801 sanctas
1795 4740 1897 4800 uel
1930 4740 2103 4820 quod
2135 4739 2201 4802 in
2235 4740 2324 4802 eis
2355 4739 2619 4818 legimus
2653 4740 2755 4800 uel
2785 4738 2959 4819 quod
2991 4757 3063 4799 ex

455 4848 541 4910 eis
583 4847 935 4927 intellegere
982 4848 1301 4929 potuimus
1346 4866 1560 4908 earum
1592 4863 2002 4926 congruentes
2034 4846 2378 4909 auctoritati
2410 4848 2485 4907 de
2520 4846 2613 4907 bis
2646 4847 2829 4906 rebus
2859 4846 2925 4907 in
2955 4865 3062 4906 su-

456 4955 798 5037 perioribus
829 4954 999 5017 libris
1031 4954 1315 5016 diximus
1373 4954 1771 5015 Enucleatius
1803 4970 2013 5016 autem
2045 4954 2094 5015 si
2127 4955 2237 5016 ista
2269 4969 2658 5035 quaerantur,
2694 4950 3063 5033 multiplices
