3684 5416
385 1530 435 1561 to

386 2065 432 2107 ¹5

384 2607 436 2638 20

1131 363 1395 416 Potestas
1435 361 1816 417 ecclesiastica
1857 374 1913 416 et
1953 361 2255 433 imperium
2299 362 2474 417 civile.
3008 381 3111 435 ²97

487 548 550 608 in
583 547 936 608 authentica
970 546 1167 609 forma
1198 546 1564 607 transmittat
1596 547 1657 607 in
1697 546 1990 608 Archivio
2023 547 2548 629 Congregationis
2582 550 2765 609 rebus
2785 548 3109 610 Consisto-

486 656 735 717 rialibus
767 655 1145 735 praepositae
1179 655 1254 715 de
1287 673 1459 715 more
1493 654 1878 716 asservanda.

699 759 904 839 (LXI.)
971 761 1323 823 Praesentes
1368 777 1575 822 autem
1611 761 1863 838 Literas,
1912 777 1971 822 et
2001 760 2067 822 in
2100 761 2186 822 eis
2218 776 2527 838 contenta,
2562 783 2631 823 ac
2663 778 2883 823 statuta
2917 781 3110 842 quae-

488 888 779 949 cumque,
814 868 997 929 etiam
1031 888 1102 928 ex
1139 887 1216 928 eo
1250 867 1423 947 quod
1458 867 1716 948 quilibet
1748 867 1810 927 in
1849 867 2218 947 praemissis,
2254 866 2351 928 vel
2384 867 2448 928 in
2481 887 2705 931 eorum
2752 869 2963 949 aliquo
2996 867 3111 946 jus,

488 994 593 1039 aut
624 977 917 1037 interesse
951 976 1268 1051 habentes,
1301 973 1397 1035 vel
1431 973 1909 1053 quomodolibet
1941 973 2125 1033 etiarn
2157 973 2221 1033 in
2258 972 2541 1034 futurum
2576 976 2798 1035 habere
2831 989 3109 1054 praeten-

489 1085 704 1145 dentes
735 1080 1006 1159 cujusvis
1039 1095 1248 1152 status,
1282 1079 1539 1157 ordinis,
1576 1079 1977 1155 conditionis,
2012 1095 2071 1139 et
2106 1078 2641 1159 praeeminentiae,
2678 1101 2746 1141 ac
2768 1081 2949 1142 etiam
2970 1100 3110 1161 spe-

489 1191 675 1268 cifica,
707 1208 1007 1270 expressa,
1041 1203 1098 1247 et
1131 1186 1446 1247 individua
1480 1186 1792 1247 mentione
1826 1186 1998 1265 digni
2032 1186 2177 1262 sint,
2207 1186 2323 1246 illis
2355 1204 2485 1246 non
2518 1187 2966 1263 consenserint,
3001 1207 3111 1248 seu

489 1296 660 1378 quod
705 1296 894 1377 aliqui
942 1316 1012 1356 ex
1059 1294 1204 1375 ipsis
1250 1294 1325 1354 ad
1359 1294 1685 1373 praemissa
1719 1294 1972 1355 minime
2003 1294 2220 1369 vocati,
2254 1293 2348 1354 vel
2380 1295 2559 1356 etiam
2596 1294 2967 1373 nullimod0,
3001 1313 3105 1356 aut

490 1424 619 1465 non
650 1404 793 1465 satis
826 1403 1017 1463 auditi
1054 1401 1300 1477 fuerint,
1336 1401 1461 1461 sive
1496 1421 1567 1461 ex
1601 1401 1718 1461 alia
1753 1400 2025 1480 qualibet
2059 1400 2240 1461 etiam
2262 1401 2568 1479 laesionis,
2604 1403 2698 1462 vel
2720 1401 2836 1462 alia
2858 1401 3112 1479 juridica

490 1511 883 1593 privilegiata,
929 1530 998 1571 ac
1049 1510 1603 1590 privilegiatissima
1649 1530 1853 1584 causa,
1888 1511 2115 1586 colore,
2151 1526 2484 1591 praetextu,
2518 1526 2575 1572 et
2608 1512 2801 1593 capite
2834 1512 3015 1573 etiam
3051 1514 3111 1573 in

489 1637 745 1698 corpore
799 1617 948 1693 juris
1000 1617 1234 1693 clauSO,
1291 1617 1463 1677 nullo
1517 1636 1795 1696 unquam
1845 1633 2124 1697 tempore
2172 1618 2249 1678 de
2282 1618 2722 1700 subreptionis,
2760 1618 2853 1678 vel
2885 1622 3110 1700 obrep-

488 1725 696 1801 tionis,
746 1739 850 1784 aut
884 1722 1178 1784 nullitatis
1212 1723 1381 1800 vitio,
1432 1742 1541 1783 seu
1575 1722 1944 1784 intentionis
1979 1724 2259 1801 Nostrae,
2294 1724 2391 1785 vel
2426 1725 2716 1786 interesse
2750 1727 3110 1789 habentium

489 1850 844 1908 consensus,
891 1830 1090 1890 aliove
1141 1830 1419 1909 quolibet
1465 1830 1707 1892 defectu
1757 1832 2158 1909 quantumvis
2203 1850 2456 1910 magnO,
2504 1833 2931 1911 inexcogitatO,
2964 1836 3111 1896 sub-

489 1938 772 2013 stantiali,
819 1956 888 1998 ac
935 1936 1535 2011 substantialissimO,
1584 1937 1710 1998 sive
1743 1937 1927 1998 etiam
1961 1957 2033 1997 ex
2068 1956 2145 1997 eo
2177 1938 2352 2017 quod
2386 1938 2449 1998 in
2486 1940 2835 2019 praemissis
2870 1938 3110 2001 Solem-

489 2047 720 2117 nitates,
752 2062 810 2105 et
842 2064 1278 2125 quaecumque
1312 2045 1425 2106 alia
1462 2045 1666 2106 forsan
1699 2046 2015 2122 servanda,
2051 2060 2109 2105 et
2143 2044 2555 2125 adimplenda,
2582 2047 2838 2107 minime
2858 2062 3114 2123 servata,

487 2172 541 2214 et
589 2152 938 2233 adimpleta,
985 2171 1091 2212 seu
1151 2171 1370 2213 causae
1418 2167 1671 2233 propter
1719 2173 1875 2233 quas
1924 2167 2276 2232 praesentes
2323 2154 2744 2214 emanaverint
2779 2172 2905 2214 non
2940 2154 3110 2215 suffi-

488 2263 713 2322 cienter
757 2259 1075 2335 adductae,
1129 2259 1487 2338 verificatae,
1540 2277 1598 2321 et
1647 2259 2000 2337 justificatae
2046 2258 2292 2332 fuerint,
2340 2260 2557 2335 notari,
2605 2261 2975 2340 impugnari,
3009 2279 3112 2321 aut

488 2367 629 2429 alias
662 2366 934 2447 infringi,
969 2366 1290 2447 suspendi,
1329 2368 1632 2445 restringi,
1681 2367 1946 2443 limitari,
1996 2365 2090 2426 vel
2131 2367 2194 2426 in
2229 2367 2707 2427 controversiam
2746 2367 2967 2443 vocari,
3004 2389 3112 2428 seu

488 2476 778 2535 adversus
811 2493 912 2535 eas
946 2473 1345 2535 restitutionis
1377 2473 1441 2533 in
1476 2472 1805 2550 integrum,
1839 2472 2096 2552 aperitio
2112 2471 2209 2532 nis
2241 2472 2386 2549 oris,
2422 2491 2525 2534 aut
2556 2473 2725 2534 aliud
2757 2474 3111 2553 quodcum-

490 2602 612 2663 que
656 2583 840 2659 Juris,
889 2582 1046 2656 facti,
1098 2581 1192 2640 vel
1242 2578 1501 2655 justitiae
1549 2580 1898 2640 remedium
1929 2580 2262 2660 impetrari,
2299 2596 2403 2640 aut
2434 2582 2549 2640 sub
2583 2581 2926 2661 quibusvis,
2960 2600 3110 2642 con-

487 2690 680 2752 trariis
726 2688 1294 2764 constitutionibus,
1347 2686 1859 2759 revocationibus,
1913 2687 2454 2770 suspensionibus,
2485 2686 2973 2762 limitationibus‚
3005 2688 3112 2750 de-

489 2799 681 2873 cretis,
731 2813 833 2857 aut
871 2795 1405 2869 declarationibus,
1451 2794 1862 2873 generalibuS,
1899 2795 1993 2855 vel
2028 2794 2401 2876 specialibus
2433 2795 2912 2874 quomodolibet
2944 2797 3112 2857 factis

491 2906 741 2966 minime
794 2924 974 2984 posse
1023 2896 1486 2984 comprehendi,
1537 2903 1645 2963 sed
1693 2921 1940 2983 semper
1983 2905 2059 2963 ab
2105 2902 2223 2963 illis
2273 2919 2553 2982 exceptas
2585 2921 2734 2977 esse,
2767 2918 2826 2963 et
2859 2902 3009 2975 fore,
3046 2924 3113 2963 ac

488 3029 806 3092 tamquam
839 3031 908 3070 ex
947 3009 1298 3071 pontificiae
1333 3010 1757 3071 Providentiae
1791 3009 2024 3071 Officio
2059 3025 2220 3070 certa
2251 3009 2519 3087 scientia,
2554 3026 2611 3071 et
2643 3011 2953 3091 potestatis
2988 3010 3112 3092 ple·

400 3142 449 3186 ²5
491 3119 769 3181 nitudine
803 3118 1042 3178 Nostris
1077 3118 1284 3194 factas,
1331 3132 1390 3177 et
1426 3133 1756 3193 emanatas,
1806 3117 2175 3178 omnimoda
2209 3116 2495 3178 firmitate
2532 3134 2830 3199 perpetuo
2862 3118 3114 3189 validaS,

384 3677 436 3719 30

385 4211 433 4254 ‘35

489 3245 547 3289 et
580 3228 856 3289 efficaces
903 3227 1177 3302 existere,
1232 3241 1289 3285 et
1336 3220 1487 3302 fore,
1531 3244 1810 3305 suosque
1861 3226 2168 3305 plenarios
2202 3241 2261 3285 et
2294 3225 2567 3304 integros
2600 3225 2855 3285 effectus
2888 3226 3113 3300 sortiri,

489 3351 546 3395 et
593 3334 886 3400 obtinere,
934 3353 1002 3392 ac
1050 3336 1124 3393 ab
1177 3332 1495 3407 omnibus,
1530 3332 1605 3392 ad
1640 3350 1805 3411 quos
1838 3347 2085 3412 spectat,
2118 3347 2176 3391 et
2207 3331 2507 3413 spectabit
2540 3331 3021 3412 quomodolibet
3053 3332 3114 3393 in

493 3440 767 3500 futurum
806 3454 1127 3520 perpetuo,
1164 3453 1221 3497 et
1255 3436 1686 3498 inviolabiliter
1718 3437 2046 3511 observari,
2079 3457 2147 3497 ac
2179 3437 2670 3517 supradictarum
2707 3435 3115 3497 Ecclesiarum

494 3546 831 3627 Episcopis,
869 3562 926 3605 et
959 3543 1261 3623 Capitulis
1294 3542 1570 3622 aliisque,
1604 3561 1876 3622 quorum
1915 3542 2189 3603 favorem
2222 3558 2574 3622 praesentes
2597 3542 2857 3603 Nostrae
2878 3541 3114 3602 Literae

492 3668 872 3714 concernunt
923 3651 1234 3732 perpetuis
1284 3648 1504 3710 futuris
1537 3649 1924 3729 temporibus
1958 3648 2313 3729 plenissime
2346 3648 2665 3727 suffragari
2700 3649 2942 3726 debere,
2977 3668 3114 3708 eos-

493 3762 761 3840 demque
794 3778 982 3838 super
1016 3756 1365 3838 praemissis
1398 3757 1710 3833 omnibuS,
1747 3770 1806 3816 et
1836 3755 2117 3835 singulis,
2153 3755 2249 3816 vel
2286 3755 2533 3816 illorum
2572 3773 2752 3815 causa
2786 3758 2861 3815 ab
2895 3755 3115 3835 aliqui-

493 3870 606 3927 bus
653 3866 870 3946 quavis
919 3864 1272 3925 auctoritate
1318 3862 1718 3944 fungentibus
1751 3862 2228 3943 quomodolibet
2262 3860 2594 3938 molestari,
2632 3861 2988 3941 perturbari,
3023 3862 3115 3922 in-

493 3973 770 4055 quietari,
821 3972 915 4033 vel
961 3971 1264 4052 impediri,
1315 3989 1522 4050 neque
1556 3970 1631 4030 ad
1667 3970 2119 4051 probationem,
2154 3990 2263 4031 seu
2299 3968 2774 4030 verificationem
2811 3988 3117 4048 quorum-

492 4100 761 4161 cumque
794 4079 858 4140 in
893 4079 1112 4140 iisdem
1136 4077 1557 4160 praesentibus
1581 4093 1971 4138 narratorum
1994 4076 2344 4137 nullatenus
2366 4094 2648 4156 unquam
2669 4075 2879 4153 teneri,
2913 4095 3118 4156 neque

492 4189 567 4247 ad
613 4187 676 4247 id
723 4188 787 4247 in
835 4185 1086 4264 judicio,
1123 4186 1216 4245 vel
1248 4200 1414 4245 extra
1448 4185 1606 4265 cogi,
1641 4204 1749 4244 seu
1785 4183 2075 4264 compelli
2109 4203 2321 4264 posse,
2357 4197 2415 4243 et
2446 4182 2495 4243 si
2529 4202 2706 4243 secus
2738 4202 2923 4264 super
2953 4182 3050 4245 his
3086 4204 3117 4242 a

492 4312 817 4374 quoquam
863 4294 1079 4372 quavis
1127 4291 1480 4352 auctoritate
1513 4291 1772 4351 scienter
1805 4292 1900 4351 vel
1935 4291 2292 4370 ignoranter
2326 4290 2649 4370 contigerit
2680 4291 2955 4351 attentari
2992 4291 3118 4351 irri-

492 4419 646 4470 tum,
681 4417 738 4461 et
771 4420 1023 4482 prorsus
1057 4400 1238 4459 inane
1273 4418 1424 4472 esse,
1465 4417 1534 4457 ac
1569 4397 1697 4457 fore
1732 4397 2044 4474 volumus,
2079 4413 2263 4478 atque
2298 4397 2707 4459 decernimus.

707 4509 927 4584 (LXII.)
992 4507 1140 4568 Non
1191 4505 1578 4566 obstantibus
1627 4505 1702 4565 de
1737 4504 1867 4581 jure
1900 4506 2185 4586 quaesito
2222 4524 2350 4566 non
2382 4503 2683 4582 tollend0,
2719 4505 2793 4564 de
2827 4525 3112 4585 suppres-

494 4616 774 4678 sionibus
820 4613 1284 4675 committendis
1330 4614 1406 4673 ad
1456 4629 1655 4693 partes
1690 4615 1919 4674 vocatis
1952 4633 2227 4694 quorum
2265 4614 2537 4688 interest,
2572 4612 2828 4692 aliisque
2863 4613 3120 4690 Nostris,

493 4739 551 4784 et
597 4721 1010 4784 Cancellariae
1044 4721 1439 4802 Apostolicae
1487 4721 1732 4799 reguliS,
1782 4740 1897 4781 nec
1947 4740 2076 4782 non
2118 4721 2433 4803 sdictarum
2480 4718 2891 4780 Ecclesiarum
2939 4720 3120 4780 etiam

495 4829 966 4891 confirmatione
999 4828 1378 4909 Apostolica,
1413 4827 1508 4887 vel
1542 4828 1758 4907 quavis
1791 4827 2071 4888 firmitate
2107 4827 2220 4888 alia
2255 4827 2555 4887 roboratis
2590 4826 2845 4900 statutiS,
2878 4843 2934 4886 et
2967 4845 3117 4886 con-

494 4936 929 4998 suetudinibus
976 4935 1156 4995 etiam
1205 4933 1820 5002 immemorabilibus,
1874 4933 2200 5016 privilegiis
2234 4953 2511 5012 quoque,
2546 4932 2822 5008 Indultis,
2858 4947 2914 4992 et
2947 4933 3118 4994 Con·
