3684 5416
515 957 537 1000 5

497 1493 545 1525 10

500 2037 547 2081 ι5

503 2590 555 2622 20

506 3144 557 3189 ²5

512 3697 566 3743 30

517 4266 567 4311 35

524 4945 578 4986 ⁴0

589 323 693 407 §49
1461 325 1708 410 Ordines
1747 340 1803 379 et
1844 324 2344 407 congregationes.

591 510 768 569 traria
800 509 1042 569 animae
1076 523 1134 568 et
1167 509 1412 589 regulae
1446 525 1690 571 nostrae
1774 511 1848 571 Et
1881 511 2269 590 ubicumque
2303 528 2445 572 sunt
2480 510 2706 585 fratres,
2753 510 2859 592 qui
2890 512 3113 572 scirent
3143 528 3204 572 et

591 631 1038 694 cognoscerent
1082 635 1145 675 se
1193 634 1321 676 non
1370 636 1550 697 posse
1600 617 1878 697 regulam
1925 616 2314 698 spiritualiter
2346 620 2688 695 observare,
2725 618 2800 678 ad
2833 637 2981 678 suos
3015 617 3199 678 mini-

592 738 750 783 stros
796 723 1058 782 debeant
1105 738 1163 783 et
1209 724 1447 804 possint
1495 744 1821 786 recurrere.
1888 725 2149 785 Ministri
2199 744 2344 786 vero
2378 725 2677 785 caritative
2710 740 2768 785 et
2802 725 3064 803 benigne
3097 744 3205 785 eos

593 829 908 910 recipiant,
939 845 995 890 et
1028 845 1259 891 tantam
1297 830 1762 893 familiaritatem
1801 833 2062 893 habeant
2097 832 2251 892 circa
2288 832 2473 913 ipsos,
2498 848 2562 893 ut
2594 833 2794 893 dicere
2832 832 3068 913 possint
3100 832 3206 902 eis,

594 952 651 997 et
703 936 896 997 facere
943 937 1101 997 sicut
1148 936 1386 998 domini
1433 939 1620 999 servis
1671 938 1833 1009 suis;
1886 959 2027 999 nam
2077 939 2153 998 ita
2187 939 2365 999 debet
2399 958 2549 1014 esse,
2585 939 2759 1019 quod
2792 937 3050 999 ministri
3084 940 3207 998 sint

590 1043 746 1104 servi
768 1042 1056 1105 omnium
1080 1044 1352 1105 fratrum.
1394 1046 1627 1105 Moneo
1651 1064 1926 1125 quoque,
1959 1062 2017 1106 et
2049 1046 2341 1107 exhortor
2373 1044 2434 1105 in
2462 1045 2735 1106 Domino
2767 1046 2899 1106 lesu
2921 1044 3198 1119 Christ0,

599 1166 663 1211 ut
713 1167 961 1212 caveant
1013 1149 1222 1211 fratres
1272 1154 1348 1212 ab
1395 1152 1568 1214 omni
1603 1153 1909 1233 superbia,
1956 1152 2329 1231 vanagloria,
2380 1151 2628 1225 invidia,
2678 1151 2941 1229 avaritia,
2974 1171 3118 1211 cura
3152 1166 3211 1211 et

596 1256 1006 1318 sollicitudine
1041 1257 1227 1319 huius
1258 1259 1506 1333 saeculi,
1543 1258 1914 1320 detractione
1949 1276 2006 1319 et
2041 1258 2548 1320 murmuratione.
2588 1259 2660 1319 Et
2695 1277 2824 1320 non
2859 1274 3070 1329 curent
3103 1278 3209 1318 ne-

598 1363 854 1424 scientes
887 1364 1110 1425 litteras
1144 1365 1395 1443 discere,
1430 1366 1536 1427 sed
1573 1366 1911 1441 attendant,
1944 1366 2118 1446 quod
2157 1385 2344 1447 super
2375 1365 2587 1426 omnia
2622 1365 2965 1426 desiderare
2986 1365 3216 1425 debent

600 1472 822 1531 habere
873 1471 1153 1552 spiritum
1203 1468 1458 1533 Domini
1512 1489 1570 1533 et
1622 1490 1891 1535 sanctam
1946 1473 2077 1534 eius
2128 1471 2570 1555 operationem,
2621 1492 2795 1533 orare
2847 1490 3087 1552 semper
3136 1471 3216 1531 ad

600 1576 804 1638 Deum
842 1597 999 1659 puro
1034 1580 1238 1650 corde,
1287 1596 1346 1640 et
1380 1580 1601 1641 habere
1637 1581 2068 1656 humilitatem,
2118 1579 2470 1661 patientiam
2506 1579 2568 1639 in
2603 1578 3024 1660 persecutione
3058 1594 3116 1638 et
3148 1577 3214 1636 in

601 1668 969 1760 infirmitate,
1002 1701 1059 1745 et
1093 1686 1341 1765 diligere
1378 1707 1504 1763 eos,
1540 1688 1646 1767 qui
1685 1708 1798 1749 nos
1834 1703 2307 1769 persequuntur,
2341 1688 2802 1769 reprehendunt
2835 1701 2889 1745 et
2924 1698 3218 1765 arguunt,

601 1792 744 1872 quia
791 1792 934 1853 dicit
967 1793 1309 1855 Dominus:
1362 1794 1608 1874 Diligite
1660 1796 1945 1857 inimicos
1979 1812 2228 1869 vestros,
2265 1811 2321 1855 et
2353 1812 2519 1856 orate
2555 1813 2667 1873 pro
2701 1792 3218 1875 persequentibus

604 1915 663 1960 et
695 1900 1169 1961 calumniatibus
1203 1918 1343 1973 vos;
1396 1901 1560 1962 Beati
1602 1902 1707 1983 qui
1743 1902 2238 1983 persecutionem
2271 1901 2586 1982 patiuntur
2619 1916 2868 1981 propter
2900 1900 3215 1973 iustitiam,

603 2007 901 2089 quoniam
951 2008 1229 2089 ipsorum
1279 2025 1366 2069 est
1399 2028 1662 2089 regnum
1700 2010 2056 2085 coelorum;
2109 2008 2236 2085 Qui
2271 2025 2479 2071 autem
2513 2008 2982 2089 perseveraverit
3015 2025 3216 2087 usque

603 2115 667 2175 in
703 2115 911 2192 finem,
947 2115 1046 2175 hic
1077 2115 1279 2177 salvus
1310 2117 1437 2177 erit.

818 2241 968 2321 Cap.
1003 2240 1101 2302 xl.
1150 2241 1465 2323 Praecipio
1515 2241 1771 2302 firmiter
1819 2241 2100 2303 fratribus
2149 2239 2451 2301 universis
2501 2260 2576 2300 ne
2626 2240 2888 2299 habeant
2933 2250 3212 2317 suspecta

606 2347 928 2418 consortia,
966 2348 1058 2408 vel
1093 2348 1343 2408 consilia
1392 2349 1743 2410 mulierum.
1809 2349 1883 2409 Et
1917 2368 1994 2409 ne
2028 2348 2449 2426 ingrediantur
2481 2345 2850 2407 monasteria
2886 2343 3223 2404 monacha-

608 2474 767 2531 rum,
818 2470 1051 2536 praeter
1099 2454 1235 2516 illos
1282 2456 1512 2535 quibus
1545 2477 1575 2515 a
1611 2455 1767 2516 Sede
1803 2454 2157 2536 Apostolica
2208 2472 2495 2515 concessa
2532 2471 2620 2513 est
2651 2451 2888 2512 licentia
2923 2448 3220 2531 specialis,

608 2562 737 2623 Nec
771 2560 915 2622 fiant
947 2577 1289 2641 compatres
1325 2562 1599 2623 virorum
1636 2563 1729 2623 vel
1766 2561 2121 2635 mulierum,
2165 2580 2240 2620 ne
2276 2561 2388 2620 hac
2421 2560 2765 2635 occasione,
2802 2558 2958 2617 inter
2990 2557 3221 2625 fratres,

611 2670 699 2730 vel
737 2670 812 2730 de
849 2669 1132 2730 fratribus
1165 2670 1524 2730 scandalum
1563 2669 1809 2731 oriatur.

822 2795 971 2874 Cap.
1004 2793 1124 2856 Xll.
1188 2793 1594 2875 Quicumque
1646 2795 1896 2855 flatrum
1934 2794 2138 2854 divina
2175 2793 2575 2874 inspiratione
2613 2790 2917 2852 voluerint
2950 2789 3032 2849 ire
3064 2789 3225 2848 inter

612 2901 946 2962 Saracenos
993 2916 1048 2961 et
1095 2901 1247 2961 alios
1294 2901 1589 2977 infideles,
1636 2917 1841 2978 petant
1891 2900 2032 2960 inde
2069 2900 2379 2960 licentiam
2414 2920 2446 2957 a
2481 2897 2609 2957 suis
2645 2894 2940 2957 ministris
2975 2893 3226 2974 provin-

614 3008 882 3069 cialibus,
950 3009 1211 3068 Ministri
1260 3029 1404 3068 vero
1454 3009 1639 3069 nullis
1686 3009 1873 3072 eundi
1923 3008 2229 3070 licentiam
2266 3007 2554 3078 tribuant,
2592 3004 2708 3064 nisi
2743 3002 2827 3063 eis
2859 3020 3021 3082 quos
3055 2999 3226 3059 vide-

616 3116 732 3175 rint
766 3115 1023 3175 idoneos
1056 3116 1131 3175 ad
1168 3116 1556 3178 mittendum.

829 3242 927 3302 Ad
963 3241 1130 3316 haec,
1168 3260 1274 3322 per
1307 3242 1720 3302 obedientiam
1758 3243 2022 3320 iniungo
2056 3240 2368 3315 ministriS,
2404 3255 2470 3298 ut
2504 3253 2762 3318 petanta
2784 3234 3045 3296 domino
3070 3233 3228 3312 Papa

618 3368 813 3410 unum
850 3349 924 3409 de
959 3364 1201 3409 sanctae
1226 3350 1507 3409 Romane
1532 3347 1830 3409 Ecclesiae
1866 3346 2291 3423 cardinalibus,
2325 3346 2433 3426 qui
2467 3345 2541 3404 sit
2573 3345 2968 3419 gubernator,
3003 3356 3058 3399 et
3080 3356 3229 3418 pro-

618 3473 807 3517 tector
852 3473 908 3516 et
954 3472 1260 3517 corrector
1305 3455 1468 3516 illius
1517 3456 1916 3529 fraternitatis,
1955 3471 2019 3515 ut
2051 3473 2296 3534 semper
2329 3451 2559 3513 subditi
2594 3466 2651 3510 et
2682 3447 2937 3509 subiecti
2971 3444 3232 3526 pedibus

620 3565 896 3625 eiusdem
947 3564 1007 3624 S.
1047 3563 1347 3624 Ecclesiae
1396 3563 1637 3624 stabiles
1671 3564 1734 3624 in
1770 3563 1890 3623 fide
1924 3562 2221 3623 catholica
2257 3574 2679 3642 paupertatem
2713 3573 2768 3617 et
2803 3553 3229 3620 humilitatem,

620 3687 678 3732 et
710 3687 992 3732 sanctum
1028 3670 1430 3749 Evangelium
1471 3669 1718 3730 Domini
1758 3670 1948 3729 nostri
1985 3669 2118 3729 lesu
2153 3667 2404 3744 Christi,
2453 3665 2624 3746 quod
2659 3662 2913 3724 firmiter
2944 3658 3231 3741 promisi-

623 3800 779 3856 mus,
814 3781 1231 3839 observemus.

837 3885 1004 3946 Nulli
1055 3904 1203 3961 ergo
1252 3883 1511 3943 omnino
1545 3883 1879 3943 hominum
1914 3881 2091 3942 liceat
2125 3881 2281 3941 hanc
2314 3879 2597 3961 paginam
2632 3893 2874 3939 nostrae
2908 3871 3231 3934 confirma-

625 3993 806 4053 tionis
839 3991 1170 4070 infringere
1204 3991 1299 4050 vel
1333 3990 1383 4050 ei
1420 4010 1574 4050 ausu
1609 3991 1937 4050 temerario
1971 3989 2294 4049 contraire.
2362 3986 2425 4047 Si
2460 3985 2600 4067 quis
2633 4000 2838 4046 autem
2873 3998 2983 4043 etc.

839 4126 1069 4187 Datum
1118 4123 1398 4185 Laterani
1445 4123 1619 4184 tertio
1669 4123 1957 4183 kalendas
2007 4120 2364 4192 decembris,
2414 4117 2807 4201 pontificatus
2840 4114 3033 4177 nostri
3067 4130 3234 4173 anno

626 4250 863 4293 octavo.

841 4341 974 4400 Dat.
1008 4340 1105 4399 die
1143 4360 1221 4417 29
1259 4358 1507 4400 novem.
1558 4358 1738 4418 1223,
1772 4352 1943 4418 pont.
1977 4356 2070 4398 an.
2106 4335 2252 4396 V111.

1252 4539 1548 4617 Sequitur
1577 4536 1679 4597 lu'c
1713 4541 2129 4597 testamentum
2165 4532 2238 4593 B.
2282 4530 2621 4592 France‘scc'.

844 4713 871 4772 S
919 4725 965 4764 1.
1019 4699 1333 4762 Dominus
1381 4697 1548 4758 dedit
1601 4696 1752 4757 mihi
1801 4693 1965 4755 fratri
2000 4692 2325 4754 Francisco
2380 4691 2456 4751 ita
2491 4688 2757 4768 incipere
2793 4685 2984 4746 facere
3020 4681 3232 4764 poeni-

631 4811 899 4884 tentiam,
951 4808 1094 4889 quia
1141 4825 1283 4867 cum
1319 4824 1514 4865 essem
1549 4805 1610 4864 in
1644 4803 1922 4884 peccatiS,
1960 4800 2144 4862 nimis
2180 4798 2330 4860 mihi
2367 4798 2686 4857 videbatur
2717 4811 2996 4855 amarum
3031 4791 3236 4851 videre

632 4921 938 5002 leprosos;
989 4919 1094 4978 sed
1129 4917 1258 4997 ipse
1294 4913 1600 4976 Dominus
1634 4911 1926 4973 conduxit
1960 4929 2059 4971 me
2095 4910 2248 4969 inter
2280 4907 2465 4988 ipsos,
2501 4921 2558 4964 et
2593 4903 2731 4964 fecit
2766 4898 3241 4962 misericordiam
