3684 5416
538 1525 586 1557 to

536 2145 581 2189 ι5

529 2596 583 2628 20

531 3007 579 3051 ²5

525 3561 575 3604 30

522 4093 571 4137 35

515 4626 569 4666 40

642 344 747 412 640
1504 348 1765 404 Ordines
1805 361 1862 403 et
1901 349 2403 420 congregationes,

642 526 815 587 dictis
869 528 1153 590 fratribus
1204 530 1468 591 omnino
1520 532 1917 609 reddiderint,
1964 534 2071 594 sed
2122 533 2186 593 in
2219 535 2690 615 proprietatibus
2722 538 2852 597 suis
2885 539 3262 599 omnimodo

641 635 924 696 duxerint
958 638 1429 715 remanendum,
1463 655 1715 720 propter
1748 640 1868 701 hoc
1898 641 1975 700 ab
2009 639 2448 722 episcoporum
2484 648 2746 704 suorum'
2778 645 3078 705 sententia
3113 647 3256 705 nul-

638 741 879 803 latenus
927 744 1085 804 exim
1102 760 1292 820 intur,
1340 745 1449 805 sed
1497 761 1863 827 potestatem
1898 766 2076 808 suam
2111 748 2175 808 in
2208 769 2337 826 e05,
2372 750 2528 810 sicut
2560 750 2624 810 in
2657 751 2810 813 alios
2845 737 3255 832 parochianos

639 870 787 911 suos
819 867 1156 925 exerceant,
1204 871 1402 931 quum
1449 872 1563 935 pro
1596 853 1722 914 suis
1757 854 1980 915 fuerint
2014 855 2358 916 excessibus
2393 857 2757 938 corrigendi.
2822 857 3011 933 Quod
3049 873 3255 919 autem

639 956 713 1016 de
762 958 1082 1038 praedictis
1135 958 1421 1021 fratribus
1455 960 1688 1021 dictum
1724 978 1833 1038 est,
1868 964 1944 1022 ab
1978 962 2111 1022 aliis
2144 983 2402 1043 quoque
2437 964 2752 1044 religiosiS,
2785 965 2891 1045 qui
2930 985 3253 1045 praesum-

640 1063 849 1145 ptione
880 1085 991 1125 sua
1025 1064 1462 1147 episcoporum
1496 1066 1838 1147 percipiunt
1872 1069 2024 1144 iura,
2056 1085 2114 1129 et
2146 1085 2358 1130 contra
2393 1070 2720 1137 canonicas
2753 1091 2969 1132 eorum
3005 1089 3255 1134 senten-

636 1169 746 1230 tias
793 1186 849 1231 et
894 1186 1176 1232 tenorem
1224 1173 1689 1255 privilegiorum
1736 1190 2097 1236 nostrorum
2144 1177 2351 1237 venire
2386 1193 2811 1258 praesumunt,
2848 1179 3261 1259 praecipimus

637 1278 963 1339 observari.
1031 1277 1093 1338 Si
1143 1279 1311 1339 enim
1361 1296 1571 1341 contra
1620 1281 1969 1342 institutum
2004 1282 2123 1343 hoc
2157 1282 2455 1359 venerint,
2490 1299 2549 1344 et
2581 1285 2887 1362 ecclesiae,
2924 1286 2986 1346 in
3021 1288 3257 1366 quibus

638 1385 746 1446 ista
781 1386 1321 1466 praesumpserint,
1355 1381 1708 1449 subiaceant
1738 1388 2082 1463 interdictO,
2118 1404 2177 1450 et
2209 1390 2381 1469 quod
2415 1390 2649 1473 egerint
2681 1391 2917 1453 irritum
2953 1392 3256 1453 habeatur

638 1497 699 1551 et
727 1513 996 1553 vacuum.

1289 1683 1417 1741 271.
1470 1683 1981 1741 tnnocnx'rms
2018 1648 2141 1740 111.
2185 1687 2621 1758 (uos-1216).

688 1830 753 1893 a.)
815 1824 1315 1896 Innocentius
1354 1826 1459 1880 111.
1500 1826 1783 1882 Abbati
1823 1840 1895 1882 et
1935 1828 2373 1884 Conventui
2413 1829 2808 1894 Cassensi‚
2852 1831 2916 1885 in
2958 1848 3006 1885 c.
3044 1831 3091 1884 S.
3135 1833 3202 1885 X.

1574 1908 1640 1961 de
1668 1911 2096 1978 probationibus.
2138 1908 2198 1963 ll.
2249 1928 2323 1982 19.

848 2042 876 2069 ‘
938 2044 1145 2114 Corpus
1172 2044 1280 2100 iur.
1307 2060 1425 2095 can.
1466 2042 1553 2096 ed.
1595 2041 1811 2097 Fried
1836 2043 2036 2114 berg.
2077 2043 2250 2099 Tom.
2280 2044 2341 2100 ΙΙ.
2382 2043 2491 2099 col.
2521 2061 2763 2117 3¹0*3¹
2787 2063 2825 2097 t.
2883 2044 3147 2098 Pottha
3168 2057 3262 2115 st,

636 2137 691 2174 n.
739 2138 886 2193 1547.
962 2121 1090 2176 Sin
1108 2140 1143 2193 g
1162 2139 1265 2191 er,
1305 2126 1411 2176 Die
1446 2123 1740 2193 Behebung
1776 2125 1877 2178 der
1899 2126 2019 2193 fiir
2049 2126 2528 2196 Ordenspersonen
2567 2125 2917 2179 bestehenden
2943 2125 3260 2179 Bessara-n-

634 2203 847 2272 kungcn
889 2204 943 2256 in
981 2206 1305 2257 commercio
1344 2207 1539 2259 mortis
1576 2223 1786 2259 causae.
1831 2205 2148 2260 lnnsbruck
2198 2206 2345 2261 1880.

634 2324 695 2381 Si
723 2338 960 2398 rogatus
1002 2327 1300 2383 restituere
1344 2341 1525 2384 totam
1567 2328 1964 2392 hereditatem,
2014 2345 2084 2383 eo
2126 2327 2248 2384 sine
2273 2328 2462 2384 liberis
2491 2329 2806 2383 decedente
2834 2327 3002 2382 intret
3029 2346 3236 2383 mona-

634 2407 888 2473 sterium,
928 2410 1215 2463 evanescit
1255 2407 1787 2472 fideicommissum,
1826 2422 1884 2463 et
1924 2408 2209 2464 hereditas
2251 2410 2567 2481 applicatur
2612 2409 2997 2478 monasteri03
3037 2427 3142 2464 nec
3172 2412 3250 2464 ad

634 2485 1062 2543 invalidandum
1100 2489 1423 2561 ingressum
1465 2488 1675 2545 sufficit
1717 2491 1964 2561 probare
1991 2489 2278 2544 minorem
2306 2502 2551 2543 aetatem
2580 2502 2841 2561 tempore
2869 2489 3175 2560 ingressus,
3204 2491 3256 2546 si

636 2585 705 2622 ex
745 2569 987 2624 adverso
1029 2570 1350 2641 geminatus
1393 2571 1672 2641 probetur
1709 2569 2020 2640 ingressus.
2075 2571 2141 2623 Η.
2184 2570 2238 2623 d.
2275 2569 2669 2640 intelligendO,
2711 2570 2873 2641 quod
2915 2570 3253 2626 substitutio

635 2646 740 2703 fuit
780 2646 1323 2704 fideicommissaria.
1390 2648 1450 2704 Si
1490 2666 1629 2704 vero
1678 2649 1782 2704 fuit
1810 2650 2042 2716 directa,
2070 2667 2297 2704 summa
2323 2649 2435 2704 sic:
2474 2649 2804 2705 substitutio
2835 2648 2982 2704 facta
3011 2648 3144 2714 filio,
3174 2668 3253 2707 eo

635 2731 874 2785 decente
927 2729 1048 2785 sine
1087 2730 1294 2799 liberis,
1336 2731 1625 2786 evanescit
1671 2748 1771 2802 per
1797 2731 2119 2800 ingressum
2149 2729 2496 2788 monasterii.
2549 2731 2620 2784 Et
2649 2743 2784 2784 tunc
2813 2732 2961 2784 adde
2988 2731 3064 2797 id,
3092 2734 3252 2802 quod

634 2824 720 2865 est
747 2811 802 2865 in
832 2809 1018 2881 primo
1049 2811 1361 2867 summario
1390 2811 1495 2866 ibi:
1543 2828 1649 2865 nec
1678 2813 1750 2865 ad
1777 2811 2208 2866 invalidandum
2236 2824 2362 2874 etc.,
2393 2828 2574 2883 usque
2602 2812 2673 2864 ad
2701 2808 2894 2874 finem,
2924 2824 2977 2864 et
3005 2824 3251 2882 uterque

633 2890 947 2946 intellectus
978 2904 1062 2945 est
1089 2909 1255 2946 verus
1282 2891 1337 2946 in
1366 2909 1444 2946 se.
1472 2891 1619 2947 Dico
1650 2905 1863 2957 tamen,
1890 2892 2050 2964 quod
2079 2891 2294 2963 primus
2326 2904 2413 2947 est
2439 2890 2644 2956 verior,
2670 2891 2834 2962 quod
2862 2892 2948 2945 bic
2979 2890 3080 2946 fuit
3106 2894 3247 2946 sub-

700 2971 915 3026 stitutio
947 2970 1492 3036 fideicommissaria,
1521 2971 1649 3027 licet
1676 2974 1850 3027 Dom.
1881 2975 2095 3027 Anton.
2123 2972 2214 3027 hic
2244 2971 2412 3036 dicat,
2438 2973 2599 3044 quod
2628 2970 2731 3026 fuit
2760 2973 3197 3044 compendiosa.

848 3103 914 3163 In
962 3103 1298 3183 praesentia
1333 3104 1551 3164 dilecti
1557 3106 1709 3183 filii
1736 3107 1941 3165 nostri
1969 3105 2045 3166 G.
2082 3104 2273 3164 sancti
2309 3103 2603 3164 Hadriani
2637 3101 2882 3163 diaconi
2918 3103 3247 3164 cardinalis

632 3211 706 3272 G.
739 3209 1149 3270 subdiaconus
1182 3225 1238 3270 et
1270 3211 1335 3271 B.
1370 3211 1596 3272 mulier
1613 3232 1791 3272 soror
1810 3214 1965 3284 eius,
2007 3211 2443 3271 Verulanenses
2465 3209 2675 3272 fratres
2697 3230 2835 3269 cum
2856 3225 3058 3270 vestro
3092 3230 3242 3291 syn-

629 3318 770 3383 dico
803 3317 1154 3378 constituto.
1176 3335 1379 3378 coram
1419 3319 1556 3399 ipso
1590 3317 1787 3379 fecere
1824 3319 2114 3399 proponi,
2148 3319 2341 3398 quod,
2374 3335 2573 3397 quum
2608 3316 2932 3396 quondam
2968 3324 3041 3377 A.
3068 3316 3251 3378 frater

630 3425 909 3504 ipsorum
960 3425 1252 3485 conderet
1300 3441 1759 3501 testamentum,
1817 3428 1900 3486 M.
1936 3424 2134 3486 filium
2181 3443 2369 3485 suurn
2403 3423 2517 3484 sibi
2552 3423 2842 3484 heredem
2879 3422 3154 3501 instituit,
3189 3441 3250 3485 et

631 3531 952 3614 praecepit,
987 3548 1075 3608 ut,
1108 3532 1159 3592 si
1191 3534 1423 3613 absque
1456 3532 1663 3593 liberis
1687 3535 1856 3606 sorte
1889 3532 2228 3606 decederet,
2276 3533 2351 3591 ad
2385 3551 2492 3592 eos
2524 3529 2609 3592 G.
2640 3536 2699 3590 et
2726 3528 2786 3590 B
2836 3532 2998 3590 bona
3030 3530 3248 3591 devol-

631 3655 916 3699 verentur
964 3638 1172 3720 ipsius,
1227 3641 1392 3700 unde
1440 3639 1560 3716 illa,
1611 3659 1770 3718 quae
1803 3640 1879 3698 de
1914 3639 2092 3699 bonis
2126 3638 2322 3718 ipsius
2355 3654 2626 3699 vestrum
2657 3637 3103 3698 monasterium
3136 3638 3248 3698 de-

628 3745 875 3818 tinebat,
925 3746 1037 3806 sibi
1088 3747 1319 3806 restitui
1366 3747 1778 3828 postulabant,
1825 3763 1884 3806 et
1918 3748 2198 3827 petebant
2233 3766 2343 3806 vos
2378 3764 2565 3827 super
2598 3745 2718 3805 hoc
2751 3765 2783 3803 a
2816 3764 2923 3804 sua
2957 3744 3246 3804 molesta-

627 3852 796 3913 tione
846 3853 1171 3934 compesci.
1236 3852 1468 3913 Verum
1516 3853 1812 3935 syndicus
1865 3853 1993 3934 ipse
2028 3852 2349 3933 proposuit
2382 3873 2452 3913 ex
2485 3852 2761 3927 advers0,
2795 3852 2965 3931 quod
3001 3851 3245 3930 praedi-

627 3974 760 4019 ctus
795 3961 877 4020 Μ.
911 3959 1283 4021 monasterio
1330 3977 1531 4020 vestro
1578 3960 1799 4022 obtulit
1833 3980 1898 4021 se
1931 3976 1988 4020 et
2022 3980 2152 4036 sua,
2188 3961 2352 4021 unde
2387 3960 2686 4032 universa,
2722 3977 2880 4038 quae
2916 3958 3231 4032 habuerat,

627 4081 800 4125 erant
830 4067 905 4125 ad
940 4066 1386 4128 monasterium
1420 4068 1726 4140 devoluta,
1760 4087 1949 4148 quare
1983 4068 2284 4144 universa,
2318 4086 2477 4147 quae
2511 4066 2624 4147 ipsi
2658 4066 2732 4126 de
2767 4064 2946 4124 bonis
2979 4064 3109 4125 eius
3144 4064 3241 4125 in-

626 4187 921 4246 vaserant,
973 4172 1206 4232 restitui
1257 4173 1628 4234 monasterio
1678 4191 1883 4234 vestro
1933 4176 2191 4255 petebat,
2231 4190 2288 4234 et
2319 4193 2505 4254 super
2538 4173 2749 4232 ceteris
2781 4170 3096 4231 silentium
3127 4171 3248 4231 illis

626 4277 884 4358 imponi.
951 4277 1050 4338 Ad
1099 4279 1246 4339 haec
1291 4294 1501 4341 autem
1548 4298 1686 4362 pars
1733 4281 1916 4341 altera
1968 4280 2295 4361 replicavit,
2344 4282 2514 4360 quod
2562 4279 2756 4339 dictus
2791 4278 2873 4340 M.
2908 4278 3244 4340 oblationis

625 4404 771 4444 suae
804 4400 1083 4465 tempore
1119 4383 1330 4462 fuerat,
1383 4386 1587 4448 minor
1618 4387 1816 4464 annis,
1868 4391 2032 4448 sicut
2046 4397 2172 4468 per
2202 4394 2380 4448 testes
2414 4386 2686 4467 legitime
2717 4385 3149 4466 comprobavit,
3181 4401 3242 4446 et

626 4491 798 4571 quod
844 4492 968 4551 voti
1020 4490 1157 4552 facti
1205 4493 1528 4572 poenitens
1565 4495 1655 4568 id,
1688 4495 1860 4574 quod
1896 4493 2131 4556 fervore
2165 4493 2531 4555 infirmitatis
2566 4493 2802 4569 fecerat,
2836 4507 2974 4572 post
3005 4510 3233 4552 conva—

626 4598 972 4660 lescentiam
1009 4599 1332 4660 revocavit.
1383 4598 1423 4678 †
1460 4599 1634 4661 Unde
1666 4607 1788 4661 tecm
1822 4622 1895 4661 ex
1925 4622 2017 4676 σο,
2049 4602 2213 4682 quod
2240 4601 2398 4661 Milo
2431 4603 2601 4674 infra
2620 4605 2875 4660 aetatem
2898 4599 3242 4679 legitimam

624 4709 993 4766 monasterio
1040 4705 1397 4767 Casemarii
1437 4707 1661 4768 obtulit
1702 4728 1769 4768 se
1813 4715 1875 4768 et
1920 4729 2053 4781 sua,
2101 4714 2225 4767 tum
2272 4711 2417 4789 quia
2450 4708 2614 4787 quod
2642 4704 2981 4767 inconsulte
2992 4705 3249 4783 fecerat

613 4812 998 4893 postmodum
1032 4815 1353 4886 revocavit,
1386 4816 1519 4874 eius
1550 4814 1778 4875 oblatio
1812 4835 1932 4875 non
1968 4814 2225 4875 tenebat.
2282 4814 2466 4876 Unde
2499 4832 2699 4894 quum
2733 4813 2866 4873 sine
2895 4812 3099 4873 liberis
3130 4813 3238 4872 de·

624 4919 914 4998 cessisset,
962 4939 1032 4980 ex
1077 4935 1446 4981 testamento
1495 4921 1677 5001 patris
1726 4921 1901 4982 illius
1955 4922 2031 4982 ad
2078 4921 2245 5000 ipsos
2278 4936 2404 4982 erat
2437 4921 2572 4982 eius
2605 4919 2906 4981 hereditas
2936 4921 3244 4981 devoluta.
