3684 5416
381 1523 430 1555 10

382 2055 428 2099 ι5

379 2584 435 2618 20

1618 343 1964 400 Cardinales.
2985 364 3094 419 479

480 529 715 592 tinendi
748 530 1027 592 Priorem
1058 529 1396 590 Ecclesiam
1429 528 1526 589 sui
1556 528 1752 590 Tituli
1784 528 1880 590 vel
1902 528 2232 591 Diaconiae
2266 529 2332 590 in
2365 529 2957 591 administrationem
2991 546 3097 592 aut

481 641 549 700 in
583 638 850 715 titulum,
883 657 1038 697 neve
1071 636 1594 715 Canonicatuum,
1630 652 1688 697 et
1720 637 2240 714 Praebendarum,
2281 636 2686 718 Dignitatum‚
2722 636 3094 699 Officiorum

483 761 586 805 aut
606 741 1061 804 Beneficiorum
1095 741 1331 802 dimissi
1362 742 1561 803 Tituli
1596 742 1692 803 vel
1716 741 2048 814 Diaconiae
2080 741 2344 822 collati0,
2380 761 2584 823 neque
2607 742 2817 803 Palatii
2850 742 3093 818 domus,

479 852 714 930 vineae,
750 852 1097 925 hortorum,
1132 864 1238 910 aut
1259 849 1592 926 fructuum,
1613 848 1991 926 reddituum,
2013 864 2072 909 et
2093 863 2531 930 proventuum,
2557 865 2660 910 aut
2679 848 2910 927 jurium
2933 868 3092 929 quo-

483 977 898 1038 rumcumque
944 957 1020 1017 ad
1066 955 1431 1029 huiusmodi
1461 955 1709 1016 Titulos
1741 975 1852 1016 seu
1889 955 2216 1017 Diaconias
2249 956 2709 1038 pertinentium,
2744 957 2822 1016 ad
2852 971 3099 1036 tempus

483 1084 593 1138 seu
639 1065 716 1125 ad
761 1063 947 1125 vitam
994 1064 1272 1144 retentio,
1305 1078 1411 1125 aut
1443 1065 1565 1125 ulla
1598 1064 1712 1125 alia
1744 1063 2093 1143 reservatio,
2129 1065 2352 1144 quovis
2386 1081 2719 1146 praetextu,
2755 1064 3100 1143 occasione,

486 1173 580 1233 vel
630 1190 833 1248 causa,
883 1172 1062 1232 etiam
1115 1170 1730 1233 melioramentorum
1763 1187 1822 1232 et
1853 1186 2220 1253 sumptuum
2252 1171 2315 1233 in
2349 1171 2594 1233 illarum
2627 1174 3097 1254 reparationem,

487 1279 928 1356 necessitatem,
981 1278 1108 1339 sive
1158 1277 1478 1338 utilitatem
1532 1278 1855 1356 factorum,
1909 1278 2348 1355 concedantur,
2396 1280 2503 1339 sed
2549 1280 2842 1342 volumus
2887 1295 2954 1339 ut
2984 1278 3102 1360 ipsi

485 1385 681 1446 Tituli
727 1398 785 1445 et
819 1383 1167 1462 Diaconiae,
1215 1403 1361 1455 cum
1408 1383 1525 1444 illis
1575 1384 1846 1462 annexis,
1891 1382 2256 1465 juribusque
2296 1399 2354 1445 et
2387 1384 2766 1466 pertinentiis
2798 1384 2924 1445 suis
2958 1384 3101 1446 uni-

480 1492 694 1568 versis,
728 1492 915 1552 libere
949 1491 1347 1552 dimittantur.

699 1607 728 1667 s
763 1618 820 1675 9.
869 1598 1130 1679 Insuper
1162 1597 1574 1679 praecipimus
1606 1612 1665 1659 et
1696 1614 1996 1680 perpetuo
2029 1599 2412 1676 ordinamus,
2447 1616 2512 1660 ut
2547 1600 2623 1660 de
2654 1615 2857 1662 cetero
2877 1599 2940 1661 in
2960 1599 3102 1681 qui-

482 1706 878 1784 buscumque
927 1704 1114 1768 literis
1165 1703 1556 1785 ApostoliciS,
1607 1704 1672 1764 in
1723 1706 1952 1786 quibus
2012 1706 2441 1768 Cardinalium
2490 1708 2857 1790 subscriptio
2908 1728 3102 1770 manu

486 1811 727 1891 propria
782 1810 1054 1873 facienda
1106 1811 1234 1889 erit,
1286 1811 1476 1872 iidem
1526 1811 1901 1889 CardinaleS,
1953 1812 2135 1874 etiam
2179 1813 2393 1890 Tituli,
2445 1834 2556 1876 seu
2608 1817 2958 1895 Diaconiae,
3006 1818 3102 1878 vel

485 1918 891 2000 Episcopatus
923 1918 1020 1980 sui
1052 1900 1480 1980 Cardinalatus
1513 1918 1768 1980 nomine
1802 1938 2090 2000 expresso
2128 1940 2194 1982 se
2227 1921 2629 1983 subscribant.
2761 1911 2764 1912 ⁷

700 2035 730 2095 S
779 2044 872 2088 to.
925 2026 1342 2087 Decernentes
1388 2045 1498 2107 per
1544 2025 1909 2106 hujusmodi
1958 2027 2330 2088 erectionem
2364 2043 2423 2088 et
2454 2028 2945 2110 instructionem,
2992 2033 3098 2094 de-

487 2149 623 2191 cern
658 2131 993 2211 praedictas
1025 2152 1134 2212 per
1164 2150 1283 2193 nos
1316 2133 1381 2193 in
1414 2133 1628 2194 titulos
1661 2149 1893 2194 erectas
1924 2132 2225 2195 Ecclesias
2256 2137 2714 2214 tantummodo,
2766 2138 2945 2199 novis
2977 2140 3102 2221 pri-

487 2236 720 2317 vilegiis
770 2252 829 2299 et
878 2238 1169 2318 dignitate
1219 2254 1445 2317 auctaS‚
1500 2239 1816 2300 decoratas
1866 2254 1925 2300 et
1976 2238 2317 2318 insignitas,
2371 2239 2525 2299 nihil
2575 2257 2781 2301 autem
2843 2242 3102 2304 omnino

488 2343 842 2426 praejudicii
890 2346 1189 2425 cuiquam
1238 2345 1498 2425 illatum,
1547 2345 1702 2407 nihil
1749 2345 1931 2407 alieni
1979 2345 2127 2425 juris
2160 2346 2521 2426 detractum,
2553 2361 2659 2408 aut
2688 2346 3104 2427 immutatum,

488 2451 719 2513 censeri
752 2471 934 2534 posse
967 2468 1070 2512 aut
1101 2451 1354 2528 debere;
1406 2452 1619 2533 sicque
1651 2473 1761 2535 per
1790 2471 2230 2534 quoscumque
2251 2451 2495 2514 Judices
2526 2453 2872 2515 ordinarios
2904 2470 2961 2516 et
2994 2456 3102 2516 de-

487 2559 742 2638 legatOS,
787 2560 970 2621 etiam
1016 2578 1340 2621 causarum
1375 2560 1589 2622 Palatii
1620 2560 1965 2643 Apostolici
1997 2561 2349 2639 AuditoreS,
2382 2576 2440 2621 et
2471 2560 2832 2623 Cardinales
2863 2563 3105 2644 praedi-

488 2683 636 2742 ctos,
684 2668 922 2730 sublata
969 2667 1056 2729 eis
1101 2683 1160 2729 et
1206 2685 1426 2729 eorum
1460 2667 1727 2746 cuilibet,
1775 2668 1990 2749 quavis
2022 2667 2192 2729 aliter
2226 2666 2542 2747 judicandi
2574 2683 2632 2729 et
2664 2668 3101 2751 interpretandi

488 2773 790 2853 facultate,
836 2791 895 2837 et
925 2774 991 2836 in
1025 2759 1457 2856 quavis‘causa
1490 2790 1549 2835 et
1581 2774 1882 2852 instantia,
1928 2773 2180 2854 judicari
2214 2789 2274 2835 et
2305 2774 2549 2837 definiri
2582 2776 2825 2855 debere,
2857 2795 3103 2838 necnon

400 2910 407 2917 ·
493 2880 740 2942 irritum
793 2896 853 2943 et
901 2882 1097 2960 inane,
1130 2881 1193 2944 si
1226 2901 1405 2943 secus
1452 2900 1638 2963 super
1684 2881 2055 2962 praemissis,
2099 2901 2398 2945 eorumve
2445 2883 2656 2964 aliquo
2689 2904 2724 2944 a
2755 2901 3100 2963 quoquam,

380 3122 433 3167 ²5

379 3656 435 3700 ⁴30

379 4189 433 4233 35

380 4724 436 4763 4ο

488 2989 710 3070 quavis
741 2988 1096 3051 auctoritate
1129 2988 1389 3049 scienter
1418 2989 1518 3050 vel
1549 2988 1906 3068 ignoranter
1937 2990 2264 3071 contigerit
2294 2989 2588 3052 attentari.

704 3104 735 3165 S
780 3116 796 3157 ι
824 3116 873 3158 t.
921 3095 1070 3157 Non
1102 3096 1495 3157 obstantibus
1527 3096 2070 3158 constitutionibus
2102 3112 2162 3158 et
2193 3096 2685 3161 ordinationibus
2718 3095 3107 3178 Apostolicis,

493 3224 561 3265 ac
582 3203 994 3264 Ecclesiarum
1023 3203 1533 3285 supradictarum,
1565 3217 1624 3264 et
1655 3204 1911 3264 aliarum
1936 3223 2501 3285 quarumcumque,
2526 3218 2775 3264 necnon
2796 3203 3105 3264 Ordinum

491 3309 859 3389 juramento,
891 3309 1361 3371 confirmatione
1393 3309 1775 3392 Apostolica,
1809 3311 1905 3371 vel
1938 3309 2153 3390 quavis
2186 3309 2470 3371 firmitate
2504 3311 2621 3371 alia
2653 3309 2954 3373 roboratis
2986 3325 3106 3371 sta-

490 3417 637 3477 tutis
669 3430 729 3477 et
761 3417 1347 3493 consuetudinibus;
1399 3417 1730 3499 privilegiis
1762 3435 2041 3496 quoque,
2095 3415 2367 3493 indultis,
2403 3434 2459 3477 et
2491 3416 2681 3477 literis
2710 3416 3108 3497 Apostolicis,

489 3524 630 3602 illis,
663 3544 734 3585 ac
766 3523 1087 3603 quibusvis
1119 3524 1399 3606 personis
1431 3522 1908 3605 quomodolibet
1942 3521 2263 3599 concessis,
2299 3522 2671 3603 approbatis,
2704 3537 2762 3581 et
2785 3521 3107 3582 innovatis.

492 3631 745 3707 Quibus
776 3631 1092 3711 omnibus,
1127 3632 1378 3693 illorum
1408 3648 1655 3693 tenores
1689 3630 2112 3711 praesentibus
2145 3650 2258 3711 pro
2291 3630 2590 3711 expressis
2625 3631 2936 3708 habentes»,
2969 3650 3105 3711 spe-

489 3738 716 3800 cialiter
746 3755 804 3799 et
836 3758 1118 3819 expresse
1154 3739 1563 3817 derogamus;
1613 3737 1990 3818 caeterisque
2025 3737 2341 3798 contrariis
2374 3738 2897 3817 quibuscumque.

702 3855 732 3916 s
787 3866 881 3908 12.
947 3845 1010 3906 Si
1060 3845 1249 3925 igitur
1282 3844 1401 3927 ipsi
1433 3844 1811 3923 Cardinales,
1846 3844 2075 3925 quibus
2107 3844 2472 3905 huiusmodi
2507 3842 2918 3904 Ecclesiarum
2949 3843 3108 3922 regi-

490 3972 656 4032 men,
692 3971 853 4029 cura,
886 3967 945 4013 et
976 3952 1421 4013 administratio
1455 3970 1568 4033 pro
1598 3967 1881 4033 tempore
1914 3951 2242 4014 commissa
2264 3965 2459 4027 erunt,
2483 3969 2583 4011 eas
2603 3948 2667 4010 in
2689 3949 3109 4030 spiritualibus

491 4075 548 4120 et
578 4059 1023 4140 temporalibus
1056 4059 1308 4137 solicite,
1343 4058 1606 4121 fideliter
1638 4075 1696 4120 et
1726 4060 2081 4141 prudenter,
2117 4074 2327 4139 regant
2361 4074 2419 4119 et
2450 4060 2818 4137 gubernent,
2842 4075 2911 4116 ac
2943 4054 3109 4134 juxta

490 4165 996 4228 constitutionem
1044 4165 1175 4248 piae
1222 4166 1561 4227 memoriae
1606 4167 1838 4228 Leonis
1886 4167 2085 4248 Papae
2120 4165 2358 4226 Decimi
2396 4162 2855 4229 Praedecessori
2901 4162 3110 4240 nostri,

489 4272 553 4334 in
585 4272 876 4334 Concilio
926 4274 1322 4335 Lateranensi
1374 4273 1712 4334 novissime
1761 4272 2083 4349 celebra10‚
2138 4272 2386 4350 editam,
2446 4270 2800 4352 frequenter
2847 4268 3107 4347 visitent,

491 4379 646 4441 circa
693 4379 935 4441 cultum
980 4379 1263 4439 divinum
1294 4378 1632 4458 invigilent,
1682 4398 1889 4441 mores
1921 4397 1990 4439 ac
2023 4378 2210 4438 vitam
2241 4376 2406 4438 Cleri
2439 4392 2497 4439 et
2528 4377 2751 4458 Populi
2785 4377 2872 4437 eis
2904 4373 3109 4452 subje-

489 4487 571 4547 cti
618 4486 939 4566 diligenter
983 4484 1315 4566 explorent,
1362 4505 1597 4566 eosque
1629 4486 1706 4548 ad
1738 4500 1898 4546 recte
1930 4499 1989 4544 et
2020 4484 2280 4545 honeste
2314 4484 2653 4545 vivendum
2684 4499 2938 4566 paterno
2971 4500 3108 4542 mo-

491 4609 679 4654 neant
725 4593 965 4669 affectu,
1010 4594 1330 4653 bonorum
1379 4612 1449 4653 ac
1492 4591 1931 4672 temporalium
1981 4590 2343 4652 reddituum
2389 4612 2605 4653 curam
2652 4605 2880 4675 gerant,
2914 4589 2999 4650 sic
3032 4589 3110 4649 ad

490 4699 607 4761 Dei
654 4700 916 4779 gloriam
962 4714 1022 4761 et
1068 4699 1262 4760 fidelis
1311 4698 1528 4780 populi
1572 4697 2079 4775 aedificationem,
2130 4698 2229 4778 pia
2261 4712 2322 4759 et
2362 4698 2682 4777 magnifica
2716 4712 3017 4758 structura
3054 4710 3112 4755 et

494 4807 740 4883 fabrica,
786 4828 928 4869 suas
975 4807 1211 4887 quique
1245 4806 1546 4867 Ecclesias
1592 4806 1927 4867 instaurare
1975 4804 2262 4866 studeant
2308 4821 2366 4866 et
2412 4823 2737 4878 exornare3
2788 4819 2845 4864 et
2889 4818 3013 4863 tam
3049 4802 3110 4863 in

492 4913 613 4975 vita
661 4933 852 4994 quam
887 4914 953 4975 in
985 4914 1198 4974 mortis
1231 4913 1504 4989 articu10,
1551 4932 1665 4993 pro
1700 4911 1890 4973 divini
1925 4913 2128 4974 cultus
2162 4927 2519 4991 augmentO,
2554 4926 2612 4971 et
2642 4911 2836 4971 salute
2872 4910 3110 4970 anima-
