3684 5416
494 1550 541 1580 10

495 2088 537 2130 ¹5

492 3157 540 3199 25

492 3797 544 3840 30

491 4331 541 4375 35

488 4866 543 4904 4ο

1610 373 1882 429 Pontifex
1921 376 2213 428 romanus.

734 454 915 459 -————-—‘-
1004 454 1073 458 Ϋ-
1120 454 1175 458 -rk
1266 454 1317 457 -
1364 453 1375 456 ι
1410 453 1511 458 0-0-
1686 451 2000 457 ——-————0‹—-
2267 451 2342 454 -ῐῖ
2433 450 2470 454 >0
2751 451 2762 452 ἡ
3031 450 3212 457 ——--.

590 395 725 461 Q

595 578 660 623 ut
707 561 1100 621 serenissimo
1149 580 1218 620 ac
1253 560 1526 640 piissimo
1559 558 1816 619 domino
1850 557 2160 639 petitionis
2194 573 2438 618 nostrae
2473 557 2841 618 famulanter
2874 559 3215 619 debeamus

594 688 804 750 preces
838 667 1177 743 effundere,
1209 687 1395 747 quern
1432 682 1666 727 certum
1704 681 1793 726 est
1824 682 1882 726 et
1916 666 1992 726 de
2025 664 2448 727 subiectorum
2481 683 2741 725 suorum
2773 666 3042 745 gaudere
3064 685 3215 725 con-

593 775 803 836 cordia
838 792 895 835 et
927 775 1258 835 clementer
1280 774 1493 835 unitati
1517 773 1820 855 postulata
1842 773 2201 834 concedere.
2235 776 2505 833 obeunte
2531 771 2732 852 itaque
2755 773 3097 833 beatissime
3119 791 3214 832 re-

592 880 970 942 cordationis
1017 901 1171 962 papa
1220 896 1433 941 nostro
1467 878 1567 958 ill·,
1601 879 1663 941 in
1697 880 1915 941 electio
1948 879 2030 939 ill·
2063 879 2425 940 venerabilis
2458 880 2791 960 apostolice
2826 879 2985 940 sedis
3018 879 3214 940 archi-

592 989 835 1050 diaconi
882 988 1187 1062 omnium,
1220 988 1341 1048 deo
1376 988 1637 1062 volente,
1675 987 2000 1048 declinavit
2032 1006 2336 1063 assensus,
2374 1003 2622 1068 propter
2654 986 2825 1067 quod
2859 987 2938 1046 ita
2973 987 3048 1046 ab
3084 986 3214 1047 ine-

595 1113 740 1159 unte
762 1111 917 1157 etate
938 1115 1048 1157 sua
1082 1095 1283 1156 eidem
1317 1096 1604 1157 ecclesiae
1639 1093 1918 1155 militavit
1950 1111 2132 1175 atque
2166 1094 2252 1154 sic
2286 1114 2351 1156 se
2386 1094 2446 1155 in
2480 1094 2773 1155 omnibus
2805 1094 3082 1163 sollerter
3114 1114 3214 1154 ex-

594 1204 812 1281 hibuit,
834 1219 900 1264 ut
916 1202 1322 1264 ecclesiastico
1340 1202 1619 1280 regimini
1639 1222 1766 1262 non
1784 1202 2068 1263 inmerito
2091 1201 2291 1263 divina
2310 1201 2678 1281 suffragante
2696 1202 2770 1262 sit
2786 1201 2975 1282 gratia
2992 1220 3214 1283 prepo-

594 1311 859 1384 nenduS‚
892 1309 1210 1389 presertim
1245 1310 1394 1370 dum
1430 1310 1609 1370 talius
1643 1309 1792 1370 olim
1817 1308 1997 1369 fuerit
2017 1308 2291 1386 instituti,
2315 1324 2383 1369 ut
2402 1308 2584 1369 etiam
2609 1308 2862 1390 predicti
2888 1306 3214 1369 beatissimi

595 1417 677 1478 ill.
711 1416 1021 1498 pontificis
1071 1416 1315 1477 assidua
1364 1415 1827 1477 conversatione
1879 1435 1988 1475 sua
2039 1416 2114 1476 ad
2166 1431 2479 1476 tantorum
2527 1416 2893 1476 meritorum
2941 1414 3214 1494 insignia,

597 1525 827 1604 quibus
875 1524 1071 1583 isdem
1118 1539 1322 1584 sancte
1373 1523 1815 1583 recordationis
1868 1522 2117 1583 antistes
2170 1522 2354 1583 fuisse
2405 1521 2804 1602 cognoscitur
2854 1522 3211 1598 adornatus,

599 1629 822 1707 fecerit,
868 1629 1117 1691 Christo
1163 1629 1511 1706 adiuvante,
1561 1629 1858 1710 proficere
1910 1645 1967 1689 et
2015 1629 2211 1690 verbis
2243 1629 2370 1690 suis
2402 1628 2807 1691 desiderantis
2841 1629 2916 1689 ad
2950 1648 3213 1709 superna

597 1738 822 1819 gaudia
870 1739 1003 1799 eius
1048 1737 1287 1798 animos
1336 1755 1580 1817 semper
1612 1737 1977 1812 accenderit,
2016 1751 2081 1797 ut
2113 1735 2415 1816 quicquid
2449 1736 2594 1797 boni
2631 1735 2692 1796 in
2728 1736 2836 1797 illo
2869 1737 3213 1813 amisimus,

597 1846 662 1906 iu
696 1846 815 1906 hoc
850 1865 963 1905 nos
996 1844 1269 1906 invenire
1293 1843 1775 1905 indubitabiliter
1794 1843 2206 1905 confidamus.
2245 1844 2513 1924 ideoque
2535 1842 2987 1905 lacrimabiliter
3009 1845 3212 1905 cuncti

597 1951 811 2014 famuli
860 1953 1279 2034 supplicamus
1315 1969 1380 2013 ut
1412 1952 1818 2012 dominorum
1854 1952 2044 2032 pietas
2075 1970 2392 2012 servorum
2429 1969 2689 2011 suorum
2724 1953 3213 2013 obsecrationem

598 2059 921 2139 dignanter
952 2059 1236 2122 exaudiat
1268 2075 1326 2120 et
1358 2079 1646 2120 concessa
1681 2058 1916 2139 pietatis
1948 2079 2094 2121 suae
2129 2058 2397 2120 iussione
2422 2057 2761 2137 petentium
2784 2058 3079 2119 desideria
3103 2077 3217 2138 pro

599 2166 882 2226 mercede
932 2165 1170 2246 imperii
1220 2164 1315 2225 sui
1364 2165 1438 2225 ad
1474 2164 1761 2225 effectum
1798 2164 1874 2224 de
1909 2164 2296 2225 ordinatione
2332 2166 2520 2246 ipsius
2553 2165 2846 2246 precipiat
2879 2164 3218 2244 pervenire,

598 2289 904 2353 quatenus
952 2292 1058 2353 per
1105 2291 1309 2333 sacros
1356 2270 1714 2332 clementiae
1760 2286 1992 2331 vestrae
2039 2270 2240 2350 apices
2287 2275 2403 2332 sub
2449 2289 2689 2353 pastore
2732 2272 2954 2333 eodem
2987 2270 3214 2331 consti-

597 2379 710 2441 tuti
758 2400 869 2460 pro
918 2380 1033 2440 vita
1080 2378 1473 2459 imperioque
1524 2378 2060 2439 serenissimorum
2098 2377 2499 2439 dominorum
2535 2394 2888 2439 nostrorum
2923 2376 3214 2457 omnipo-

597 2503 827 2549 tentem
860 2486 1193 2548 dominum
1227 2503 1284 2547 et
1316 2488 1566 2547 beatum
1605 2486 1857 2548 Petrum
1889 2485 2316 2566 apostolorum
2351 2485 2709 2567 principem,
2730 2486 2908 2547 cuius
2929 2483 3216 2544 ecclesiae

599 2596 859 2675 dignum
894 2593 1162 2655 ordinari
1193 2596 1676 2672 gubernatorem
1709 2593 2065 2671 conceditis,
2102 2593 2322 2672 iugiter
2355 2611 2701 2654 exoremus,
2732 2627 2799 2634 —-
2830 2592 3217 2672 Subscriptio

599 2702 996 2762 sacerdotum.
1073 2702 1204 2781 Ego
1252 2700 1334 2762 ill·
1372 2701 1791 2763 misericordia
1838 2700 1937 2763 dei
1985 2700 2279 2783 presbiter
2324 2716 2563 2762 sanctae
2597 2700 2878 2761 Romane
2927 2698 3215 2761 ecclesiae

599 2809 743 2869 huic
791 2810 1036 2870 decreto
1083 2830 1115 2869 a
1163 2810 1344 2871 nobis
1378 2808 1536 2870 facto
1569 2809 1634 2869 in
1669 2809 1748 2869 ill.
1782 2809 1914 2870 viro
1947 2808 2281 2870 venerabili
2314 2807 2749 2869 archidiacono
2781 2822 3022 2868 sanctae
3056 2806 3216 2867 sedis

596 2915 930 2994 apostolice
983 2931 1040 2976 et
1086 2915 1281 2974 electo
1329 2930 1545 2975 nostro
1578 2915 1971 2975 consentiens
2003 2914 2313 2996 suscripsi.
2349 2949 2436 2958 —-
2467 2915 2856 2995 Subscriptio
2889 2914 3207 2974 laicorum.

599 3022 731 3100 Ego
779 3021 860 3081 ill·
898 3021 1133 3101 pietatis
1181 3037 1409 3081 vestrae
1459 3041 1671 3082 servus
1721 3021 1865 3082 huic
1898 3023 2142 3082 decreto
2178 3043 2211 3081 a
2246 3021 2426 3082 nobis
2457 3020 2615 3082 facto
2651 3021 2710 3081 in
2747 3020 2828 3080 ill·
2865 3020 2994 3081 viro
3029 3038 3214 3081 vene-

599 3128 771 3188 rabili
821 3127 1257 3188 archidiacouo
1306 3143 1549 3188 sanctae
1599 3127 1760 3188 sedis
1811 3129 2181 3209 apostolicae
2231 3144 2289 3190 et
2335 3130 2531 3189 electo
2581 3143 2794 3188 nostro
2826 3126 3218 3188 consentiens

599 3233 947 3314 subscripsi.
998 3232 1053 3313 [l.
1087 3254 1135 3294 e.
1169 3254 1308 3315 pag.
1341 3255 1425 3313 47
1442 3233 1650 3315 -··48.]

1175 3395 1250 3457 C.
1283 3396 1443 3459 LIX.
1494 3398 1753 3457 antivs
1786 3398 1873 3457 ad
1899 3397 2215 3457 exarchum
2250 3399 2324 3457 de
2368 3395 2662 3458 Transito.

811 3561 1275 3640 Saperscreptio.
1342 3558 1617 3621 Domino
1683 3559 2191 3620 excellentissimo
2238 3575 2422 3639 atque
2472 3557 3020 3640 precellentissimo
3069 3572 3127 3617 et
3178 3577 3209 3616 a

599 3667 718 3727 deo
782 3667 964 3727 nobis
1022 3665 1363 3744 longeviter
1424 3666 1487 3726 in
1550 3666 1989 3747 principalibus
2042 3666 2391 3727 ministeriis
2456 3665 2704 3727 feliciter
2766 3663 3214 3733 ConservandO,

598 3773 677 3833 ill.
710 3771 1026 3834 exconsuli
1073 3771 1323 3851 patricio
1370 3787 1427 3832 et
1460 3773 1720 3834 exarcho
1753 3772 1916 3833 ltalie
1959 3772 2043 3833 ill·
2077 3772 2561 3854 archipresbiter,
2608 3772 2690 3832 ill·
2721 3771 3214 3846 archidiaconuS,

599 3880 681 3941 ill·
737 3879 1117 3962 primicerius
1168 3878 1581 3953 notariorum,
1626 3897 1934 3940 servantes
1982 3881 2191 3941 locum
2238 3895 2481 3942 sanctae
2513 3879 2676 3940 sedis
2709 3878 3102 3960 apostolicae.
3136 3910 3219 3919 —

600 3987 902 4063 Quamvis
950 4005 1079 4046 non
1130 3985 1257 4045 sine
1290 3986 1455 4063 gravi
1490 3987 1724 4067 gemitu
1759 4002 1817 4047 et
1852 4007 1989 4047 vere
2024 3986 2211 4049 flebili
2245 4006 2395 4048 voce
2429 4008 2461 4047 a
2495 3987 2614 4047 deo
2648 4002 2879 4047 servate
2915 3984 3214 4045 excellen-

597 4096 711 4157 tiae
765 4093 1005 4154 domini
1053 4094 1246 4153 nostri
1297 4112 1404 4173 per
1452 4094 1558 4153 has
1613 4110 1852 4154 nostras
1884 4095 2266 4156 notescimus
2299 4093 2569 4155 humiles
2602 4093 2863 4173 syllabas
2897 4093 3087 4173 quod,
3121 4089 3220 4152 dei

600 4201 830 4262 iudicio
879 4199 1054 4259 cuius
1094 4198 1554 4280 dispensatione
1594 4199 1922 4261 universus
1954 4200 2182 4280 regitur
2214 4201 2397 4278 orbiS,
2429 4202 2504 4261 ab
2537 4200 2652 4260 hac
2683 4199 2821 4260 luce
2855 4200 3041 4260 fuisse
3072 4199 3218 4258 sub·

598 4322 859 4368 tractum
892 4306 1203 4366 domnum
1237 4306 1317 4366 ill·
1351 4307 1810 4367 sanctissimum
1846 4324 2126 4369 nostrum
2163 4306 2542 4388 pontificem,
2576 4307 2755 4367 cuius
2789 4305 3024 4367 cunctis
3055 4323 3216 4381 vere,

598 4414 645 4473 si
681 4413 1016 4474 dicendum
1050 4430 1137 4474 est
1170 4413 1353 4474 etiam
1386 4414 1621 4496 lapides
1653 4415 1790 4496 ipsi,
1828 4415 2113 4476 flevimus
2133 4415 2388 4476 exitum.
2425 4415 2521 4475 die
2543 4413 2710 4475 enim
2736 4412 3017 4474 instantis
3041 4431 3215 4472 men-

598 4521 678 4580 sis
711 4520 789 4580 ill·
823 4520 991 4597 obiit,
1024 4540 1137 4602 pro
1170 4521 1347 4582 cuius
1380 4523 1774 4595 consternati,
1812 4539 1878 4583 ut
1912 4521 2196 4597 diximus,
2230 4521 2444 4583 funere
2465 4540 2688 4583 omnes
2708 4518 2923 4599 grandi
2944 4518 3216 4579 tristitiae

598 4628 938 4709 premimur
987 4627 1172 4706 mole,
1225 4631 1301 4690 ad
1354 4629 1549 4690 solam
1587 4628 1817 4689 Christi
1872 4629 1968 4688 dei
2021 4628 2213 4689 nostri
2262 4627 2466 4688 cordis
2499 4626 2718 4688 oculos
2752 4625 3217 4687 miserationem

597 4735 962 4813 attollenteS,
999 4751 1065 4795 ut
1099 4736 1226 4816 ipse
1259 4736 1551 4817 dignetur
1582 4734 1910 4796 subvenire
1945 4735 2278 4816 desperatis
2324 4751 2382 4796 et
2413 4755 2559 4795 suae
2595 4733 2917 4814 providere
2950 4732 3215 4812 dignum

596 4859 894 4903 rectorem
942 4842 1243 4920 ecclesiae,
1290 4863 1322 4903 a
1369 4861 1498 4923 quo
1535 4842 1784 4903 fundata
1819 4858 1929 4916 est,
1975 4842 2083 4921 qui
2118 4843 2301 4903 etiam
2339 4857 2427 4903 est
2467 4841 2794 4922 pollicituS,
2831 4861 2949 4900 non
2984 4843 3216 4921 cipre-

595 4950 797 5010 valere
816 4957 1038 5030 portas
1072 4952 1322 5028 inferni.
1359 4965 1501 5030 post
1534 4948 1812 5010 divinum
1848 4949 2015 5009 enim
2050 4949 2350 5010 auxilium
2385 4950 2459 5009 ad
2494 4964 2756 5008 vestram
2778 4945 3216 5022 excellentiam,
