3684 5416
318 1520 370 1553 to

318 2054 366 2098 15

324 3124 377 3167 25

329 3658 383 3700 '30

332 4190 383 4236 35

335 4727 391 4767 4o

417 420 467 426 —
1547 337 1902 393 CardinaleS.
2925 341 3032 414 465

419 540 608 606 parte,
657 526 822 587 bona
871 522 1082 585 omnia
1129 523 1320 603 ipsius
1353 522 1697 584 Cardinalis
1743 523 2010 603 obligata
2059 523 2180 585 sint
2212 544 2416 605 usque
2449 527 2525 587 ad
2559 527 2830 589 debitam
2860 526 3034 588 satis-

420 630 769 693 factionem.
831 631 906 692 Et
951 632 1024 691 ad
1075 630 1500 691 executionem
1536 628 1739 709 hujus,
1770 649 2106 691 oneramus
2138 631 2412 711 primum
2448 633 2840 696 Cardinalem
2873 634 3036 697 illius

420 737 653 799 ordinis
701 738 777 799 de
824 758 954 819 quo
1002 737 1101 798 ille
1136 737 1465 799 defunctus
1498 751 1639 798 erat.
1704 736 1920 798 Visitet
1952 756 2061 818 per
2091 758 2154 799 se
2188 738 2445 819 quilibet
2479 739 2826 803 Cardinalis
2859 761 3034 823 prae-

416 865 556 907 sens
606 845 668 906 in
715 844 904 922 curia,
952 846 1173 905 absens
1220 863 1369 904 vero
1416 862 1526 925 per
1568 841 1870 904 vicarium
1918 843 2220 904 idoneum
2268 845 2528 925 singulis
2575 847 2754 908 annis
2784 847 3036 909 titulum

419 971 626 1030 suum,
671 953 1049 1032 clericosque
1098 966 1156 1012 et
1188 950 1497 1032 populum
1531 949 1943 1011 Ecclesiamm
1974 950 2409 1030 subjectarum,
2442 968 2501 1014 et
2533 973 2680 1015 cum
2713 953 3028 1033 diligentia

419 1059 706 1140 inquirat,
756 1074 814 1120 et
859 1058 1182 1120 salubriter
1228 1057 1565 1139 provideat,
1600 1076 1786 1138 super
1817 1057 1987 1118 cultu
2022 1057 2236 1120 divino
2268 1059 2575 1141 bonisque
2608 1061 2884 1143 ipsarum
2917 1062 3034 1123 Ec-

420 1165 763 1243 clesiarum,
796 1186 866 1227 ac
898 1166 1017 1226 vita
1050 1180 1109 1225 et
1142 1165 1422 1226 moribus
1455 1163 1823 1227 clericorum
1855 1179 1913 1225 et
1944 1164 2488 1246 parochianorum,
2510 1168 2587 1229 de
2609 1169 2856 1249 quibus,
2889 1188 3035 1231 curn

420 1292 569 1333 suae
621 1272 742 1333 sint
793 1291 956 1350 oves,
1007 1270 1073 1333 in
1122 1270 1393 1333 districto
1444 1270 1558 1331 Dei
1603 1268 1834 1349 judicio
1882 1270 2185 1333 rationem
2234 1272 2588 1335 redditurus
2637 1289 2742 1337 est.
2804 1276 2880 1337 Et
2909 1290 3036 1336 tarn

422 1379 631 1460 quoad
677 1394 927 1460 tempus
972 1377 1272 1455 visitandi,
1305 1397 1495 1458 quam
1528 1378 1737 1459 quoad
1770 1377 1906 1454 alia,
1938 1396 2133 1440 servet
2164 1398 2323 1459 quae
2356 1379 2622 1442 instituta
2654 1396 2798 1442 sunt
2829 1382 2896 1443 in
2929 1383 3036 1443 de-

422 1501 586 1546 creto
632 1501 850 1548 nostro
898 1486 973 1546 de
1022 1484 1323 1547 Conciliis
1371 1484 1811 1566 synodalibus.
1875 1484 2003 1546 Etsi
2051 1485 2393 1566 quemlibet
2438 1486 2867 1550 Cardinalium
2911 1503 3037 1550 tam

422 1593 549 1673 ipsa
597 1592 864 1672 dignitas
910 1611 1103 1673 quam
1135 1592 1383 1674 propria
1417 1607 1740 1673 perurgeat
1774 1591 2129 1672 pollicitatio
2164 1611 2277 1673 pro
2311 1595 2667 1656 memoratis
2698 1595 2918 1657 sanctis
2950 1597 3038 1657 la-

423 1700 639 1760 borare
687 1700 999 1782 operibus,
1050 1699 1247 1760 nihilo
1280 1698 1491 1760 minus
1526 1712 1593 1758 ut
1624 1718 1701 1759 eo
1735 1696 2046 1760 efficacius
2080 1717 2173 1760 res
2207 1698 2373 1778 fiant,
2408 1719 2537 1780 quo
2569 1701 2830 1780 singulis
2863 1701 3039 1783 quasi

422 1806 807 1888 peculiariter
838 1806 1312 1874 distribuuntur,
1349 1805 1639 1887 Episcopi
1660 1805 2025 1866 Cardinales
2058 1806 2348 1885 indagare
2380 1824 2613 1885 curent,
2644 1828 2804 1889 quae
2836 1810 3040 1890 regio·

426 1932 537 1974 nes
571 1913 946 1992 haeresibuS,
980 1913 1311 1989 erroribus,
1345 1912 1882 1995 superstitionibus
1913 1912 2090 1973 novis
2121 1927 2227 1973 aut
2258 1913 2564 1974 veteribus
2587 1915 2846 1977 infectae
2879 1917 3035 1977 sint:

426 2020 781 2102 presbyteri,
829 2020 936 2082 ubi
988 2038 1195 2081 mores
1241 2035 1299 2080 et
1344 2019 1700 2081 divinorum
1748 2019 2188 2081 mandatorum
2222 2020 2605 2082 observantia
2638 2040 2707 2082 ac
2741 2021 3039 2083 Ecclesia-

423 2126 566 2188 stica
615 2126 938 2208 disciplina
985 2126 1307 2189 deficiant:
1360 2126 1623 2204 diaconi,
1670 2125 1779 2207 qui
1827 2145 2001 2207 reges
2047 2141 2104 2187 et
2137 2125 2440 2208 principes
2473 2146 2581 2188 seu
2618 2127 2835 2208 populi
2868 2128 3039 2189 bellis

423 2231 746 2312 agitentur,
798 2234 895 2294 vel
944 2233 1157 2314 agitari
1188 2234 1555 2295 timeantur:
1607 2248 1665 2293 et
1699 2248 1996 2314 tanquam
2029 2252 2173 2314 apes
2205 2249 2682 2312 argumentosae
2713 2251 2837 2296 tam
2873 2235 3040 2316 apud

424 2359 747 2401 summum
779 2340 1161 2418 Pontificem,
1194 2360 1384 2421 quarn
1419 2342 1573 2402 inter
1602 2340 1837 2421 seipsos
1870 2340 2196 2419 diligenter
2227 2360 2295 2401 ac
2328 2356 2605 2403 accurate
2625 2342 2870 2421 negotia
2892 2342 3044 2402 haec

426 2463 634 2509 sancta
668 2462 1090 2529 promoveant,
1122 2467 1376 2529 operam
1409 2448 1643 2520 danteS‚
1678 2463 1749 2508 ut
1779 2446 1887 2508 ubi
1918 2445 2333 2508 necessarium
2370 2448 2570 2525 fuerit,
2594 2447 2820 2509 salubri
2842 2467 3042 2510 reme-

428 2551 533 2614 dio
568 2554 979 2635 provideatur.
1016 2555 1148 2636 Ipse
1182 2569 1387 2616 autem
1423 2573 1711 2616 summus
1734 2553 2031 2631 Pontifex,
2061 2570 2361 2634 tanquam
2381 2554 2733 2615 communis
2754 2554 3042 2616 omnium

430 2674 598 2741 pater
630 2677 687 2722 et
721 2678 943 2743 pastor,
978 2681 1107 2724 non
1139 2661 1350 2724 solum
1381 2677 1632 2742 rogatus
1665 2681 1734 2723 ac
1766 2661 2122 2739 solicitatus,
2167 2662 2276 2723 sed
2309 2661 2560 2743 proprio
2596 2679 2773 2724 motu
2805 2662 3038 2744 ubique

432 2767 778 2849 investigari
827 2768 1021 2846 faciat,
1069 2784 1127 2830 et
1173 2788 1363 2850 quam
1398 2783 1599 2851 potest
1632 2769 1925 2831 omnibus
1959 2769 2226 2830 filiorum
2261 2769 2496 2830 morbis
2528 2771 2855 2831 salutarem
2889 2789 3042 2831 con-

431 2873 581 2936 ferat
600 2876 986 2937 medicinam.
1020 2877 1363 2957 Siquando
1396 2877 1623 2957 Papam
1659 2876 1858 2957 (quod
1890 2874 2068 2951 absit)
2102 2876 2520 2956 negligentem
2554 2892 2658 2937 aut
2690 2877 3039 2954 remissum,

432 3001 544 3042 seu
590 2999 871 3063 agentem
920 3003 1079 3064 quae
1125 3000 1352 3045 statum
1399 2984 1564 3045 illius
1612 3004 1742 3045 non
1793 2985 2033 3061 decent,
2081 2983 2197 3064 ipsi
2246 2983 2604 3044 Cardinales
2655 2984 3042 3065 inspexerint,

434 3086 598 3150 filiali
644 3092 978 3152 reverentia
1020 3107 1078 3153 et
1124 3092 1365 3153 caritate
1413 3109 1709 3173 tanquam
1757 3108 1991 3173 patrem
2042 3095 2384 3168 obsecrent,
2418 3105 2485 3152 ut
2517 3090 2727 3152 officio
2762 3089 3047 3171 pastorali

437 3196 785 3277 honorique
830 3218 898 3259 ac
944 3198 1151 3261 debito
1183 3217 1299 3260 suo
1332 3198 1670 3261 satisfaciat.
1736 3200 1809 3260 Et
1846 3198 2045 3279 primo
2080 3198 2336 3278 quidem
2370 3197 2589 3277 aliquis
2622 3197 2717 3257 vel
2748 3197 2938 3277 aliqui
2971 3197 3047 3257 de

435 3322 544 3383 per
589 3323 673 3378 se,
721 3305 946 3365 deinde
992 3306 1041 3365 si
1074 3326 1139 3366 se
1173 3324 1303 3367 non
1339 3306 1617 3383 corrigat,
1655 3324 1878 3366 omnes
1910 3304 2302 3384 collegialiter
2333 3303 2636 3365 accersitis
2669 3303 3043 3384 quibusdam

437 3410 811 3473 notabilibus
857 3412 1161 3489 Praelatis,
1212 3413 1628 3493 praedicentes
1673 3412 1844 3491 quod
1879 3411 1927 3470 si
1962 3429 2093 3472 non
2126 3411 2482 3471 abstinuerit
2514 3409 2801 3490 proximo
2836 3409 3043 3469 Gene-

436 3516 544 3577 rali
575 3517 863 3579 Concilio
896 3518 1204 3581 deferant:
1256 3538 1369 3580 nec
1417 3539 1529 3599 pro
1563 3518 1760 3579 salute
1795 3517 1988 3597 ipsius
2020 3516 2251 3577 summi
2287 3515 2600 3577 Pontificis
2633 3530 2691 3575 et
2725 3517 2896 3575 bono
2932 3534 3049 3595 pu-

437 3624 599 3686 blico
646 3623 777 3703 ejus
823 3625 1040 3687 odium
1087 3626 1184 3686 vel
1231 3626 1577 3706 quidquam
1626 3625 1791 3686 aliud
1844 3624 2113 3699 timeant,
2159 3623 2312 3683 dum
2357 3637 2566 3682 tamen
2613 3635 2958 3681 reverenter
2991 3636 3053 3682 et

438 3730 737 3793 caritative
770 3732 831 3793 id
864 3748 1068 3811 agant.
1106 3733 1308 3794 Multo
1341 3733 1556 3812 magiS‚
1586 3732 1635 3793 si
1668 3751 1857 3811 quem
1893 3751 1965 3792 ex
1997 3729 2431 3792 Cardinalibus
2463 3727 2697 3807 aliquid
2733 3747 3048 3808 perperam

436 3858 546 3898 seu
591 3840 1071 3919 reprehensione
1118 3841 1380 3921 dignum
1431 3839 1754 3900 facientem
1790 3839 1951 3918 Papa
1986 3836 2364 3917 cognoverit,
2400 3852 2645 3916 paterna
2678 3855 2923 3915 semper
2954 3856 3052 3897 ca-

439 3946 609 4007 ritate
646 3963 705 4007 et
737 3946 902 4024 juxta
934 3948 1281 4008 doctrinam
1303 3947 1736 4024 Evangelicam
1769 3944 2050 4024 corrigat,
2084 3958 2152 4003 ut
2185 3943 2269 4003 sic
2302 3942 2450 4003 alter
2483 3942 2544 4002 in
2577 3941 2855 4019 alterum,
2886 3957 3055 4021 pater

440 4052 503 4113 in
537 4053 688 4128 filio,
723 4071 780 4115 et
812 4053 920 4115 filii
953 4054 1015 4115 in
1050 4070 1281 4135 patrem
1316 4053 1577 4115 caritatis
1613 4072 1799 4133 opera
1833 4067 2201 4125 exercentes,
2257 4049 2589 4110 Ecclesiam
2623 4047 2954 4128 exemplari
2987 4068 3056 4108 ac

436 4160 668 4222 salubri
719 4162 1146 4224 moderamine
1191 4164 1561 4240 gubernent.
1626 4159 1939 4220 Praelatos
1985 4174 2044 4219 et
2090 4175 2526 4238 quoscumque
2573 4156 2745 4232 alios,
2778 4153 3054 4233 insignes

443 4268 796 4347 praesertim
830 4269 992 4329 viros
1025 4269 1099 4329 ad
1135 4269 1371 4329 curiam
1402 4269 1753 4328 Romanam
1786 4264 2261 4346 proficiscentes,
2311 4262 2666 4325 Cardinales
2700 4261 2963 4340 benigne
2997 4275 3055 4321 et

442 4374 783 4436 honorifice
828 4389 952 4436 tarn
999 4375 1240 4456 publice
1289 4395 1477 4454 quam
1512 4374 1741 4454 private
1778 4387 2162 4453 pertractent,
2197 4385 2256 4431 et
2289 4371 2452 4451 apud
2489 4388 2811 4432 summurn
2845 4368 3056 4429 Ponti-

442 4480 621 4542 ficem
657 4500 876 4542 eorum
911 4483 1154 4563 negotia
1186 4481 1369 4560 gratis
1402 4502 1470 4541 ac
1500 4481 1825 4542 liberaliter
1860 4478 2255 4539 recommissa
2290 4477 2527 4541 faciant.
2575 4478 2648 4537 Et
2680 4496 2824 4536 cum
2862 4475 2916 4536 ei
2952 4476 3059 4555 qui

444 4592 799 4652 communis
833 4606 922 4651 est
952 4590 1244 4650 omnium
1277 4605 1463 4669 pater,
1488 4587 1850 4648 Cardinales
1884 4585 2179 4662 assistant,
2200 4604 2608 4666 personarum
2643 4598 3056 4665 acceptatores

444 4697 576 4758 fieri
631 4697 726 4758 vel
777 4698 1111 4759 advocatos
1158 4697 1331 4757 valde
1394 4697 1684 4757 indecens
1733 4711 1836 4755 est.
1920 4695 2249 4774 Propterea
2299 4693 2603 4755 interdicit
2655 4693 2805 4753 haec
2857 4708 3059 4753 sancta

447 4804 760 4885 SynoduS,
814 4821 880 4866 ut
931 4822 1228 4885 tanquam
1280 4802 1498 4882 judicis
1546 4802 1922 4863 collaterales
1970 4801 2392 4881 partialitatem
2447 4799 2686 4861 nullam
2722 4799 3041 4879 accipiant:

449 4911 684 4975 etiamsi
716 4913 792 4973 de
828 4929 982 4973 terra
1015 4911 1247 4993 partiali
1280 4910 1586 4989 originem
1621 4910 1868 4970 ducant.
1932 4908 2062 4968 Nec
2095 4907 2214 4968 sint
2245 4907 2601 4989 principum
2633 4922 2738 4966 aut
2772 4926 3060 4968 commu-

664 5031 960 5076 Galante:
1003 5031 1171 5075 Fontes
1200 5030 1282 5083 jur.
1311 5042 1408 5073 can.
2714 5024 2779 5079 30
