3684 5416
1288 356 1537 413 Ordines
1576 370 1634 412 et
1673 357 2176 428 congregationes.
2926 361 3020 429 641

422 542 655 602 Verum
690 542 776 602 ad
802 540 950 601 haec
980 535 1271 622 syndicus
1319 542 1694 622 respondere
1741 542 1992 618 curavit,
2039 542 2228 621 quod,
2263 542 2401 603 licet
2435 544 2632 604 dictus
2667 544 2749 603 M.
2783 543 2858 603 de
2891 563 3030 604 mo·

421 648 686 709 nasterio
720 650 850 729 ipso
883 649 958 708 de
989 654 1091 709 tua
1123 649 1402 722 licentia,
1413 648 1539 727 fili
1567 647 1777 720 abbas,
1814 647 2023 709 fuisset
2054 668 2354 728 egressus,
2378 650 2581 711 eidem
2605 650 3029 731 postmodum,

423 776 555 815 cum
601 777 712 815 avo
757 775 888 829 sua,
933 758 1044 835 qui
1085 758 1217 816 eius
1248 762 1386 814 erat
1398 761 1800 835 procurator,
1832 756 1920 815 ad
1933 758 2317 835 presentiam
2352 763 2516 818 tuam
2550 776 2732 837 quum
2784 757 3034 818 Verulas

425 865 662 936 ivisses,
708 863 1023 936 accedens,
1061 882 1124 923 se
1159 879 1216 923 et
1247 883 1359 922 sua
1391 862 1613 923 obtulit
1648 861 1963 922 humiliter
1996 878 2054 923 et
2086 863 2324 941 devote,
2360 878 2437 941 et,
2470 864 2642 944 quod
2677 884 2789 924 nec
2821 880 3034 924 contra

346 993 365 1035 5
425 969 801 1030 oblationem
848 963 1334 1030 et'donationem
1381 989 1559 1030 suam
1593 968 1826 1029 veniret
1860 969 2145 1044 ulterius,
2179 970 2526 1031 iuramento
2559 969 2838 1046 firmavit,
2875 974 3039 1050 sicut
3106 964 3109 973 ⁴

410 1077 731 1158 publicum
777 1079 1049 1137 continet
1093 1079 1582 1137 instrumentum.
1646 1074 1858 1150 Quare
1891 1095 2089 1156 quum
2123 1093 2360 1138 constet
2391 1099 2464 1138 ex
2493 1077 2617 1151 his,
2664 1077 2836 1157 quod
2871 1078 3038 1157 idem

429 1186 513 1246 M.
544 1183 635 1244 bis
681 1183 1052 1245 monasterio
1098 1198 1299 1243 vestro
1331 1182 1590 1243 contulit
1622 1202 1686 1242 se
1718 1199 1775 1243 et
1806 1202 1936 1258 sua,
1976 1202 2090 1244 nec
2122 1203 2193 1243 ex
2226 1185 2484 1247 adverso
2520 1187 2844 1266 probetur,
2864 1184 3038 1264 quod

429 1292 751 1371 utriusque
795 1289 1126 1351 oblationis
1172 1282 1449 1371 tempore
1481 1290 1571 1351 M
1611 1288 1790 1350 fuerit
1823 1289 2031 1351 minor
2062 1291 2259 1369 annis,
2310 1291 2744 1375 probationem
2779 1308 3039 1352 vestram

430 1396 787 1459 huiusmodi
840 1395 1215 1477 exceptionis
1263 1396 1548 1478 probatio
1600 1416 1728 1457 non
1782 1395 1965 1472 elidit,
2016 1417 2235 1477 quum,
2287 1398 2395 1459 etsi
2445 1398 2677 1479 primae
2710 1397 3041 1459 oblationis

328 1526 375 1557 ιο
430 1521 705 1586 tempore
741 1502 921 1564 fuerit
952 1504 1161 1564 minor
1191 1504 1390 1580 annis,
1424 1502 1731 1563 secundae
1764 1518 1972 1563 tamen
2008 1504 2210 1584 potuit
2244 1504 2441 1565 maior
2473 1503 2786 1566 exstitisse.
2853 1504 3036 1564 Prae-

429 1629 588 1672 terea
639 1630 841 1691 quum
892 1613 1151 1671 verbum
1203 1610 1352 1671 illud
1406 1610 1653 1670 «minor
1685 1610 1901 1670 annis»
1943 1611 2191 1672 duobus
2226 1611 2492 1693 potuerit
2525 1612 2728 1673 modis
2760 1609 3038 1692 intelligi,

431 1737 631 1799 quum
661 1713 737 1801 set
781 1718 887 1799 qui
936 1718 1142 1778 minor
1187 1732 1277 1778 est
1323 1716 1791 1797 quatuordecim
1823 1717 2016 1794 annis,
2049 1733 2107 1778 et
2139 1718 2246 1798 qui
2279 1718 2490 1798 viginti
2525 1719 2804 1799 quinque
2838 1721 3042 1797 minor

412 1828 644 1903 suerit,
692 1823 807 1885 dici
854 1825 1044 1886 soleat
1089 1824 1294 1885 minor
1326 1824 1523 1901 annis,
1555 1822 1878 1885 intentioni
1912 1840 2140 1884 vestrae
2175 1827 2432 1885 verbum
2467 1824 2729 1885 dubium
2762 1845 2889 1886 non
2926 1845 3039 1885 no-

435 1934 628 2011 cebat,
676 1951 873 2012 quum
922 1930 1077 1992 infra
1130 1930 1341 2011 viginti
1388 1930 1670 2011 quinque
1703 1949 1901 1991 annos
1932 1946 2168 1992 teneret
2199 1930 2453 1992 donatio
2474 1934 2846 2012 praesertim
2881 1931 3043 1991 iura-

331 2059 378 2102 15
438 2055 650 2100 mento
699 2037 948 2099 firmata.
1014 2038 1134 2099 Sed
1183 2038 1293 2098 etsi
1338 2052 1569 2100 teneret
1603 2038 1775 2118 quod
1809 2037 2036 2099 factum
2074 2037 2268 2099 fuerat
2300 2059 2332 2099 a
2366 2038 2529 2100 dicto
2566 2044 2657 2113 A„
2692 2037 2800 2117 qui
2834 2053 3042 2098 tamen

435 2146 907 2226 intelligendum
943 2165 1072 2206 non
1104 2161 1231 2206 erat
1262 2144 1391 2206 sine
1425 2145 1648 2205 herede
1681 2145 1978 2206 decedere
2012 2144 2118 2226 qui
2153 2146 2593 2206 monasterium
2616 2144 2730 2205 sibi
2755 2144 3044 2205 heredem

438 2252 713 2330 instituit,
761 2254 879 2313 hoc
930 2252 1306 2313 monasterio
1354 2271 1483 2312 non
1522 2254 1796 2315 nocebat.
1862 2252 1902 2327 ἦ·
1952 2252 2279 2333 Quumque
2323 2252 2668 2313 cardinalis
2684 2252 3049 2332 praedictus

439 2383 534 2434 ea,
566 2382 718 2442 quae
760 2378 973 2420 coram
1007 2362 1138 2440 ipso
1157 2360 1480 2439 proposita
1494 2359 1785 2435 fuerant,
1819 2360 1883 2418 in
1918 2365 2129 2419 nostra
2160 2366 2224 2419 et
2229 2361 2515 2437 fratrum
2549 2365 2895 2419 nostrorum
2929 2380 3045 2418 au-

442 2470 674 2529 dientia
706 2467 1038 2539 retulisset,
1070 2486 1178 2525 nos
1209 2466 1297 2526 ad
1322 2465 1646 2525 consilium
1681 2465 1965 2525 dilectum
1978 2465 2200 2544 filium
2221 2464 2306 2527 H.
2327 2468 2529 2526 sancti
2544 2464 2874 2551 Eustachii
2901 2466 3044 2525 dia-

334 2594 388 2626 πο
444 2596 657 2636 conum
710 2574 1087 2635 cardinalem
1131 2574 1425 2632 duximus
1475 2572 1902 2652 deputandum.
1966 2572 2133 2632 Idem
2186 2574 2386 2652 utimr
2438 2571 2707 2632 Dilectus
2760 2569 2921 2632 filius
2973 2570 3051 2632 H.

443 2682 632 2744 sancti
666 2680 977 2743 Eustachii
1010 2678 1329 2741 cardinalis
1359 2700 1581 2739 causae
1612 2680 1853 2739 meritis
1870 2677 2125 2760 plenius
2157 2678 2486 2740 intellectis
2506 2679 2844 2755 attendenS,
2879 2678 3052 2758 quod

443 2790 738 2871 syndicus
771 2806 966 2849 vester
1000 2787 1405 2848 intentionem
1438 2804 1613 2846 suam
1652 2785 1830 2864 plene
1866 2785 2200 2860 fundasset,
2253 2801 2310 2846 et
2343 2785 2512 2865 quod
2548 2785 2696 2846 nihil
2734 2785 2946 2847 fuisset
2979 2804 3054 2845 ex

445 2899 703 2959 adverso
755 2895 1127 2956 sufficienter
1175 2895 1523 2973 probatum,
1570 2911 1791 2972 quum,
1822 2892 1932 2952 etsi
1967 2907 2289 2954 ostensum
2324 2908 2479 2952 esset
2514 2911 2620 2973 per
2651 2909 2848 2967 testeS,
2882 2893 3054 2973 quod

450 3006 532 3065 M.
566 3023 712 3064 suae
745 3001 1067 3062 oblationis
1100 3017 1377 3080 tempore
1413 2996 1595 3060 fuerit
1626 2998 1835 3060 minor
1867 2998 2062 3075 annis,
2096 3015 2297 3059 utrum
2332 3016 2537 3059 tamen
2570 2998 2801 3081 primae
2833 2999 2930 3060 vel
2961 3019 3055 3060 se-

341 3128 393 3171 25
449 3112 687 3172 eundae
731 3107 1056 3170 oblationis
1107 3124 1384 3188 tempore
1432 3106 1640 3167 minor
1690 3106 1886 3180 fuerit,
1932 3122 1991 3166 et
2023 3107 2390 3186 quotannis
2422 3106 2650 3186 minor,
2683 3125 2815 3167 non
2849 3105 3061 3167 fuisset

450 3235 822 3298 expressum,
854 3216 930 3275 de
964 3216 1259 3276 mandato
1295 3229 1508 3274 nostro
1539 3213 1906 3275 sententiam
1940 3214 2210 3294 protulit,
2246 3229 2303 3274 et
2336 3213 2654 3294 praedictis
2687 3212 2762 3275 G.
2799 3229 2856 3273 et
2890 3213 2957 3275 B.
2979 3214 3058 3274 si-

450 3325 712 3386 lentium
745 3324 1073 3404 imponens
1106 3341 1290 3402 super
1323 3320 1439 3399 his,
1472 3340 1632 3400 quae
1665 3340 1697 3379 a
1732 3320 2107 3381 monasterio
2141 3321 2551 3401 postulabant,
2587 3339 2697 3380 eos
2718 3319 2794 3380 ad
2816 3323 3058 3380 restim-⁷

449 3432 681 3492 tionem
729 3425 997 3504 illorum,
1046 3448 1208 3509 quae
1254 3428 1329 3488 de
1378 3427 1560 3487 bonis
1593 3426 1881 3507 praedicti
1918 3428 1998 3487 Μ.
2034 3428 2278 3509 propria
2311 3427 2647 3488 temeritate
2682 3427 3049 3503 invaserant,

452 3536 902 3600 condemnavit.
964 3537 1098 3596 Nos
1148 3535 1332 3613 igitur
1381 3533 1748 3594 sententiam
1800 3533 1994 3614 ipsam
2046 3533 2403 3596 auctoritate
2450 3534 2786 3614 apostolica
2833 3532 3058 3593 confir-

348 3679 402 3716 πο
453 3664 717 3706 mamus.
784 3645 853 3720 (a.
898 3643 1099 3718 1201.)

453 3869 519 3926 b)
572 3860 1071 3919 Innocentius
1115 3860 1198 3914 111.
1240 3858 1519 3914 Abbati
1558 3871 1627 3913 et
1667 3855 2104 3913 Conventui
2144 3856 2781 3927 SublacensibuS,
2820 3857 2886 3912 in
2927 3875 2973 3913 c.
3013 3859 3062 3912 6.

794 3944 860 3997 X.
901 3945 967 3996 de
1002 3947 1150 3996 statu
1191 3940 1579 3994 monachorum
1617 3944 1673 3992 et
1705 3941 2094 3993 canonicorum
2135 3940 2495 4009 regularium.
2535 3938 2623 3992 111.
2664 3957 2747 4012 35.

670 4088 698 4115 ⁶
752 4088 908 4157 Corp.
951 4088 1055 4139 iur.
1094 4102 1216 4138 can.
1257 4084 1345 4138 ed.
1386 4082 1817 4151 Friedberg.
1860 4082 2032 4135 Tom.
2073 4078 2133 4134 11.
2175 4079 2282 4133 col.
2324 4081 2620 4151 599—600.
2682 4081 3070 4153 l'otthust,

458 4187 511 4223 n.
562 4185 709 4241 ¹734·

354 4319 401 4365 35
521 4283 716 4338 Primo
748 4293 949 4335 tractat
977 4281 1047 4335 de
1073 4279 1325 4332 vestibus
1355 4277 1793 4333 monachorum.
1837 4273 2109 4329 Secundo
2140 4273 2211 4327 de
2239 4272 2604 4328 abdicatione
2631 4272 3010 4344 proprietatis

554 4362 756 4418 Tertio
786 4364 856 4415 de
884 4359 1125 4415 silentio.
1157 4361 1381 4427 Quarto
1412 4360 1483 4413 de
1511 4357 1668 4411 cibis.
1698 4353 1918 4424 Quinto
1948 4353 2018 4407 de
2047 4352 2252 4408 officiis
2279 4352 2335 4407 in
2364 4370 2574 4424 genere
2604 4367 2658 4408 et
2684 4353 2740 4408 in
2767 4354 2974 4426 specie.

677 4504 897 4576 Quum
943 4502 1017 4562 ad
1066 4500 1510 4562 monasterium
1543 4498 1919 4559 Sublacense
1967 4497 2007 4571 ἢ·
2039 4492 2460 4576 personaliter
2506 4495 2915 4553 venissemus:
2962 4491 3079 4565 (Et

465 4615 636 4691 infra
653 4614 710 4683 .·)
749 4610 1026 4671 Firmiter
1060 4606 1464 4681 inhibuimuS,
1506 4625 1581 4666 ne
1614 4605 1755 4684 quis
1788 4603 1864 4663 de
1899 4618 2101 4662 cetero
2136 4600 2592 4661 monachorum
2614 4599 2791 4659 lineis
2812 4599 3076 4659 camisiis

466 4733 753 4780 uteretur.
816 4717 856 4793 ’l'
907 4717 1010 4777 Ad
1038 4717 1334 4793 defectum
1384 4719 1579 4774 autem
1615 4710 2057 4792 hospitalitatis
2088 4707 2485 4788 supplendum
2519 4711 2857 4766 mouturam
2892 4709 3074 4767 unius

351 4856 412 4896 40
468 4825 824 4897 molendini,
856 4826 1178 4895 concessit,
1211 4821 1514 4901 ampliora
1536 4828 1659 4900 pro
1692 4825 1957 4898 tempore
1988 4834 2405 4886 concessurus,
2440 4815 2524 4873 ita
2557 4818 2777 4886 tamen,
2808 4815 2971 4894 quod
2998 4814 3083 4873 ad

472 4934 891 4993 necessitatem
927 4939 1267 5012 pauperum
1329 4925 1759 4988 sublevandam
1808 4922 2179 5002 eleemosyna
2226 4921 2298 4980 de
2344 4919 2669 4981 cellerario
2713 4922 3082 4990 conferatur.

629 5050 923 5094 Galante:
954 5048 1121 5092 Fontes
1149 5046 1230 5100 iur.
1259 5058 1356 5089 can.
2725 5038 2788 5089 41
