3684 5416
501 1536 546 1566 10

499 2068 543 2111 Ι5

499 3137 549 3180 25

499 3673 552 3714 '30

499 4205 548 4249 35

497 4739 552 4778 ⁴0

603 357 706 428 296
1230 358 1493 412 Potestas
1532 357 1916 412 ecclesiastica
1955 371 2011 412 et
2048 357 2352 428 imperium
2391 357 2567 413 civile.

602 541 715 621 ipsi
749 541 1020 621 Josepho
1041 541 1349 623 Episcopo
1383 543 1855 619 committimuS,
1890 557 1956 602 ut
1990 542 2249 622 cognitis
2284 542 2372 618 iis,
2406 562 2567 623 quae
2600 543 2675 603 de
2710 544 2824 603 hac
2855 562 2919 603 re
2942 544 3217 604 statuerit

602 647 1030 727 praelaudatus
1075 649 1224 725 Rex,
1269 649 1618 730 auditisque
1662 649 2012 729 respectivis
2046 632 2359 710 Locorum
2394 648 2759 727 OrdinariiS,
2792 652 2909 711 sub
2943 670 3214 730 quorum

601 754 1026 830 jurisdictione
1076 754 1435 832 hujusmodi
1471 758 1718 818 Domus
1752 776 2002 818 manere
2035 758 2366 834 debebunt,
2402 758 2615 818 omnia
2649 776 2807 838 quae
2841 777 3004 838 opus
3038 776 3216 820 erunt

600 861 753 922 circa
788 878 1160 923 memoratas
1195 864 1435 924 Domos
1468 883 1808 945 earumque
1841 883 2187 943 congruam
2221 863 2600 926 dotationem
2636 865 2939 946 disponat.

815 968 1033 1045 (LVII.)
1096 970 1262 1031 Cum
1305 990 1451 1031 vero
1484 971 1549 1031 in
1582 971 1933 1053 suppressis
1965 968 2349 1045 corbeiensi,
2384 987 2441 1031 et
2472 971 2959 1051 Aquisgranensi
2990 972 3215 1034 Cathe-

602 1074 874 1135 dralibus
927 1075 1210 1136 Ecclesiis
1261 1076 1442 1137 Sacra
1496 1077 1878 1158 reperiantur
1929 1075 2375 1156 suppellectilia
2426 1078 2501 1138 ad
2554 1077 2933 1139 pontificalia
2986 1078 3049 1139 in
3102 1078 3218 1138 illis

601 1181 937 1241 exercenda
988 1200 1118 1241 non
1163 1181 1428 1262 amplius
1477 1182 1836 1259 necessaria,
1875 1182 2220 1243 facultatem
2258 1182 2567 1262 praedicto
2599 1184 2872 1263 Josepho
2906 1184 3217 1266 Episcopo

597 1286 1021 1363 concedimus,
1068 1303 1133 1347 ut
1180 1270 1249 1348 ea
1284 1288 1345 1348 in
1380 1308 1585 1366 usum,
1619 1304 1676 1349 et
1708 1288 2119 1349 commodum
2155 1288 2708 1369 Archiepiscopalis
2741 1291 3047 1353 Ecclesiae
3081 1292 3211 1353 Co-

601 1392 914 1471 loniensis,
964 1395 1013 1456 si
1060 1416 1222 1475 opus
1270 1386 1469 1473 fuerit,
1523 1396 1618 1457 sin
1671 1398 1881 1458 minus
1931 1397 1994 1456 in
2028 1415 2213 1457 usum
2250 1396 2509 1458 aliarum
2549 1397 2745 1476 Regni
2784 1399 3214 1475 Ecclesiamm‚

606 1521 768 1580 quae
803 1501 876 1562 iis
909 1502 1246 1581 indigeant,
1279 1502 1470 1564 libere
1502 1504 1696 1565 valeat
1728 1519 2104 1564 convertere.

816 1608 1060 1685 (LVlll).
1128 1610 1349 1671 Habita
1391 1629 1562 1671 nunc
1596 1610 1829 1670 ratione
1865 1610 2178 1671 redituum
2210 1612 2756 1691 supramemoratis
2789 1613 3217 1695 Arcbiepisco-

608 1714 868 1795 palibuS,
917 1731 976 1777 et
1008 1716 1477 1798 Episcopalibus
1513 1717 1713 1797 Regni
1746 1716 2073 1778 Borussiae
2108 1717 2393 1777 Ecclesiis
2439 1717 2516 1778 ad
2566 1737 2855 1797 praesens
2889 1721 3218 1802 respective

602 1820 1092 1903 adsignatorum‚
1128 1824 1192 1884 in
1229 1824 1427 1885 Libris
1461 1824 1760 1886 Camerae
1782 1824 2178 1903 Apostolicae
2213 1839 2399 1904 prout
2432 1825 2730 1904 sequitur,
2762 1847 2987 1907 nempe
3010 1828 3218 1889 Eccle-

602 1931 756 1991 siam
807 1931 1249 1994 Coloniensem
1303 1932 1365 1993 in
1423 1933 1704 1994 Florenis
1757 1933 1928 1995 Mille
1976 1934 2106 1994 auri
2156 1934 2231 1994 de
2274 1934 2556 2013 Camera,
2612 1934 2909 1995 Ecclesias
2955 1935 3218 1996 invicem

601 2039 810 2100 unitas
843 2039 1277 2101 Gnesnensem
1324 2054 1382 2099 et
1416 2039 1903 2101 posnaniensem
1950 2039 2014 2100 in
2050 2039 2329 2101 Florenis
2377 2040 2599 2120 pariter
2645 2040 2832 2118 Mille,
2882 2040 3215 2101 Ecclesiam

603 2146 1168 2208 Wratislaviensem
1215 2146 1280 2207 in
1317 2146 1595 2209 Florenis
1642 2146 1808 2207 mille
1856 2160 2109 2207 centum
2149 2147 2455 2227 sexaginta
2503 2165 2606 2208 sex
2641 2167 2787 2209 cum
2821 2149 3067 2208 duobus
3097 2162 3218 2208 ter-

601 2253 720 2331 tiis,
759 2252 1183 2332 Ecclesiasque
1215 2244 1671 2329 Trevirensem,
1706 2252 2278 2325 Monasteriensem,
2302 2253 2890 2330 paderbornensem,
2914 2254 3217 2316 Culmen-

604 2380 756 2437 sem,
811 2377 869 2421 et
907 2360 1360 2421 Warmiensem
1414 2361 1475 2421 in
1524 2360 1804 2422 Florenis
1854 2376 2213 2421 sexcentum
2264 2360 2571 2439 sexaginta
2623 2381 2727 2422 sex
2775 2381 2922 2423 cum
2970 2362 3220 2423 duobus

601 2468 790 2528 tertiis
822 2468 1009 2528 taxari
1044 2468 1428 2529 mandamus.

653 2562 656 2567 ’
816 2574 1007 2651 (le.)
1073 2574 1158 2635 Ut
1208 2591 1413 2634 autem
1460 2589 1677 2636 cuncta
1725 2594 1758 2634 a
1792 2572 1990 2634 Nobis
2038 2589 2103 2633 ut
2135 2593 2321 2653 supra
2354 2572 2649 2653 disposita
2683 2574 2813 2647 rite,
2851 2573 3122 2647 feliciter,
3152 2595 3221 2635 ac

603 2681 877 2743 celeriter
927 2682 1002 2743 ad
1064 2696 1342 2763 optatum
1406 2682 1634 2743 exitum
1704 2679 2121 2762 perducantur
2170 2680 2525 2761 supradicto
2588 2680 2861 2763 Josepho
2915 2681 3221 2764 Episcopo

606 2789 982 2849 Warmiensi
1033 2788 1250 2849 barum
1301 2790 1637 2850 Literarum
1670 2788 2067 2867 ,Exequutori
2120 2788 2414 2869 deputato
2462 2806 2703 2865 omnes,
2750 2804 2807 2848 et
2840 2789 3114 2871 singulas
3145 2790 3222 2853 ad

606 2895 968 2973 hujusmodi
1022 2896 1312 2955 effectum
1365 2896 1755 2970 necessariaS,
1807 2909 1866 2954 et
1916 2909 2299 2975 opportunas
2345 2895 2750 2956 concedimus
2785 2894 3116 2973 facultates,
3152 2912 3221 2957 ut

606 3001 863 3082 praeviis
916 3002 1263 3082 respectivis
1313 3002 1730 3063 dotationibus
1783 3020 1892 3080 per
1941 3000 2355 3061 Instrumenta
2405 3000 2470 3061 in
2522 3000 2723 3061 valida
2772 3002 2975 3080 Regni
3028 3003 3224 3064 forma

606 3111 906 3171 exaranda
940 3110 1014 3169 ad
1049 3109 1314 3170 uniuscu
1325 3108 1546 3189 jusque
1567 3109 1871 3170 Ecclesiae
1907 3127 2051 3169 cum
2084 3128 2203 3171 suo
2237 3108 2525 3190 capitu10,
2556 3108 2682 3170 sive
2703 3109 3077 3172 erectionem
3098 3110 3223 3170 sive

605 3235 830 3279 novam
867 3214 1342 3290 ordinationem,
1378 3236 1446 3276 ac
1481 3214 1798 3296 respectivi
1830 3215 2152 3275 Territorii
2186 3214 2554 3277 Dioecesani
2586 3215 3215 3296 circumscriptionem

620 3324 969 3405 procedere,
1020 3321 1260 3402 aliaque
1306 3323 1520 3383 omnia
1568 3338 1634 3382 ut
1666 3341 1850 3401 supra
1883 3322 2164 3382 ordinata
2201 3341 2507 3402 peragere,
2545 3339 2729 3401 atque
2761 3336 3025 3383 statuere
3059 3322 3223 3382 dele·

603 3447 741 3510 gata
773 3431 887 3491 sibi
923 3429 1277 3510 Apostolica
1311 3430 1665 3490 auctoritate
1698 3429 1907 3506 libere,
1957 3446 2013 3489 et
2046 3428 2206 3489 licite
2242 3429 2433 3509 possit
2467 3444 2525 3490 et
2560 3430 2785 3502 valeat;
2852 3443 3036 3508 atque
3071 3428 3224 3490 ulte-

603 3538 728 3599 rius
761 3537 873 3618 ipsi
907 3536 1180 3617 Josepho
1204 3535 1514 3616 Episcopo
1549 3534 1897 3596 facultatem
1933 3534 2152 3614 pariter
2184 3534 2529 3606 tribuimuS,
2562 3550 2629 3594 ut
2649 3535 2724 3595 ad
2748 3534 2996 3616 plenam
3017 3555 3222 3597 rerum

605 3645 892 3706 omnium
930 3645 992 3704 in
1018 3644 1196 3706 Locis
1230 3644 1581 3724 praesertim
1617 3647 1691 3704 ab
1725 3642 1860 3718 ejus
1895 3642 2222 3703 residentia
2258 3641 2509 3701 remotis
2542 3643 2977 3703 executionem
3012 3661 3223 3716 unam,

605 3771 715 3814 seu
752 3751 975 3832 plures,
1020 3770 1351 3832 personam
1385 3751 1480 3811 vel
1515 3769 1810 3832 personas
1846 3751 1908 3810 in
1942 3749 2148 3824 simili,
2185 3747 2280 3808 vel
2313 3748 2423 3809 alia
2460 3748 2770 3827 Dignitate
2804 3748 3225 3810 Ecclesiastica

607 3858 1023 3934 constitutam,
1073 3858 1167 3918 vel
1219 3858 1581 3920 constitutas
1626 3857 2045 3934 subdelegare,
2097 3871 2152 3915 et
2188 3871 2309 3915 tam
2345 3855 2473 3935 ipse
2507 3856 2831 3936 Josephus‚
2864 3875 3051 3936 quam
3088 3876 3222 3938 per—

606 3987 776 4043 sona,
825 3966 921 4025 vel
971 3983 1271 4044 personae
1318 3966 1392 4025 ab
1441 3984 1518 4025 eo
1564 3964 1649 4024 sic
1683 3963 2164 4042 subdeleganda,
2197 3962 2292 4021 vel
2327 3961 2821 4038 subdelegandae
2855 3983 3040 4044 super
3071 3982 3223 4042 qua-

607 4092 879 4151 cumque
927 4071 1342 4152 oppositione‚
1390 4071 1454 4131 in
1502 4086 1639 4130 actu
1687 4068 2061 4130 executionis
2115 4066 2474 4146 hujusmodi
2509 4071 2987 4148 quomodolibet
3020 4069 3224 4131 forsan

607 4179 854 4256 oritura,
901 4178 1150 4239 servatis
1197 4194 1403 4239 tamen
1449 4179 1524 4238 de
1574 4177 1701 4253 jure
1746 4177 2058 4237 servandis
2105 4176 2287 4238 etiam
2336 4176 2668 4254 definitive,
2718 4193 2777 4237 et
2827 4195 3225 4257 quacumque

608 4286 1016 4367 appellatione
1051 4301 1282 4346 remota
1318 4285 1728 4365 pronunciare
1760 4282 1948 4343 libere
1984 4284 2149 4361 item,
2184 4302 2254 4343 ac
2285 4283 2445 4344 licite
2487 4284 2743 4363 possint,
2779 4300 2835 4344 et
2867 4284 3124 4352 valeant,
3157 4303 3225 4343 ac

608 4391 866 4472 quilibet
898 4411 1117 4453 eorum
1154 4391 1486 4472 respective
1523 4392 1714 4471 possit
1747 4406 1805 4450 et
1837 4391 2050 4450 valeat.

822 4497 998 4577 (LX.)
1063 4498 1283 4559 Eidem
1331 4518 1477 4560 vero
1525 4499 1796 4579 Josepho
1829 4497 2139 4578 Episcopo
2184 4516 2465 4577 expresse
2514 4495 2902 4577 injungimus
2950 4515 3018 4556 ac
3050 4515 3225 4556 man-

608 4608 830 4668 damus
880 4622 946 4667 ut
996 4607 1272 4687 exempla
1320 4606 1712 4685 singulorum
1748 4623 2029 4666 actorum
2062 4620 2183 4664 tam
2223 4624 2329 4684 per
2361 4624 2445 4679 se,
2482 4623 2670 4684 quam
2705 4624 2814 4686 per
2844 4607 2919 4663 ab
2954 4623 3030 4663 eo
3065 4601 3224 4663 Sub—

609 4714 919 4791 delegatos
968 4714 1032 4773 in
1099 4715 1512 4794 praesentium
1567 4714 1906 4775 Literarum
1974 4711 2404 4772 executionem
2469 4710 3007 4773 conficiendorum
3070 4708 3227 4769 intra

610 4821 1077 4896 Quadrimestre
1124 4824 1199 4882 ab
1247 4821 1485 4903 expleta
1533 4812 1807 4902 ipsarum
1842 4820 2203 4880 executione
2240 4820 2314 4880 ad
2350 4819 2511 4879 hanc
2544 4817 2967 4899 Apostolicam
3004 4816 3228 4877 Sedem
