3684 5416
307 1661 357 1693 (O

308 2285 352 2328 ⁸5

303 2819 361 2850 20

305 3887 365 3930 ‘30

1563 350 1885 405 Ordinatio.

404 529 516 592 καὶ
558 531 773 607 λόγου
807 530 1221 605 διδακτικοῦ,
1258 534 1331 594 έν
1364 532 1686 612 πραότητι

406 637 691 719 παιδεύῃ
726 653 857 700 σου
891 637 1010 701 τὸν
1040 638 1213 701 λαὸν
1245 639 1356 703 καὶ
1391 639 1686 722 δουλεύῃ

409 762 515 807 σοι
567 747 938 823 εἰλικρινῶς
983 748 1057 807 ἐν
1103 748 1385 826 καθαρᾷ
1418 747 1689 827 διανοίᾳ

406 852 518 915 καὶ
574 854 752 933 ψυχῇ
800 852 1124 934 θελούσῃ,
1175 854 1286 915 καὶ
1337 855 1480 931 τὰς,
1516 854 1688 933 ὑπὲρ

408 962 529 1022 τοῦ
549 960 724 1021 λαοῦ
755 959 1152 1039 ἱερουργίας
1174 959 1493 1043 ἀμώμους
1515 965 1687 1024 έκτε-

409 1068 510 1146 λῇ·
562 1066 678 1129 διὰ
727 1069 849 1129 τοῦ
886 1068 1188 1146 Χριστοῦ
1222 1083 1373 1142 σου,
1423 1069 1566 1150 μεθ’
1605 1066 1719 1145 οῦ,

412 1173 520 1235 σοὶ
573 1173 768 1248 δόξα,
819 1173 966 1256 τιμὴ
1016 1175 1127 1236 καὶ
1177 1176 1397 1260 σέβας
1437 1175 1550 1237 καὶ
1598 1177 1689 1257 τῷ

411 1280 579 1362 ἁγίῳ
643 1280 960 1362 πνεύματι
1026 1283 1123 1358 εἰς
1185 1279 1347 1358 τοὺς
1413 1282 1687 1359 αἰῶνας.

415 1388 645 1468 Ἀμήν.

2924 371 3024 425 355

1746 536 2005 613 idoneis,
2040 533 2103 598 in
2139 538 2612 598 mansuetudine
2646 538 2883 600 erudiat
2913 558 3024 619 po-

1747 644 1986 723 pulum,
2018 644 2251 723 tibique
2283 643 2502 705 serviat
2532 645 2788 721 sincere,
2819 661 3026 706 mente

1747 770 1896 831 pura
1932 768 1989 811 et
2023 750 2231 810 animo
2264 751 2525 829 volente,
2558 771 2626 811 ac
2656 772 2769 832 pro
2790 753 3026 834 populo

1747 878 1914 920 sacra
1948 857 2081 917 sine
2115 857 2261 917 vitio
2283 857 2392 918 rite
2415 857 2700 919 conficiat
2721 879 2827 941 per
2848 859 3028 920 Chri—

1745 981 1911 1025 stum
1957 980 2154 1041 tuum,
2198 984 2341 1025 cum
2393 986 2523 1045 quo
2569 966 2675 1026 tibi
2710 982 2768 1026 et
2799 965 3026 1027 Sancto

1749 1072 2000 1153 Spiritui
2064 1071 2278 1149 gloria,
2345 1073 2552 1135 honor
2602 1088 2660 1133 et
2711 1074 2912 1134 cultus
2964 1073 3025 1133 in

1748 1180 2007 1241 saecula.
2060 1186 2282 1241 Amen.
2335 1179 2392 1259 [1.
2426 1200 2475 1241 c.
2512 1200 2649 1261 pag.
2694 1178 2808 1260 54]

839 1642 1009 1723 (Cap.
1055 1663 1145 1707 17.
1192 1644 1301 1718 18.)
1367 1643 1455 1704 111.
1503 1643 1605 1702 De
1657 1643 1995 1703 Diaconi
2044 1643 2600 1706 Ordinatione.

416 1853 547 1921 Περὶ
587 1854 926 1920 χειροτονίας
964 1855 1235 1905 διακόνων
1276 1855 1384 1918 ἐγὼ
1426 1854 1691 1912 Φίλιππος

863 1935 1237 2002 διατάσσομαι.

502 2036 843 2130 Διάκονον
891 2035 1364 2112 καταστήσεις,
1413 2035 1466 2096 (ι’)
1519 2034 1690 2097 ἐπίσ-

1787 1852 1871 1904 De
1901 1850 2260 1905 ordinatione
2288 1867 2425 1906 vero
2456 1851 2855 1919 diaconorum,
2883 1870 2996 1923 ego

2071 1930 2361 2002 Philippus
2402 1933 2712 1987 constituo.

1846 2036 2195 2097 Diaconum
2231 2035 2473 2111 efficieS‚
2508 2057 2547 2096 ο
2570 2036 2877 2118 episcope,
2912 2040 3029 2099 im-

411 2159 599 2213 κοπε,
636 2140 886 2219 ἐπιθεὶς
919 2142 1101 2223 αὐτῷ
1133 2143 1258 2219 τὰς
1290 2146 1542 2219 χεῖρας,
1577 2161 1690 2203 πα-
1753 2143 2046 2223 ponendo
2093 2143 2144 2202 ei
2194 2162 2434 2218 manus,
2484 2158 2715 2203 astante
2748 2143 2853 2204 tibi
2890 2146 3026 2205 uni-

416 2246 759 2325 ρεστῶτός
805 2261 914 2310 σοι
960 2249 1216 2324 παντὸς
1247 2251 1369 2309 τοῦ
1403 2252 1692 2332 πρεσβυ-

416 2353 644 2431 τερίου
675 2354 786 2416 καὶ
822 2356 953 2416 τῶν
985 2353 1341 2416 διακόνων·
1373 2354 1485 2417 καὶ
1509 2356 1692 2416 ἐπευ-

416 2462 706 2543 ξάμενος
739 2464 940 2539 ἐρεῖς.

509 2568 707 2647 Εὐχή.
769 2567 852 2631 ‘O
888 2567 1074 2646 Θεὸς
1107 2570 1147 2629 ὁ
1182 2571 1693 2647 παντοκράτωρ,

418 2675 458 2738 ὁ
506 2676 849 2755 ἀληθινὸς,
899 2676 1010 2739 καὶ
1059 2676 1392 2758 ἀψευδής,
1427 2676 1468 2738 ὁ
1501 2677 1694 2739 πλου-

417 2786 545 2846 τῶν
598 2787 692 2860 εἰς
744 2787 1001 2861 πάντας
1052 2783 1214 2862 τοὺς
1266 2786 1694 2866 ἐπικαλουμέ·

416 2912 582 2968 νους
633 2907 716 2954 σε
749 2895 822 2953 έν
855 2891 1163 2971 ἀληθείᾳ,
1200 2893 1239 2948 ὁ
1275 2892 1589 2976 φοβερὸς
1623 2895 1696 2954 εν

424 2999 723 3082 βουλαῖς,
771 2999 813 3060 ὁ
859 2999 1086 3080 σοφὸς
1137 2998 1427 3078 διανοίᾳ,
1463 3000 1503 3060 ὸ
1537 3020 1695 3078 κρα-

419 3105 608 3182 ταιὸς
653 3105 767 3168 καὶ
815 3107 1047 3187 μέγας.
1091 3108 1507 3170 εἰσάκουσον
1539 3126 1696 3184 προ-

420 3216 669 3291 σευχῆς
715 3213 919 3294 ἡμῶν,
967 3213 1204 3291 Κύριε,
1238 3214 1350 3275 καὶ
1387 3212 1694 3275 ένώτισαι

418 3320 536 3397 τὴν
583 3319 818 3398 δέησιν
863 3320 1064 3402 ἡμῶν,
1113 3320 1223 3381 καὶ
1260 3320 1586 3401 ἐπίφανον
1619 3319 1695 3382 τὸ

420 3429 788 3505 πρόσωπόν
826 3443 956 3489 σου
993 3428 1093 3490 ἐπὶ
1127 3427 1246 3490 τὸν
1279 3426 1534 3490 δοῦλόν
1567 3443 1697 3488 σου

419 3533 622 3596 τόνδε
666 3535 785 3597 τὸν
831 3536 1425 3617 προχειριζόμενόν
1459 3550 1568 3597 σοι
1605 3537 1699 3611 εἰς

420 3642 795 3715 διακονίαν,
829 3642 940 3703 καὶ
976 3642 1236 3720 πλῆσον
1257 3641 1468 3705 αὑτὸν
1495 3641 1700 3703 ΙΙνεύ-

422 3769 634 3830 ματος
697 3748 896 3828 ἁγίου
973 3750 1084 3812 καὶ
1166 3749 1541 3830 δυνάμεως,
1609 3749 1702 3824 ὡς

422 3854 722 3934 ἔπλησας
789 3856 1150 3936 Στέφανον
1212 3855 1330 3918 τὸν
1393 3858 1705 3937 μάρτυρα

419 3963 532 4025 καὶ
596 3963 871 4045 μιμητὴν
934 3965 1063 4026 τῶν
1126 3966 1536 4045 παθημάτων
1584 3966 1705 4025 τοῦ

425 4071 727 4148 Χριστοῦ
774 4086 922 4132 σου·
976 4070 1089 4132 καὶ
1133 4070 1561 4144 καταξίωσον
1594 4073 1703 4133 αῦ-

423 4177 561 4251 τὸν,
653 4175 1047 4255 εὐαρέστως
1125 4178 1708 4256 λειτουργήσαντα

424 4284 542 4363 τὴν
578 4286 1116 4363 έγχειρισθείσαν
1151 4286 1333 4366 αὐτῷ
1357 4283 1708 4346 διακονίαν

426 4393 792 4469 ἀτρέπτως,
846 4393 1220 4473 ἀμέμπτως,
1255 4391 1706 4471 ἀνεγκλήτως,

426 4498 735 4580 μείζονος
796 4500 1164 4576 ἀξιωθῆναι
1231 4500 1518 4582 βαθμοῦ·
1594 4497 1710 4560 διὰ

428 4607 547 4685 τῆς
596 4605 937 4688 μεσιτείας
970 4607 1091 4667 τοῦ
1125 4607 1545 4687 μονογενοῦς
1579 4621 1709 4666 σου

431 4713 620 4786 Υἱοῦ,
673 4715 817 4796 μεθ’
869 4710 953 4775 οὑ
1006 4713 1116 4775 σοὶ
1165 4712 1358 4786 δόξα,
1405 4712 1549 4794 τιμὴ
1598 4712 1710 4773 καὶ

429 4822 648 4905 σέβας
698 4822 809 4882 καὶ
862 4823 954 4902 τῷ
1007 4820 1177 4903 ἁγίῳ
1225 4818 1567 4901 Πνεῦματι
1617 4821 1713 4895 εἰς

428 4926 589 5004 τοὺς
623 4929 896 5006 αἰῶνας.
968 4927 1200 5010 Ἀμήν.

1750 2270 1932 2312 verso
1978 2249 2354 2331 presbyterio
2401 2269 2523 2310 una
2558 2270 2701 2310 cum
2734 2250 3026 2329 diaconiS,

1755 2372 2158 2437 precatusque
2192 2356 2440 2418 dicens:

1841 2464 2086 2526 Oratio.
2154 2465 2322 2525 Deus
2354 2464 2752 2544 omnipotens
2784 2464 2891 2544 qui
2926 2485 3028 2525 ve-

1753 2591 1858 2632 rax
1890 2591 1971 2647 eS‚
2018 2590 2222 2651 neque
2256 2570 2551 2647 mentiris,
2593 2570 2763 2630 dives
2794 2571 2857 2630 in
2892 2590 3029 2631 om-

1753 2678 1937 2739 nibus
1984 2678 2088 2759 qui
2138 2693 2194 2739 te
2244 2676 2532 2739 invocant
2570 2677 2631 2738 in
2665 2677 2931 2754 veritate,
2967 2679 3031 2739 in

1754 2786 2022 2847 consiliis
2056 2785 2603 2867 pertimescenduS,
2651 2784 2894 2865 sapiens
2928 2805 3031 2846 co-

1754 2895 2069 2975 gitatione,
2124 2893 2294 2954 fortis
2356 2909 2414 2953 et
2477 2912 2761 2974 magum,
2812 2894 3032 2954 exaudi

1755 3001 2099 3062 orationem
2136 3015 2424 3073 nostram,
2453 3000 2743 3076 Domine,
2780 3013 2838 3059 et
2869 3000 3032 3060 auri-

1755 3111 1872 3168 bus
1923 3108 2164 3190 percipe
2212 3107 2706 3188 deprecationem
2741 3123 3032 3182 nostram,

1754 3232 1811 3276 et
1846 3215 2101 3275 ostende
2136 3213 2355 3274 faciem
2387 3228 2553 3274 tuam
2584 3232 2769 3293 super
2788 3232 3033 3274 servum

1755 3340 1931 3382 tuum
1984 3322 2169 3398 hum,
2218 3321 2476 3380 electum
2523 3320 2628 3381 tibi
2664 3321 2725 3380 in
2762 3320 3030 3382 ministe-

1760 3430 1944 3502 rium,
1980 3444 2038 3488 et
2071 3427 2256 3508 imple
2289 3447 2435 3487 eum
2468 3427 2702 3508 Spiritu
2735 3446 2946 3490 sancto
2981 3443 3039 3488 et

1757 3536 1995 3610 virtute,
2058 3535 2216 3594 sicut
2266 3534 2646 3614 Stephanum
2708 3550 3036 3614 martyrem

1759 3658 1816 3702 et
1863 3641 2232 3701 imitatorem
2278 3640 2639 3720 passionum
2676 3639 2901 3700 Christi
2949 3640 3037 3699 tui

1760 3746 2109 3830 implevisti,
2159 3763 2215 3808 et
2248 3747 2518 3808 concede
2552 3746 2625 3820 ei,
2663 3761 2729 3805 ut
2761 3747 3039 3806 ministe-

1763 3857 1853 3916 rio
1905 3856 2019 3916 sibi
2072 3855 2408 3915 commisso
2458 3854 2588 3913 sine
2641 3852 2842 3933 culpa,
2906 3853 3037 3914 sine

1762 3964 1928 4038 vitio,
1974 3965 2104 4022 sine
2157 3962 2409 4023 crimine
2474 3961 2740 4032 functus,
2807 3959 3040 4020 maiore

1762 4072 1955 4150 gradu
2004 4070 2227 4147 dignus
2275 4069 2569 4129 habeatur
2603 4087 2710 4148 per
2744 4066 3039 4127 mediato-

1766 4198 1893 4238 rem
1945 4176 2335 4255 unigenitum
2370 4175 2599 4236 Filium
2649 4191 2849 4244 tuum,
2897 4192 3039 4233 cum

1766 4306 1897 4366 quo
1930 4285 2037 4345 tibi
2071 4298 2128 4344 et
2158 4298 2371 4344 sancto
2395 4282 2648 4363 Spiritui
2682 4280 2896 4361 gloria,
2928 4280 3043 4341 ho-

1769 4412 1885 4454 nor
1932 4412 2000 4454 ac
2048 4391 2358 4452 veneratio
2404 4390 2470 4450 in
2503 4390 2761 4452 saecula.
2826 4394 3045 4449 Amen.

1769 4500 1825 4579 [l.
1861 4520 1908 4560 c.
1945 4520 2077 4580 pag.
2120 4496 2241 4578 55.]
