3684 5416
541 348 645 401 250
1176 337 1438 393 Potestas
1478 338 1859 394 ecclesiastica
1898 353 1954 395 et
1992 340 2295 412 imperium
2334 341 2510 397 civile.

537 530 700 593 vani,
734 536 810 577 eo
845 518 1098 580 nomine
1133 520 1197 581 in
1230 522 1525 603 proximis
1557 524 1841 585 Comitiis
1888 541 1993 586 aut
2024 525 2168 588 alias
2199 526 2365 607 apud
2398 526 2590 587 Suam
2621 526 2985 588 Caesaream
3018 529 3149 590 Ma-

537 622 828 700 iestatem,
863 644 1008 705 pace
1042 641 1248 688 tamen
1280 648 1524 711 semper
1556 648 1957 711 permanente
1988 647 2046 692 et
2078 631 2317 694 exclusa
2348 632 2525 693 omni
2557 632 2844 695 violentia
2876 648 2935 694 et
2954 635 3148 697 hosti-

532 728 717 807 litate,
754 731 1011 794 ulterius
1044 736 1376 815 respective
1408 738 1601 799 amice
1634 738 2080 800 interveniendi
2113 756 2173 800 et
2203 740 2468 801 demisse
2499 739 2936 802 intercedendi.

748 848 777 908 S
807 859 915 919 42.
970 841 1126 904 XIV.
1177 848 1233 903 A
1264 843 1392 905 sola
1427 845 1713 925 qualitate
1746 845 1972 907 feudali
2004 845 2101 907 vel
2133 847 2503 928 subfeudali,
2537 848 2664 909 sive
2696 869 2731 909 a
2764 848 2990 926 Regno
3024 847 3147 907 Bo-

457 965 479 1008 5
535 944 794 1022 hemiae,
847 946 974 1007 sive
1023 950 1099 1008 ab
1147 948 1550 1027 Electoribus,
1601 950 1986 1032 Principibus
2031 968 2089 1012 et
2134 951 2400 1013 Statibus
2432 952 2695 1034 Imperii,
2739 953 2867 1015 sive
2898 953 3149 1014 aliunde

535 1054 886 1133 procedant,
937 1055 1035 1116 lus
1088 1056 1461 1118 reformandi
1516 1078 1648 1120 non
1698 1059 2027 1140 dependet,
2074 1060 2182 1121 sed
2227 1061 2411 1122 feuda
2445 1061 2556 1122 ista
2587 1078 2647 1123 et
2676 1063 3002 1140 subfeuda,
3035 1081 3150 1123 nec

535 1179 662 1222 non
696 1162 940 1238 Vasalli,
989 1164 1216 1225 subditi
1269 1181 1327 1226 et
1378 1168 1545 1226 bona
1589 1166 1993 1228 ecclesiastica
2038 1167 2104 1228 in
2135 1168 2334 1229 causis
2365 1167 2725 1248 ReligioniS,
2759 1185 2816 1230 et
2846 1169 3146 1250 quicquid

535 1267 682 1328 iuris
714 1268 1009 1330 dominus
1046 1270 1212 1331 feudi
1245 1272 1621 1352 praetendat,
1654 1271 2060 1334 introduxerit
2093 1292 2196 1334 aut
2227 1274 2340 1335 sibi
2371 1275 2684 1354 arrogarit,
2705 1295 2777 1336 ex
2807 1291 2967 1336 statu
3000 1276 3147 1337 anni

547 1377 729 1454 1624.
762 1376 861 1437 die
894 1377 1088 1457 prima
1122 1378 1385 1439 Ianuarii
1419 1393 1720 1460 perpetuo
1753 1396 2133 1458 censeantur,
2167 1401 2325 1461 quae
2345 1382 2444 1442 vel
2463 1382 2821 1444 iudicialiter
2840 1383 2935 1444 vel
2954 1398 3148 1444 extra-

435 1508 482 1539 ιο
534 1483 893 1544 iudicialiter
937 1484 1223 1545 innovata
1271 1485 1515 1564 fuerint,
1561 1484 1860 1547 tollantur
1903 1502 1963 1547 et
2008 1487 2071 1548 in
2120 1487 2449 1568 pristinum
2479 1504 2706 1550 statum
2736 1489 3147 1550 restituantur.

751 1599 779 1659 s
813 1610 917 1670 43.
977 1590 1037 1651 T
1040 1590 1297 1651 erritorii
1342 1591 1473 1653 iure
1522 1593 1618 1653 vel
1655 1608 1796 1653 ante
1829 1594 1926 1654 vel
1958 1610 2098 1675 post
2127 1594 2466 1656 terminum
2497 1595 2643 1657 anni
2673 1596 2980 1658 millesimi
3011 1617 3148 1657 sex-

536 1696 854 1758 centesimi
905 1696 1174 1758 vicesimi
1224 1698 1422 1778 quarti
1457 1715 1876 1769 controvers0,
1912 1700 2113 1761 donec
2144 1720 2330 1783 super
2362 1701 2743 1783 possessorio
2775 1717 2834 1762 et
2864 1697 3149 1782 petitorio

536 1821 942 1883 cognoscatur
987 1821 1044 1866 et
1088 1805 1424 1883 decidatur,
1476 1806 1815 1886 possessori
1863 1806 2112 1889 praefati
2158 1808 2302 1870 anni
2334 1809 2500 1870 idem
2532 1808 2630 1870 ius
2662 1825 2809 1887 est0‚
2840 1825 3144 1889 quantum

535 1912 827 1992 equidem
872 1914 950 1974 ad
996 1914 1320 1995 publicum
1371 1914 1730 1975 exercitium
1775 1915 2008 1975 attinet.
2074 1915 2315 1976 Subditi
2364 1935 2508 1977 vero
2555 1931 2803 1996 propter
2847 1930 3147 1976 mutatam

434 2041 478 2085 ¹5
534 2019 779 2080 interim
817 2020 1226 2100 Religionem,
1260 2022 1566 2104 pendente
1597 2021 1887 2083 territorii
1919 2021 2351 2100 controversia,
2385 2021 2647 2101 migrare
2680 2042 2809 2083 non
2829 2037 3146 2101 cogantur.

534 2124 601 2184 ln
648 2125 723 2188 iis
769 2126 942 2204 locis,
981 2129 1086 2189 ubi
1120 2128 1427 2190 Catholici
1458 2143 1517 2188 et
1551 2132 1951 2206 Augustanae
1985 2127 2411 2189 Confessionis
2444 2128 2646 2189 Status
2677 2147 2751 2189 ex
2779 2146 2982 2207 aequo
3013 2125 3147 2187 iure

534 2230 988 2312 Superioritatis
1034 2234 1344 2311 fruuntur,
1391 2251 1516 2294 tam
1565 2233 1798 2295 ratione
1847 2233 2077 2316 publici
2111 2235 2394 2313 exercitii,
2427 2255 2616 2316 quam
2647 2235 2908 2296 aliarum
2939 2251 3147 2294 rerum

535 2339 929 2417 Religionem
974 2342 1482 2403 concernentium
1531 2341 1699 2401 idem
1744 2356 1937 2404 status
1984 2357 2248 2420 maneat,
2293 2342 2403 2423 qui
2437 2342 2552 2403 fuit
2582 2361 2751 2403 anno
2784 2341 3008 2421 dieque
3040 2361 3143 2402 su-

535 2444 835 2525 pradictis.
2098 2523 2107 2534 .

430 2575 482 2607 20
748 2561 778 2622 s
810 2573 913 2632 44.
948 2554 1092 2615 Sola
1125 2554 1462 2617 criminalis
1494 2553 1858 2633 iurisdictiO,
1893 2555 2360 2633 Ceut-Gericht,
2392 2555 2725 2635 solumque
2756 2555 2854 2616 ius
2881 2554 3070 2635 gladii
3088 2568 3147 2614 et

532 2662 912 2741 retentioniS,
959 2677 1333 2744 patronatus,
1375 2662 1676 2725 filialitatis
1723 2682 1931 2744 neque
1977 2663 2363 2726 conIunctim
2408 2683 2614 2745 neque
2647 2661 2890 2725 divisim
2922 2662 3019 2724 Ius
3050 2681 3147 2722 re·-

534 2769 842 2830 formandi
887 2770 1183 2832 tribuunt.
1250 2768 1430 2845 Quae
1478 2770 1684 2850 itaque
1732 2770 1853 2831 hoc
1899 2771 2106 2831 colore
2140 2770 2608 2832 reformationes
2640 2771 2968 2849 hucusque
3000 2769 3145 2829 irre-

533 2892 784 2958 pserunt
820 2877 1085 2957 pactisve
1118 2878 1347 2938 intrusa
1381 2894 1546 2955 sunt,
1579 2894 1911 2956 cassantor,
1944 2878 2173 2959 gravati
2204 2878 2627 2954 restituuntor,
2657 2892 2716 2938 et
2739 2877 3147 2957 imposterum

531 2986 606 3044 ab
638 2984 944 3044 eiusmodi
979 2984 1224 3064 penitus
1256 2983 1609 3044 abstinetor.

426 3112 475 3154 25
744 3099 773 3160 S
805 3110 910 3169 45.
974 3090 1108 3151 XV.
1173 3089 1436 3150 Ratione
1471 3089 1785 3151 redituum
1817 3090 2253 3173 cuiuscunque
2283 3091 2525 3170 generis
2556 3092 2634 3152 ad
2667 3093 2831 3151 bona
2864 3088 3145 3150 ecclesia-

529 3197 675 3258 stica
722 3216 1067 3277 eorumque
1114 3216 1497 3278 possessores
1548 3198 2005 3279 pertinentium,
2052 3214 2193 3259 ante
2225 3197 2433 3258 omnia
2466 3200 2822 3259 observetur
2854 3196 2938 3273 id,
2972 3195 3146 3276 quod

528 3303 595 3364 in
626 3306 781 3367 Pace
815 3304 1156 3386 Religionis
1187 3313 1236 3373 s.
1283 3304 1580 3385 Dagegen
1615 3305 1814 3365 sollen
1849 3305 1948 3365 die
1980 3305 2209 3366 Stande
2242 3305 2351 3365 der
2384 3303 2933 3383 Augsburgischen
2965 3303 3145 3364 Con-

531 3410 768 3474 fession
791 3427 900 3472 ete.
922 3427 981 3471 et
1013 3420 1061 3479 s.
1097 3410 1376 3471 Alsdann
1412 3411 1574 3472 auch
1611 3410 1815 3472 denen
1846 3411 2121 3472 Standen
2153 3412 2262 3472 der
2292 3410 2456 3471 alten
2477 3408 2763 3488 Religion
2794 3423 2903 3468 etc.
2937 3407 3143 3489 dispo-

528 3518 713 3579 situm
749 3517 1077 3579 invenitur.

423 3652 476 3697 30
742 3635 770 3694 S
802 3626 905 3704 46.
967 3623 1054 3684 llli
1100 3643 1246 3684 vero
1293 3623 1540 3701 reditus,
1588 3643 1825 3699 census,
1871 3624 2166 3701 decimae,
2201 3624 2552 3705 pensiones,
2587 3642 2745 3703 quae
2778 3621 2989 3701 vigore
3022 3620 3144 3680 iam

528 3733 720 3794 dictae
773 3733 944 3793 Pacis
991 3730 1332 3810 Religionis
1378 3731 1647 3792 Statibus
1691 3739 2103 3811 Augustanae
2149 3731 2578 3794 Confessionis
2624 3732 2707 3792 ob
2758 3727 3145 3789 immediatas

530 3842 622 3901 vel
654 3840 946 3901 mediatas
982 3839 1372 3901 fundationes
1405 3839 1854 3918 ecclesiasticas,
1906 3856 2046 3900 ante
2078 3840 2175 3900 vel
2207 3855 2346 3920 post
2379 3840 2601 3900 Pacem
2632 3835 3008 3914 Religiosam
3041 3854 3144 3894 ac-

527 3947 802 4029 quisitas,
847 3966 879 4007 e
925 3947 1394 4008 Catholicorum
1441 3945 1771 4029 provinciis
1833 3946 2161 4024 debentur,
2210 3965 2610 4027 quorumque
2655 3943 2722 4004 in
2751 3940 3145 4023 possessione

528 4057 622 4116 vel
673 4056 849 4136 quasi
894 4054 1271 4136 percipiendi
1317 4073 1483 4116 anno
1540 4056 1725 4133 1624.
1767 4053 1865 4114 die
1912 4075 1959 4116 1.
1992 4053 2251 4115 Ianuarii
2297 4054 2569 4126 fuerunt,
2615 4054 2846 4131 absque
2880 4048 3005 4109 ulla
3037 4067 3142 4108 ex-

422 4186 471 4231 35
529 4162 810 4242 ceptione
841 4163 1189 4233 solvantur;
1251 4162 1306 4222 si
1334 4160 1557 4222 alicubi
1591 4160 1773 4221 etiam
1815 4166 2218 4241 Augustanae
2251 4160 2681 4223 Confessionis
2713 4158 2917 4218 Status
2950 4174 3140 4235 quae—

528 4268 668 4328 dam
703 4268 1116 4349 protectionis,
1150 4267 1516 4345 advocatiae,
1549 4283 1886 4349 aperturae,
1919 4268 2365 4348 hospitationis,
2398 4285 2726 4349 operarum
2748 4280 2853 4325 aut
2872 4264 2985 4325 alia
3007 4265 3140 4324 iura

527 4377 589 4436 in
620 4376 1086 4436 Catholicorum
1131 4374 1685 4436 ecclesiasticorum
1737 4374 2084 4435 ditionibus
2131 4391 2188 4435 et
2234 4375 2436 4452 boniS,
2473 4374 2598 4436 sive
2633 4372 2787 4433 intra
2820 4372 2944 4433 sive
2977 4386 3141 4432 extra

525 4484 898 4544 territorium
929 4483 1073 4559 sitis,
1117 4483 1395 4564 legitimo
1429 4502 1549 4544 usu
1582 4499 1686 4543 aut
1732 4481 2139 4543 concessione
2181 4482 2548 4559 habuerunt,
2600 4477 3135 4559 quemadmodum

526 4591 708 4652 etiam
742 4590 1045 4653 Catholici
1078 4591 1302 4667 Status,
1337 4590 1387 4651 si
1421 4589 1574 4670 quid
1607 4589 1926 4651 eiusmodi
1957 4588 2104 4670 ipsis
2136 4588 2294 4649 circa
2313 4591 2478 4649 bona
2500 4585 2897 4648 ecclesiastica
2919 4591 3137 4664 Augu·

417 4721 473 4762 40
524 4714 733 4759 stanae
766 4697 1191 4759 Confessionis
1237 4697 1506 4758 Statibus
1550 4696 1848 4776 acquisita
1897 4695 2208 4777 competit,
2257 4714 2474 4756 omnes
2523 4714 2595 4754 ex
2627 4713 2831 4774 aequo
2862 4692 2994 4753 iura
3027 4712 3137 4753 sua

525 4805 779 4887 pristina
825 4804 1152 4879 retineant;
1216 4803 1298 4864 ita
1344 4818 1570 4880 tamen,
1615 4820 1684 4865 ut
1730 4824 1809 4864 ne
1856 4823 1966 4885 per
1999 4821 2184 4864 usum
2217 4801 2523 4862 eiusmodi
2555 4801 2788 4862 iurium
2820 4802 3137 4861 bonorum

526 4910 1073 4971 ecclesiasticorum
1107 4909 1336 4970 reditus
1369 4908 1638 4969 nimium
1669 4923 2146 4989 praegraventur
2178 4923 2234 4967 et
2268 4906 2725 4971 exhauriantur.
