3684 5416
290 1575 424 1623 ,to

377 2144 422 2187 ¹5

373 2685 426 2719 20

378 4313 425 4357 35

378 4875 433 4915 40

472 448 523 452 —
1346 370 1595 425 Ordines
1635 383 1690 426 et
1729 371 2232 442 congregationes,
2982 376 3087 446 (347

475 554 738 614 invicem
773 554 930 615 inter
962 574 1044 629 se,
1078 570 1136 615 et
1169 573 1384 615 secure
1420 554 1764 615 manifestet
1800 575 1965 617 unus
1997 556 2165 617 alteri
2201 558 2622 619 necessitatem
2660 579 2855 622 suam.
2919 560 3086 636 Quia

474 660 521 720 si
558 676 750 721 mater
783 660 979 741 diligit
1011 677 1069 721 et
1105 661 1296 722 nutrit
1328 661 1524 722 filium
1559 680 1746 722 suurn
1780 663 2108 735 carnalem,
2154 680 2390 744 quanto
2423 665 2775 744 diligentius
2808 667 2946 748 quis
2980 668 3085 729 de-

476 769 575 828 bet
608 767 855 847 diligere
891 784 949 830 et
983 768 1214 829 nutrire
1252 768 1496 829 fratrem
1529 788 1714 828 suum
1750 768 2172 850 spiritualem?
2212 771 2285 831 Et
2317 771 2365 832 si
2400 772 2537 852 quis
2570 792 2790 833 eorum
2823 773 2886 834 in
2918 773 3088 835 infir-

478 874 682 934 mitate
716 875 1019 951 ceciderit,
1052 876 1150 936 alii
1189 875 1396 936 fratres
1430 877 1657 936 debent
1691 876 1743 936 ei
1778 876 2022 951 servire,
2058 876 2216 937 sicut
2250 877 2469 939 vellent
2503 877 2614 939 sibi
2647 879 2873 940 serviri.

687 1011 836 1091 Cap.
876 1011 999 1073 Vll.
1061 1010 1125 1072 Si
1173 1011 1280 1092 qui
1329 1010 1603 1087 fratrum,
1651 1010 1974 1089 instigante
2008 1011 2277 1090 inimico,
2313 1012 2652 1074 mortaliter
2686 1015 3085 1094 peccaverint,

475 1136 588 1198 pro
621 1117 737 1179 illis
773 1117 1046 1198 peccatis,
1097 1118 1172 1178 de
1205 1117 1436 1198 quibus
1468 1118 1824 1179 ordinatum
1859 1117 2038 1178 fuerit
2072 1119 2228 1179 inter
2262 1120 2489 1196 fratres,
2528 1136 2594 1182 ut
2628 1138 2975 1184 recurratur
3006 1125 3082 1185 ad

474 1224 786 1287 ministros
837 1224 1258 1311 provinciales,
1312 1241 1634 1287 teneantur
1681 1224 1973 1305 praedicti
2023 1223 2231 1286 fratres
2279 1226 2354 1286 ad
2401 1248 2510 1289 eos
2557 1247 2865 1289 recurrere
2899 1249 3090 1310 quarn

475 1330 651 1392 citius
685 1347 977 1412 poterunt
1008 1332 1139 1393 sine
1174 1352 1364 1393 mora.
1432 1332 1547 1413 lpsi
1583 1351 1729 1393 vero
1766 1331 2025 1392 ministri
2061 1333 2108 1392 si
2147 1334 2480 1417 presbyteri
2513 1350 2677 1409 sunt,
2727 1356 2870 1396 cum
2905 1338 3089 1397 mise·

475 1437 736 1499 ricordia
781 1438 1111 1518 iniungant
1159 1439 1274 1500 illis
1308 1438 1770 1519 poenitentiam.
1834 1438 1896 1497 Si
1935 1458 2077 1499 vero
2111 1440 2449 1521 presbyteri
2484 1460 2613 1501 non
2646 1457 2810 1517 sunt,
2846 1442 3089 1522 iniungi

476 1544 697 1605 faciant
730 1565 838 1625 per
870 1544 1022 1607 alios
1055 1547 1401 1607 sacerdotes
1434 1545 1685 1622 ordinis,
1732 1546 1887 1606 sicut
1921 1545 2006 1605 eis
2039 1548 2388 1608 secundum
2424 1547 2630 1609 Deum
2664 1549 2885 1610 melius
2920 1552 3090 1612 vide-

476 1651 639 1712 bitur
689 1653 990 1732 expedire.
1051 1653 1128 1713 Et
1179 1672 1388 1713 cavere
1442 1654 1687 1729 debent,
1739 1673 1814 1713 ne
1871 1654 2209 1714 irascantur
2260 1670 2316 1714 et
2362 1658 2808 1717 conturbentur
2840 1673 3092 1738 propter

474 1775 792 1840 peccatum
840 1759 1118 1836 alicuiuS,
1168 1760 1312 1839 quia
1361 1760 1445 1820 ira
1493 1775 1548 1820 et
1581 1760 1968 1821 conturbatio
2022 1760 2085 1821 in
2118 1781 2182 1821 se
2216 1777 2272 1821 et
2306 1760 2368 1821 in
2403 1761 2532 1821 aliis
2566 1762 2915 1844 impediunt
2948 1764 3090 1824 cha-

477 1882 732 1927 ritatem.

689 2004 842 2084 Cap.
877 2002 1021 2063 VIll.
1086 2001 1373 2065 Universi
1421 2003 1633 2063 fratres
1681 2020 1882 2062 unum
1929 2003 2004 2062 de
2039 2001 2326 2062 fratribus
2359 2001 2533 2062 istius
2567 2001 2881 2081 religionis
2913 2020 3083 2065 tene-

475 2125 658 2171 antur
702 2131 945 2191 semper
992 2111 1215 2171 habere
1268 2110 1619 2189 generalem
1668 2107 2041 2185 ministrum,
2087 2126 2144 2170 et
2189 2128 2435 2171 servum
2469 2108 2654 2169 totius
2689 2108 3093 2188 fraternitatis,

477 2232 534 2277 et
580 2217 632 2277 ei
685 2234 1010 2278 teneantur
1056 2216 1310 2278 firmiter
1355 2217 1621 2278 obedire.
1687 2215 1836 2292 Quo
1888 2217 2243 2286 decedente,
2279 2216 2494 2277 electio
2526 2215 2893 2277 successoris
2926 2216 3027 2277 fiat
3059 2239 3092 2278 a

479 2324 772 2385 ministris
820 2324 1302 2405 provincialibus
1349 2341 1405 2385 et
1451 2324 1811 2385 custodibus
1845 2323 1909 2385 in
1943 2324 2213 2404 capitulo
2249 2325 2656 2397 pentecostes,
2689 2323 2752 2383 in
2787 2343 2915 2403 quo
2951 2344 3084 2404 pro·

479 2430 768 2492 vinciales
820 2430 1078 2492 ministri
1124 2446 1453 2492 teneantur
1483 2449 1726 2511 semper
1759 2431 2013 2491 insimul
2046 2430 2394 2507 convenire,
2427 2429 2806 2510 ubicumque
2838 2451 2870 2490 a
2903 2450 3093 2510 gene-

477 2538 585 2598 rali
620 2537 901 2598 ministro
935 2537 1116 2598 fuerit
1150 2539 1573 2600 constitutum.
1637 2538 1706 2597 Et
1742 2538 1862 2597 hoc
1893 2539 2082 2598 semel
2117 2538 2180 2598 in
2213 2538 2408 2598 tribus
2440 2536 2634 2612 annis,
2666 2537 2760 2596 vel
2793 2537 2868 2597 ad
2902 2537 3094 2598 aliurn

479 2644 816 2704 terminum
863 2646 1163 2705 maiorem
1213 2646 1305 2707 vel
1353 2645 1677 2723 minorem,
1710 2645 1866 2705 sicut
1899 2665 1933 2704 a
1966 2646 2279 2726 praedicto
2313 2643 2594 2704 ministro
2631 2644 2808 2706 fuerit
2841 2646 3093 2707 ordina-

479 2769 631 2814 tum.
687 2756 761 2814 Et
794 2755 841 2814 si
875 2755 1086 2835 aliquo
1123 2772 1397 2836 tempore
1432 2773 1745 2836 appareret
1779 2755 2154 2815 universitati
2177 2755 2603 2815 ministrorum
2626 2752 3095 2833 provincialium

480 2879 537 2923 et
571 2863 920 2939 custodum,
972 2863 1351 2944 praedictum
1404 2863 1760 2923 ministrum
1808 2881 1938 2922 non
1974 2882 2103 2922 esse
2136 2861 2547 2922 sufficientem
2580 2862 2656 2922 ad
2690 2861 3005 2922 servitium
3039 2877 3095 2922 et

480 2988 883 3030 communem
936 2969 1259 3031 utilitatem
1314 2969 1589 3046 fratrum,
1643 2985 1971 3029 teneantur
2019 2968 2309 3050 praedicti
2359 2967 2568 3029 fratres
2615 2968 2848 3048 quibus
2880 2965 3096 3029 electio

480 3076 613 3136 data
648 3093 754 3147 est,
790 3078 855 3139 in
890 3078 1147 3138 nomine
1184 3078 1435 3137 Domini
1471 3077 1661 3138 alium
1698 3077 1812 3138 sibi
1847 3078 2070 3156 eligere
2104 3077 2170 3138 in
2203 3078 2548 3140 custodem.
2581 3077 2726 3138 Post
2758 3074 3097 3155 capitulum

404 3220 419 3230 -
480 3203 625 3244 vero
661 3184 1047 3245 pentecostes
1100 3185 1377 3261 ministri,
1431 3200 1489 3245 et
1540 3185 1826 3245 custodes
1876 3185 2131 3264 possint,
2164 3185 2212 3244 si
2247 3184 2574 3260 voluerint,
2605 3198 2663 3243 et
2695 3182 2780 3243 eis
2814 3181 3096 3262 expedire

481 3289 802 3367 videbitur,
855 3292 1077 3352 eodem
1131 3311 1296 3352 anno
1343 3291 1405 3351 in
1457 3292 1583 3351 suis
1630 3291 1924 3352 custodiis
1970 3291 2162 3351 semel
2209 3291 2419 3352 fratres
2464 3309 2612 3351 suos
2645 3290 2719 3350 ad
2756 3287 3096 3370 capitulum

481 3415 840 3457 convocare.

697 3530 846 3611 Cap.
882 3530 978 3590 lx.
1030 3530 1265 3591 Fratres
1301 3549 1428 3591 non
1463 3530 1812 3610 praedicent
1846 3529 1908 3589 in
1943 3530 2299 3611 episcopatu
2336 3528 2594 3589 alicuius
2628 3528 2918 3609 episcopi,
2953 3547 3098 3587 cum

483 3637 556 3694 ab
605 3656 681 3696 eo
727 3637 846 3697 illis
894 3636 1074 3698 fuerit
1124 3636 1586 3698 contradictum.
1653 3637 1725 3697 Et
1775 3635 1984 3696 nullus
2033 3635 2286 3696 fratrum
2319 3636 2556 3717 populo
2594 3634 2840 3717 penitus
2875 3635 3097 3695 audeat

483 3745 851 3825 praedicare,
901 3745 1011 3806 nisi
1061 3767 1093 3806 a
1143 3745 1426 3806 ministro
1471 3744 1738 3824 generali
1775 3745 1961 3804 huius
1998 3744 2378 3805 fraternitatis
2414 3745 2591 3805 fuerit
2623 3743 3003 3804 examinatus
3038 3759 3095 3804 et

483 3855 875 3932 approbatus,
911 3869 967 3913 et
1001 3854 1075 3913 ab
1109 3873 1185 3914 eo
1219 3851 1493 3913 officium
1525 3851 1991 3933 praedicationis
2012 3851 2124 3911 sibi
2146 3870 2530 3914 concessum.
2569 3853 2800 3912 Moneo
2822 3871 3099 3931 quoque,

484 3975 541 4019 et
573 3960 823 4020 eosdem
860 3959 1088 4030 fratres,
1127 3977 1193 4021 ut
1227 3959 1290 4019 in
1326 3959 1798 4041 praedicatione,
1831 3976 2022 4037 quam
2059 3956 2307 4026 faciunt,
2341 3957 2460 4017 sint
2492 3958 2828 4018 examinata
2862 3973 2919 4017 et
2942 3972 3099 4018 casta

484 4085 703 4127 eorum
741 4067 1010 4146 eloquia,
1047 4068 1122 4126 ad
1158 4066 1475 4127 utilitatem
1509 4081 1566 4124 et
1599 4064 2092 4125 aedificationem
2129 4063 2363 4144 populi,
2388 4065 2830 4125 annunciando
2853 4063 2939 4124 eis
2961 4063 3101 4124 vitia

486 4191 543 4234 et
590 4175 858 4250 virtutes,
907 4194 1168 4255 poenam
1224 4191 1280 4234 et
1328 4174 1608 4254 gloriam,
1659 4193 1799 4233 curn
1852 4173 2140 4233 brevitate
2174 4171 2496 4243 sermonis,
2528 4172 2672 4252 quia
2705 4173 2958 4231 verbum
2995 4172 3101 4231 ab·

486 4280 827 4341 breviatum
863 4280 999 4342 fecit
1037 4281 1349 4342 Dominus
1381 4300 1565 4361 super
1595 4297 1837 4341 terram.

701 4418 850 4498 Cap.
885 4418 957 4478 X.
1010 4415 1263 4492 FratreS,
1310 4417 1416 4496 qui
1468 4431 1608 4476 sunt
1650 4412 1910 4475 ministri
1946 4428 2004 4473 et
2033 4412 2191 4473 servi
2223 4413 2491 4475 aliorum
2526 4409 2801 4486 fratrum,
2833 4412 3098 4488 visitent,

486 4541 544 4585 et
577 4538 875 4584 moneant
908 4524 1118 4584 fratres
1152 4543 1318 4599 suOS,
1352 4539 1409 4582 et
1443 4520 1758 4582 humiliter
1790 4536 1848 4581 et
1882 4520 2188 4580 caritative
2223 4519 2531 4600 corrigant
2565 4538 2690 4593 eos,
2717 4537 2843 4578 non
2867 4520 3098 4599 praeci-

487 4633 718 4713 pientes
769 4632 855 4691 eis
906 4629 1158 4710 aliquid,
1209 4630 1383 4711 quod
1434 4629 1508 4690 sit
1559 4645 1772 4690 contra
1823 4628 2094 4689 animam
2147 4646 2345 4703 suam,
2393 4643 2448 4686 et
2496 4624 2773 4702 regulam
2809 4641 3097 4686 nostram.

489 4740 728 4800 Fratres
778 4757 923 4799 vero
971 4738 1078 4818 qui
1112 4752 1256 4798 sunt
1289 4737 1535 4814 subditi,
1572 4737 1988 4812 recordentur,
2022 4735 2193 4815 quod
2231 4749 2478 4816 propter
2514 4733 2716 4793 Deum
2751 4734 3092 4810 abnegave-

487 4863 632 4907 runt
665 4845 941 4927 proprias
974 4846 1336 4906 voluntates.
1404 4845 1587 4907 Unde
1621 4843 1875 4905 firmiter
1906 4842 2212 4924 praecipio
2245 4841 2347 4919 eis,
2398 4856 2462 4902 ut
2497 4840 2785 4901 obediant
2817 4839 2945 4899 suis
2980 4840 3098 4900 mi-

491 4953 689 5015 nistris
738 4953 800 5012 in
844 4952 1158 5028 omnibuS,
1207 4972 1366 5032 quae
1400 4951 1818 5032 promiserunt
1853 4949 2126 5010 Domino
2162 4950 2505 5022 observare,
2542 4963 2596 5007 et
2632 4966 2757 5007 non
2792 4946 2914 5006 sint
2947 4964 3096 5007 con-
