3684 5416
547 452 590 456 -,
1179 374 1443 429 Potestas
1481 375 1869 432 ecclesiastica
1899 391 1957 432 et
1992 377 2296 449 imperium
2335 379 2511 435 civile.
3054 400 3157 455 233

753 566 782 626 s
828 578 876 618 1.
919 558 1558 621 Excommunicamus
1601 575 1660 622 et
1692 560 2280 625 anathematizamus
2309 583 2380 624 ex
2414 580 2581 646 parte
2614 566 2728 627 Dei
2761 567 3157 647 omnipoten-

542 665 634 741 tis,
673 664 879 740 Patris,
915 664 1050 725 Filii
1085 679 1144 726 et
1177 665 1439 746 Spiritus
1463 666 1689 744 Sancti,
1723 669 2079 730 auctoritate
2110 689 2368 751 quoque
2390 673 2711 734 beatorum
2731 673 3153 754 apostolorum

543 771 699 832 Petri
750 786 806 832 et
838 771 1031 847 Pauli,
1083 790 1153 832 ac
1198 787 1425 849 nostra,
1479 792 1895 856 quoscunque
1944 775 2244 853 Hussitas,
2292 777 2691 856 Wichlefitas‚
2743 779 3153 856 Lutheranos,

543 877 962 959 Zuinglianos,
998 878 1380 956 Calvinistas,
1415 881 1790 961 UgonottOS,
1810 883 2256 964 Anabaptistas,
2275 885 2642 947 Trinitarios
2673 903 2731 947 et
2762 906 2795 946 a
2829 886 3156 948 christiana

462 1007 479 1050 5
543 982 662 1045 fide
707 1001 1029 1066 apostatas,
1074 1010 1143 1050 ac
1189 1009 1409 1052 omnes
1454 1005 1513 1051 et
1558 991 1838 1071 singulos
1887 991 2039 1053 alios
2070 993 2428 1064 haereticos,
2463 1013 2867 1076 quocumque
2901 996 3156 1057 nomine

436 1548 487 1581 to

439 2083 483 2125 ¹5

437 3152 484 3195 95

438 3684 493 3714 ‘20

434 4219 482 4263 35

542 1110 923 1170 censeantur,
972 1109 1031 1154 et
1073 1095 1502 1176 cuiuscunque
1549 1112 1744 1156 sectae
1792 1095 2066 1170 existant,
2097 1117 2167 1158 ac
2199 1097 2284 1158 eis
2316 1099 2649 1178 credentes,
2681 1120 3027 1182 eorumque
3061 1121 3155 1163 re-

541 1212 894 1278 ceptatores,
929 1200 1198 1263 fautores
1232 1217 1291 1263 et
1322 1201 1692 1281 generaliter
1721 1202 2034 1283 quoslibet
2053 1203 2305 1266 illorum
2325 1205 2700 1282 defensores,
2719 1225 2791 1268 ac
2808 1208 3153 1269 eorundem

540 1304 728 1366 libros
758 1306 1062 1369 haeresim
1095 1308 1509 1386 continentes,
1543 1310 1635 1370 vel
1669 1308 1746 1370 de
1780 1308 2079 1392 religione
2111 1325 2455 1390 tractantes,
2488 1313 2619 1374 sine
2652 1313 3005 1375 auctoritate
3037 1331 3151 1374 no·

541 1428 659 1474 stra
690 1429 747 1473 et
778 1414 940 1475 sedis
971 1416 1351 1496 apostolicae
1383 1416 1650 1478 scienter
1683 1418 1974 1496 legentes,
2022 1433 2129 1478 aut
2173 1419 2523 1496 retinentes,
2571 1420 3013 1502 imprimentes,
3046 1438 3156 1479 seu

542 1520 1014 1599 quomodolibet
1047 1523 1463 1600 defendentes,
1500 1544 1571 1585 ex
1605 1525 1821 1605 quavis
1854 1544 2057 1601 causa,
2081 1524 2324 1606 publice
2346 1525 2440 1587 vel
2460 1527 2719 1605 occulte,
2741 1528 2966 1608 quovis
2987 1528 3157 1608 inge-

541 1626 647 1686 nio
676 1627 773 1687 vel
804 1627 1033 1704 colore,
1068 1648 1318 1690 necnon
1349 1629 1791 1708 schismaticos,
1825 1645 1886 1691 et
1917 1649 2043 1704 eos,
2078 1629 2187 1712 qui
2219 1652 2285 1693 se
2315 1651 2351 1692 a
2384 1648 2586 1694 nostra
2611 1649 2669 1694 et
2691 1634 2958 1695 Romani
2993 1653 3151 1715 pon-

541 1732 715 1796 tificis
749 1754 864 1816 pro
899 1751 1178 1818 tempore
1211 1738 1521 1798 existentis
1552 1737 1900 1798 obedientia
1935 1738 2318 1819 pertinaciter
2336 1741 2707 1802 subtrahunt
2727 1743 2821 1803 vel
2843 1742 3156 1802 recedunt.

755 1851 784 1911 S
822 1862 877 1903 2.
942 1843 1090 1905 Item
1139 1845 1753 1905 excommunicamus
1800 1857 1860 1904 et
1890 1846 2481 1908 anathematizamus
2512 1866 2734 1909 omnes
2765 1862 2825 1909 et
2854 1848 3153 1928 singulos,

542 1948 969 2030 cuiuscunque
1015 1965 1223 2023 status,
1269 1951 1497 2030 gradus
1546 1969 1655 2011 seu
1702 1950 2078 2011 conditionis
2109 1951 2337 2013 fuerint
2370 1954 2814 2029 (universitates
2846 1975 2993 2016 vero
3027 1956 3153 2016 col-

541 2054 696 2133 legia
742 2070 800 2116 et
846 2057 1127 2138 capitula,
1175 2077 1559 2138 quocunque
1595 2057 1851 2119 nomine
1888 2074 2353 2138 nuncupentur,
2386 2059 2846 2139 interdicimus),
2879 2065 2955 2123 ab
2989 2063 3156 2124 ordi-

542 2163 890 2225 nationibus
939 2185 1047 2226 seu
1099 2165 1401 2227 mandatis
1453 2165 1675 2226 nostris
1720 2184 1789 2226 ac
1822 2165 2254 2227 Romanorum
2298 2165 2670 2228 Pontificum
2720 2188 2833 2249 pro
2880 2185 3156 2251 tempore

542 2270 929 2334 existentium
960 2272 1036 2333 ad
1072 2272 1410 2334 universale
1445 2273 1724 2333 futurum
1757 2271 2086 2333 concilium
2111 2273 2514 2354 appellantes:
2550 2293 2663 2334 nec
2697 2293 2827 2336 non
2849 2294 2974 2350 eos,
2994 2295 3155 2356 quo-

541 2395 679 2438 rum
711 2377 956 2448 auxilio,
989 2380 1249 2441 consilio
1284 2379 1380 2440 vel
1414 2380 1620 2441 favore
1654 2378 2028 2461 appellatum
2063 2379 2259 2442 fuerit.

751 2494 782 2555 s
820 2506 874 2567 3.
938 2486 1086 2548 Item
1121 2487 1744 2550 excommunicamus
1776 2503 1835 2548 et
1866 2487 2455 2550 anathematizamus
2487 2507 2710 2550 omnes
2741 2490 2981 2570 piratas,
3014 2509 3154 2552 cur-

540 2592 733 2653 sarios
782 2612 851 2653 ac
901 2592 1285 2656 latrunculos
1333 2596 1695 2669 maritimos,
1745 2594 2154 2656 discurrentes
2201 2613 2368 2656 mare
2413 2610 2716 2668 nostrum,
2764 2597 3088 2678 praecipue
3122 2619 3153 2658 a

543 2718 755 2766 monte
787 2702 1155 2783 Argentario
1201 2723 1402 2785 usque
1448 2705 1527 2766 ad
1561 2704 1982 2783 Terracinam,
2018 2724 2087 2766 ac
2120 2725 2336 2767 omnes
2370 2724 2589 2766 eorum
2626 2704 2909 2781 fautoreS,
2946 2725 3154 2786 recep-

541 2824 764 2873 tatores
797 2824 855 2870 et
886 2810 1256 2872 defensores.

751 2927 780 2987 s
816 2937 875 2996 4.
937 2918 1088 2978 Item
1134 2919 1751 2982 excommunicamus
1797 2935 1856 2981 et
1894 2919 2485 2981 anathematizamus
2516 2939 2737 2980 omnes
2768 2933 2827 2979 et
2857 2920 3154 3001 singulos,

541 3024 646 3105 qui
680 3024 1151 3087 christianorum
1187 3044 1735 3107 quorumcumque
1760 3027 2019 3088 navibus
2039 3041 2410 3107 tempestate,
2439 3046 2548 3088 seu
2569 3027 2635 3087 in
2654 3042 3052 3106 transersum,
3087 3045 3155 3089 ut

541 3130 658 3192 dici
689 3132 862 3203 solet,
893 3131 1123 3193 iactatis
1154 3132 1250 3193 vel
1281 3134 1748 3213 quoquomodo
1782 3133 2174 3210 naufragium
2210 3133 2418 3214 passiS,
2461 3134 2586 3195 sive
2622 3134 2684 3194 in
2718 3132 2864 3214 ipsis
2898 3135 3155 3198 navibus

538 3237 661 3299 sive
708 3255 780 3297 ex
830 3236 1061 3299 eisdem
1111 3238 1297 3300 eiecta
1349 3240 1412 3301 in
1461 3241 1611 3301 mari
1661 3241 1753 3301 vel
1799 3240 1864 3302 in
1896 3240 2070 3302 litore
2102 3241 2367 3315 inventa,
2399 3241 2852 3321 cuiuscumque
2883 3243 3148 3323 generis,

539 3345 718 3419 bona,
763 3359 888 3405 tam
937 3345 1002 3406 in
1036 3347 1260 3409 nostris
1290 3346 1605 3428 Tyrrheni
1638 3363 1696 3408 et
1728 3348 2037 3423 Adriatici,
2070 3367 2260 3428 quarn
2297 3348 2358 3408 in
2393 3348 2605 3408 ceteris
2636 3348 2938 3429 cuiusque
2971 3351 3156 3410 maris

541 3452 896 3534 regionibus
929 3469 984 3513 et
1016 3453 1299 3516 litoribus
1331 3453 1765 3534 surripuerint3
1799 3454 1879 3515 ita
1914 3470 1981 3515 ut
2014 3473 2128 3515 nec
2160 3456 2244 3515 ob
2277 3454 2726 3534 quodcumque
2745 3455 3156 3537 privilegium,

541 3560 1075 3638 consuetudinem,
1109 3575 1214 3622 aut
1247 3560 1594 3643 longissimi
1630 3561 1810 3622 etiam
1844 3559 2353 3623 immemorabilis
2371 3561 2667 3641 temporis
2688 3562 3155 3642 possessionem,

541 3686 648 3727 seu
683 3667 870 3729 alium
905 3686 1369 3748 quemcumque
1405 3683 1803 3748 praetextum,
1836 3668 2108 3730 excusari
2142 3667 2348 3750 possit.

752 3783 781 3843 s
825 3795 878 3853 5.
929 3775 1080 3836 Item
1112 3776 1734 3837 excommunicamus
1767 3790 1825 3836 et
1857 3774 2442 3836 anathematizamus
2474 3791 2715 3842 omnes,
2751 3776 2860 3855 qui
2892 3775 2955 3836 in
2985 3775 3156 3837 terris

539 3883 665 3942 suis
710 3900 870 3942 nova
920 3882 1173 3963 pedagia
1223 3902 1334 3945 seu
1379 3882 1668 3963 gabellas,
1717 3896 2147 3963 praeterquam
2194 3882 2258 3942 in
2293 3883 2535 3943 casibus
2565 3880 2680 3941 sibi
2712 3902 2744 3942 a
2777 3881 2909 3942 iure
2940 3902 3049 3943 seu
3083 3902 3152 3942 ex

539 3988 782 4069 speciali
829 3990 992 4050 sedis
1038 3990 1411 4070 apostolicae
1459 3989 1704 4052 licentia
1738 3990 2069 4070 permissis,
2104 3989 2454 4069 imponunt,
2489 3990 2583 4049 vel
2617 4004 2862 4068 augent,
2897 4009 3006 4051 seu
3038 3990 3154 4050 im-

540 4095 689 4176 poni
723 4095 815 4156 vel
850 4096 1057 4174 augeri
1091 4097 1363 4179 exigunt.

751 4211 780 4271 S
817 4204 873 4267 6.
936 4204 1084 4264 Item
1115 4203 1733 4265 excommunicamus
1764 4218 1823 4264 et
1854 4203 2442 4264 anathematizamus
2472 4222 2695 4264 omnes
2730 4202 3003 4264 falsarios
3021 4202 3154 4264 lite-

540 4328 745 4371 rarum
780 4310 1281 4390 apostolicarum,
1319 4310 1498 4371 etiam
1534 4311 1598 4371 in
1633 4310 1830 4371 forma
1857 4311 2063 4371 Brevis
2096 4330 2165 4371 ac
2196 4311 2741 4391 supplicationum,
2771 4310 3027 4389 gratiam
3060 4309 3156 4372 vel

541 4416 824 4478 iustitiam
877 4417 1405 4495 concernentium,
1460 4437 1569 4498 per
1601 4418 1960 4480 Romanum
2010 4416 2384 4500 pontificem,
2433 4418 2527 4478 vel
2560 4432 2801 4478 sanctae
2837 4418 3153 4477 Romanae

541 4524 825 4585 ecclesiae
872 4524 1414 4599 vicecancellariOS,
1461 4544 1570 4587 seu
1600 4539 1900 4605 vgerentes
1947 4525 2107 4586 vices
2140 4544 2381 4601 eorum,
2421 4540 2525 4584 aut
2558 4525 2633 4585 de
2670 4524 2957 4585 mandato
2990 4524 3154 4585 eius-

540 4630 680 4690 dem
716 4631 986 4692 Romani
1022 4630 1334 4693 pontificis
1374 4632 1770 4710 signatarum,
1819 4651 2063 4693 necnon
2097 4630 2248 4692 falso
2280 4631 2642 4692 fabricantes
2673 4630 2871 4691 literas
2905 4646 3152 4710 aposto·

541 4737 702 4815 licas,
752 4738 932 4798 etiam
980 4739 1041 4799 in
1092 4738 1285 4800 forma
1331 4739 1558 4813 Brevis,
1589 4755 1648 4800 et
1679 4740 1861 4800 etiam
1898 4737 2050 4799 falso
2082 4738 2393 4817 signantes
2425 4737 2901 4819 supplicationes
2935 4736 3150 4797 huius-

541 4844 710 4905 modi
741 4847 859 4907 sub
892 4846 1147 4907 nomine
1185 4846 1450 4909 Romani
1488 4846 1816 4923 pontificis,
1852 4866 1960 4907 seu
1986 4845 2478 4923 vicecancellarii,
2498 4859 2605 4906 aut
2631 4845 2973 4925 gerentium
2996 4844 3156 4905 vices

542 4952 1015 5031 praedictorum.
