3684 5416
337 1472 391 1504 to

333 2006 387 2050 ¹5

330 3080 389 3125 ²5

329 3615 392 3661 30

328 4148 386 4194 35

1090 378 1355 433 Potestas
1395 378 1775 435 ecclesiastica
1814 394 1872 435 et
1911 380 2215 452 imperium
2255 381 2429 437 civile.
2971 402 3055 439 121

1251 611 1342 668 86.
1401 611 1796 669 huncum-*1
1833 613 2267 673 FORMULAE.

665 735 693 764 ‘
733 736 1023 790 formulae
1059 737 1428 806 merowingt‘ci
1459 743 1514 789 ct
1547 739 1785 791 karolim'
1816 740 1946 793 aevi.
2000 740 2088 793 ed.
2132 741 2175 794 Z
2197 757 2227 795 e
2247 759 2282 795 u
2301 758 2358 795 m
2376 758 2406 796 e
2424 759 2450 795 r
2491 745 2867 806 (Monumenta
2918 745 3065 799 Ger·

451 818 667 869 maniae
704 815 982 870 historica.
1021 818 1225 886 Legum
1264 818 1401 871 Sect.
1439 818 1517 881 V;
1570 818 1876 885 Formulac)
1933 836 2062 889 pag.
2106 839 2171 892 32
2214 838 2335 893 seq.
2387 823 2758 887 Brunner‚
2801 824 3068 878 Dcutsche

450 895 976 965 Rechtsgcschichte.
1018 895 1248 967 Leipzig
1282 895 1429 968 1887.
1473 896 1508 950 1.
1538 914 1666 968 pag.
1704 915 1802 966 401
1852 915 1976 971 seq.
2018 900 2248 965 Idem,
2286 903 2630 974 Grundzic'ge
2654 904 2755 958 der
2778 904 3068 957 deutschen

449 976 975 1047 Rechtsgcschichte.
1062 975 1292 1048 Leipzig
1352 994 1500 1048 1901.
1543 996 1594 1048 p.
1634 996 1719 1050 39.
1796 979 2262 1044 Schroeder‚
2317 983 2597 1038 Lchrbuch
2634 986 2735 1039 der
2770 985 3066 1038 deutschen

450 1057 977 1128 Rechtsgcscht‘chtc.
1018 1056 1250 1130 Leipzig
1286 1063 1462 1130 1903⁴,
1491 1059 1526 1128 ἓ
1555 1077 1636 1131 34.
1701 1059 1742 1116 S
1762 1077 1791 1115 c
1809 1061 1900 1115 hu
1919 1061 2001 1132 pf
2014 1079 2043 1115 e
2062 1081 2117 1126 r,
2156 1064 2419 1117 Manuale
2454 1066 2515 1117 di
2546 1069 2717 1119 storia
2755 1067 2845 1119 del
2877 1067 3067 1119 diritto

450 1140 688 1192 italiano.
729 1138 913 1194 Roma
949 1144 1123 1211 1904³·
1164 1141 1304 1211 Cap.
1335 1141 1372 1203 l,
1412 1142 1447 1209 ξ
1478 1159 1523 1213 3.
1595 1142 1694 1196 Lo
1714 1159 1744 1197 e
1765 1142 1889 1197 nin
1908 1160 1975 1214 g,
2014 1144 2346 1198 Geschichte
2368 1146 2463 1198 des
2488 1146 2777 1199 deutschen
2804 1146 3066 1200 Kircleen-

450 1220 646 1274 rechts.
688 1219 747 1273 11.
784 1221 895 1275 160.
950 1220 1020 1271 W
1041 1238 1071 1274 e
1091 1219 1185 1293 yl,
1225 1222 1419 1275 Prdnk.
1447 1223 2025 1279 staatsmchenrecht.
2077 1240 2151 1293 50
2179 1241 2297 1295 seq.
2330 1225 2376 1278 Η
2396 1242 2426 1279 a
2445 1242 2480 1278 u
2498 1241 2529 1279 c
2548 1228 2582 1278 k
2604 1265 2616 1289 ‚
2657 1227 2757 1280 Die
2783 1227 3066 1297 Bischqfs·

450 1299 657 1354 wahlen
693 1304 855 1355 unter
890 1302 994 1354 den
1030 1304 1447 1382 Merowiqxgern.
1490 1302 1775 1374 Erlangen
1825 1302 1973 1376 1883.
2013 1304 2294 1359 Imbart
2334 1304 2417 1359 de
2454 1304 2517 1359 la
2543 1305 2698 1360 Tou
2719 1323 2769 1369 r,
2808 1307 2908 1360 Les
2931 1311 3067 1362 dlec-

451 1381 593 1513 gons
629 1383 955 1453 episcopales
991 1382 1134 1435 dans
1172 1384 1415 1452 I'Eglisc
1451 1384 1519 1436 de
1556 1384 1766 1438 Francc
1799 1385 1875 1438 du
1914 1386 1997 1439 IX
2024 1402 2097 1439 au
2136 1386 2247 1440 XII
2275 1387 2450 1440 siecle.
2503 1384 2661 1440 Paris
2696 1387 2845 1457 1890.
2888 1386 3067 1458 Chap.

508 1501 521 1513 .
590 1501 602 1513 .
664 1480 714 1516 0.

549 1477 585 1532 Ρ
630 1480 663 1533 7
944 1538 1074 1600 Lib.
1107 1538 1148 1599 l.
1206 1559 1260 1618 5.
1324 1540 1791 1622 preceptum
1841 1541 1930 1603 de
1978 1542 2555 1625 episcopatum.

631 1663 732 1724 Ille
767 1684 868 1725 rex
902 1683 1047 1724 vero
1080 1665 1421 1745 apostolico
1454 1665 1560 1726 illo
1593 1666 1904 1747 episcopo,
1941 1665 2300 1743 Quamlibet
2331 1687 2448 1729 nos
2479 1667 2554 1728 ad
2591 1667 3064 1730 ministrandum

452 1772 1059 1852 gubernandumque
1092 1791 1298 1832 rerum
1334 1789 1527 1834 statue
1564 1771 1849 1853 precelsis
1883 1774 2398 1856 occupationibus
2419 1774 2618 1854 regiae
2638 1774 3068 1836 sollicitudinis

452 1897 597 1938 cura
631 1878 1023 1957 constringat,
1057 1878 1211 1939 nihil
1251 1895 1455 1940 tamen
1488 1896 1610 1941 tam
1646 1880 1974 1961 principale
2011 1900 2199 1961 quam
2237 1883 2511 1963 principe
2545 1883 2807 1960 dignum
2842 1899 2949 1956 est,
2986 1900 3069 1954 ut,

453 2002 600 2045 cum
631 2005 663 2044 a
697 1985 1012 2080 pastoralis
1047 1984 1369 2065 paulolum
1406 1990 1646 2047 oberrat
1678 1988 1852 2067 plebs
1886 1987 2155 2049 distituta
2192 1988 2513 2068 praesidiO,
2548 2008 2659 2069 pro
2680 1990 2910 2050 salutae
2934 1991 3066 2050 ani-

454 2110 696 2152 marum
732 2090 1096 2153 huiusmodi
1130 2094 1416 2173 personis
1449 2094 1601 2154 locis
1634 2093 1971 2155 celsoribus
2006 2092 2414 2177 pontificalem
2441 2097 2758 2177 prespiciat
2779 2099 3066 2158 commit-

453 2213 578 2259 tere
618 2198 994 2278 dignitatem,
1027 2198 1088 2259 in
1121 2200 1352 2280 quibus
1384 2217 1627 2262 maneat
1661 2202 2021 2281 dupliciter:
2076 2221 2301 2278 serm0‚
2340 2219 2402 2262 ut
2437 2203 2655 2283 populi
2689 2205 3067 2285 magistrum,

454 2323 643 2381 actm,
694 2325 760 2368 ut
791 2307 1017 2368 Christi
1065 2309 1336 2369 imitetur
1368 2309 1739 2390 discipulus:
1793 2310 1903 2389 qui
1940 2310 2180 2390 plebem
2217 2328 2347 2370 non
2386 2311 2590 2370 minus
2623 2310 2841 2390 pietate
2875 2330 3064 2390 quam

453 2416 770 2476 severitate
803 2415 1198 2495 constringat,
1233 2416 1342 2496 qui
1377 2415 1522 2476 sciat
1555 2416 1885 2477 commissa
1919 2415 2034 2476 sibi
2067 2415 2290 2477 talenta
2324 2417 2601 2477 assiduae
2636 2418 3068 2497 predicationis

454 2522 847 2590 sermonibus
898 2522 1165 2604 expolire
1213 2538 1272 2583 et
1317 2523 1636 2603 adquesita
1685 2523 2212 2604 multiplicataque
2260 2524 2462 2604 gregis
2506 2544 2654 2584 suae
2699 2525 2955 2585 salutem
2989 2525 3065 2586 ad

454 2628 615 2690 ovile
660 2628 977 2690 dominico
1025 2630 1210 2690 nullis
1258 2630 1513 2692 maculis
1559 2630 1874 2692 sordidato
1906 2632 2099 2692 valeat
2132 2631 2480 2713 presentari.
2547 2632 2620 2691 Et
2652 2632 2796 2712 quia
2831 2650 3066 2714 cogno-

452 2736 657 2797 vimus
701 2751 943 2798 sanctae
990 2739 1441 2799 recordationis
1490 2738 1729 2800 domno
1777 2738 1882 2810 illi,
1935 2739 2104 2800 urbis
2148 2735 2313 2800 illius
2364 2739 2660 2819 antestite,
2713 2740 3069 2800 evocatione

455 2843 660 2905 divina
693 2848 767 2905 ab
803 2846 916 2906 bac
948 2845 1084 2906 luce
1127 2846 1443 2926 migrasse,
1476 2847 1550 2907 de
1587 2848 1764 2907 cuius
1784 2865 2203 2908 successorem
2227 2846 2705 2908 sollicitudinem
2729 2866 3069 2928 congruam

456 2972 577 3013 una
626 2971 768 3013 cum
818 2951 1215 3033 pontificibus
1264 2953 1360 3013 vel
1411 2953 1769 3034 proceribus
1801 2952 2024 3014 nostris
2059 2953 2301 3033 plenius
2335 2968 2765 3035 pertractantes
2798 2952 3064 3013 decrevi-

455 3079 615 3135 muS,
668 3058 942 3120 inlustris
987 3078 1151 3133 vero,
1197 3065 1306 3119 aut
1349 3058 1710 3134 venerabile,
1756 3059 1863 3120 illo
1911 3060 1974 3119 iu
2009 3059 2146 3141 ipso
2182 3062 2369 3120 urbae
2402 3059 2817 3141 pontificalem
2852 3061 2915 3120 in
2951 3060 3065 3121 Dei

454 3166 707 3227 nomine
759 3165 1141 3226 committere
1187 3166 1566 3245 dignitatem,
1615 3185 1806 3246 quem
1856 3165 2225 3246 plerumque
2273 3181 2422 3247 aput
2460 3166 2703 3227 animos
2734 3183 2977 3228 nostros
3010 3183 3067 3226 et

453 3275 622 3335 accio
668 3274 918 3355 probata
965 3275 1361 3334 commendat
1408 3290 1464 3334 et
1498 3274 1826 3335 nobilitatis
1875 3274 2030 3334 ordo
2078 3274 2365 3335 sublimat
2411 3293 2479 3334 ac
2512 3293 2759 3335 morum
2798 3274 3068 3356 probitas

451 3381 549 3442 vel
583 3380 1073 3442 mansuetudinis
1106 3397 1164 3441 et
1198 3381 1557 3461 prudentiae
1595 3380 1933 3443 honestitas
1966 3396 2239 3442 exornat.
2292 3380 2434 3457 Qua
2469 3382 2543 3442 de
2580 3400 2640 3441 re
2674 3395 2894 3442 statuta
2931 3400 3068 3462 pre-

451 3487 728 3548 sentibus
775 3487 1160 3563 ordinamus,
1210 3504 1276 3549 ut
1326 3507 1470 3549 cum
1518 3488 1936 3549 adunatorum
1971 3504 2206 3548 caterva
2242 3487 2642 3567 ponteficum,
2678 3488 2754 3548 ad
2787 3507 2948 3568 quos
2979 3504 3066 3547 ta-

452 3614 595 3655 men
644 3611 885 3655 nostrae
933 3594 1267 3656 serenitatis
1317 3595 1563 3656 devotio
1614 3595 1834 3655 scribta
1887 3594 2180 3675 pervenit,
2228 3595 2429 3674 ipsum
2479 3611 2548 3655 ut
2595 3594 2750 3655 ordo
2783 3593 3066 3675 postolat,

452 3702 734 3762 benedici
782 3716 975 3762 vestra
1024 3701 1316 3764 industria
1367 3701 1612 3776 studiat,
1660 3701 1986 3763 volontatis
2032 3717 2275 3762 nostrae
2310 3700 2765 3762 deliberationis
2798 3702 3071 3763 reseratis

453 3808 718 3871 oraculis
767 3808 1074 3889 publicare
1122 3826 1306 3890 atque
1353 3808 1698 3886 aeffectum,
1738 3810 2012 3870 Domino
2064 3826 2396 3881 annuente,
2459 3807 2693 3883 sortire,
2743 3823 3066 3887 quatenus,

453 3918 602 3976 dum
659 3915 909 3976 ecclesia
960 3916 1074 3977 sibi
1121 3937 1154 3977 a
1202 3916 1657 3997 dispensatione
1707 3916 1913 3976 divina
1961 3918 2290 3977 commissa
2339 3915 2606 3976 strinuae
2643 3934 2850 3993 regere
2883 3929 3067 3995 atque

450 4024 792 4101 gubernare
844 4023 1103 4102 videtur,
1153 4022 1333 4084 nobis
1380 4024 1547 4104 apud
1582 4038 1901 4082 aeternum
1935 4021 2361 4083 retributorem
2400 4022 2744 4083 mercidum
2778 4020 3065 4102 suffragia

451 4127 800 4207 largiantur,
850 4144 908 4189 et
954 4128 1054 4189 ille
1095 4148 1207 4209 pro
1244 4144 1632 4209 peccatorum
1671 4144 2029 4190 nostrorum
2066 4129 2230 4189 mole
2263 4128 2680 4189 indesinenter
2712 4128 3066 4189 inmensum

453 4235 799 4296 Dominum
836 4236 1052 4297 debeat
1086 4238 1427 4318 deprecare.
1493 4234 1551 4315 [1.
1587 4256 1637 4297 c.
1675 4256 1811 4316 pag.
1849 4233 2150 4316 45—46.]

963 4406 1094 4468 Lib.
1128 4406 1166 4467 1.
1239 4427 1332 4484 19.
1404 4407 1876 4488 Preceptum
1924 4405 2013 4466 de
2061 4404 2558 4466 clericatum.

667 4532 730 4594 Si
778 4533 884 4610 eis,
933 4533 1044 4614 qui
1089 4554 1153 4595 se
1202 4534 1274 4594 ad
1325 4551 1488 4592 onus
1534 4532 1794 4593 clericati
1832 4531 2159 4593 transferre
2197 4531 2550 4605 deliberant,
2583 4530 2901 4592 licenciam
2938 4548 3068 4590 non

451 4659 773 4719 negamus,
806 4640 1232 4701 retributorem
1271 4639 1617 4700 Dominum
1653 4640 1869 4700 exinde
1904 4640 2128 4701 habere
2163 4639 2567 4715 confidemuS,
2601 4637 2746 4717 quia
2769 4639 3063 4699 scribtum

453 4763 576 4808 oet:
635 4748 816 4810 «Noli
855 4748 1135 4827 proibere
1171 4746 1512 4808 benefacire
1544 4746 1598 4806 ei
1630 4748 1740 4826 qui
1776 4763 2008 4827 potest:
2043 4749 2092 4808 si
2127 4748 2307 4819 valeS,
2340 4763 2396 4808 et
2430 4747 2558 4827 ipse
2591 4743 2903 4806 benefac».
2950 4744 3067 4823 lgi-

452 4870 554 4915 tur
600 4854 683 4914 illi
732 4855 807 4914 ad
852 4871 1126 4916 nostram
1159 4855 1410 4916 veniens
1439 4854 1810 4934 presentiam
1847 4857 2018 4935 petiit
2050 4856 2360 4917 serenitati
2395 4870 2657 4931 nostrae,
2691 4868 2759 4914 ut
2792 4853 2845 4913 ei
2880 4853 3067 4914 licen—

453 4960 599 5021 tiam
633 4960 898 5022 tribuere
933 4960 1318 5037 deberemuS‚
1361 4961 1624 5040 qualiter
1655 4979 1901 5022 comam
1935 4961 2112 5041 capiti
2146 4962 2241 5022 sui
2275 4961 2347 5021 ad
2383 4978 2546 5053 onus
2578 4959 2840 5020 clericati
2874 4960 3067 5039 depo-
