3684 5416
459 1018 484 1062 5

438 1607 492 1638 to

441 2049 490 2093 ι5

439 2625 501 2657 ’20

438 3161 496 3205 25

446 3696 508 3742 30

451 4228 510 4274 35

1175 380 1441 434 Potestas
1480 376 1857 433 ecclesiastica
1897 389 1953 432 et
1990 375 2291 447 imperium
2330 374 2507 431 civile.
3039 394 3066 431 2
3077 395 3103 447 5
3112 394 3140 447 5

538 566 860 646 pragensis
888 584 1033 626 cum
1064 564 1196 625 suis
1223 562 1669 644 appendicibus
1701 577 1805 622 aut
1825 561 2221 623 Concordata
2250 579 2396 621 cum
2416 560 2815 622 Pontificibus
2846 577 2952 621 aut
2984 560 3144 622 Inte-

536 673 824 734 rimistica
855 672 997 733 anni
1041 672 1201 750 1548
1236 669 1437 731 ullave
1469 668 1582 730 alia
1615 684 1835 730 statuta
1868 667 1994 728 sive
2029 667 2277 748 politica
2308 667 2432 728 sive
2464 667 2863 728 ecclesiastica
2884 668 3144 746 decreta,

533 778 1039 861 dispensationeS,
1086 777 1506 839 absolutiones
1550 777 1647 838 vel
1694 776 1856 838 ullae
1907 775 2076 851 aliae,
2122 795 2505 856 quocunque
2552 775 2806 836 nomine
2837 790 2940 835 aut
2973 794 3148 856 prae-

537 903 703 948 textu
754 885 1082 967 excogitari
1133 899 1443 965 poterunt,
1496 882 1889 965 exceptiones
1940 901 2217 962 unquam
2265 882 2625 961 allegentur,
2672 882 2999 943 audiantur
3043 897 3148 943 aut

538 993 951 1071 admittantur,
987 1010 1101 1054 nec
1132 991 1371 1072 uspiam
1404 1005 1610 1052 contra
1643 990 1801 1050 hanc
1819 988 2329 1050 Transactionem
2360 988 2423 1049 in
2457 988 2739 1068 petitorio
2769 1004 2876 1051 aut
2908 1007 3147 1069 posses-

537 1098 705 1159 sorio
748 1118 857 1160 seu
904 1097 1242 1158 inhibitorii
1285 1116 1397 1158 seu
1444 1095 1544 1157 alii
1590 1096 1924 1158 Processus
1968 1093 2065 1156 vel
2110 1095 2581 1156 commissiones
2628 1113 2906 1175 unquam
2941 1094 3149 1155 decer-

540 1221 784 1268 uantur.

1220 1358 1314 1411 69.
1365 1354 1876 1412 INNOCEN'HUS
1914 1355 1995 1410 X.
2035 1353 2471 1424 (mu-1655).

756 1503 1098 1558 ‘Bullarium
1136 1503 1367 1556 Roman.
1422 1501 1524 1554 Ed.
1552 1496 1941 1554 Taurinensis.
1982 1499 2154 1555 Tom.
2197 1497 2319 1551 XV.
2360 1514 2416 1569 p.
2456 1498 2558 1571 603
2598 1513 2720 1568 seq.
2794 1496 3152 1570 Phillips‚

546 1583 954 1637 Kircltenrecht.
983 1583 1018 1652 ξ
1055 1600 1166 1651 ¹41·
1193 1582 1367 1637 Tom.
1395 1580 1483 1634 111.
1511 1597 1564 1651 p.
1591 1597 1716 1651 477.
1768 1578 1867 1631 Ru
1885 1577 1912 1632 f
1923 1577 1950 1632 f
1960 1577 1975 1632 i
1994 1577 2093 1642 ni,
2136 1578 2349 1632 Libertci
2372 1580 2651 1647 religiosa,
2690 1595 2742 1649 p.
2773 1595 2891 1651 227.
2932 1579 2983 1632 K
3001 1596 3036 1633 o
3056 1579 3152 1640 ch,

544 1663 873 1718 Gesclu'clzte
908 1664 1002 1716 des
1039 1662 1330 1715 deutschen
1370 1661 1596 1715 Reiclees
1633 1664 1795 1713 unter
1821 1660 2134 1714 Ferdinand
2156 1660 2248 1713 111.
2294 1657 2461 1712 Wien
2497 1657 2859 1729 1865—1866.
2909 1658 3096 1714 Mirb
3115 1672 3152 1722 t,

545 1746 663 1798 Der
711 1745 1170 1814 Toleranzantrag
1205 1743 1301 1795 des
1338 1741 1646 1795 Centrums.
1689 1737 1926 1810 Leipzig
1961 1756 2108 1810 1902.
2135 1755 2189 1809 p.
2224 1757 2265 1792 1.

547 1879 893 1944 [Declaratio
943 1879 1210 1930 nullitatis
1260 1875 1624 1929 arith-telorum
1677 1879 1918 1944 nuperae
1958 1876 2119 1944 pacis
2157 1875 2496 1926 Germaniae
2546 1875 2807 1943 religioni
2836 1875 3155 1941 catholicae,

546 1960 675 2012 Sedi
707 1961 1067 2031 Apostolicae,
1116 1959 1378 2023 ecclesx'i5‚
1428 1958 1658 2025 aliisque
1709 1957 1847 2008 locis
1886 1957 1994 2026 piis
2044 1972 2113 2007 ac·
2152 1957 2408 2026 personis
2444 1959 2501 2007 et
2532 1956 2742 2009 iuribus
2777 1959 3156 2010 ecclesiasticis

1378 2037 1775 2109 quomodolibet
1797 2037 2318 2107 praeiudicakzliumJ

762 2166 911 2229 Zelo
943 2168 1172 2228 domus
1193 2167 1305 2227 Dei
1338 2167 1617 2227 animum
1651 2180 1936 2227 nostrum
1968 2164 2209 2225 assidue
2243 2180 2692 2242 commovente,
2727 2166 2789 2226 in
2821 2187 2958 2228 eam
2981 2189 3153 2249 prae-

551 2275 730 2357 cipue
762 2294 974 2335 curam
1003 2274 1223 2336 sedulo
1254 2272 1694 2350 incumbimus,
1729 2288 1796 2333 ut
1827 2272 2210 2333 orthodoxae
2245 2270 2388 2332 fidei
2409 2270 2734 2350 integritas,
2765 2293 2835 2334 ac
2856 2275 3157 2337 Ecclesiae

552 2380 886 2443 catholicae
920 2381 1185 2460 dignitas
1217 2396 1276 2441 et
1306 2380 1633 2441 auctoritas
1665 2379 1902 2460 ubique
1932 2393 2087 2439 sarta
2119 2392 2273 2438 tecta
2305 2393 2717 2457 conservetur,
2740 2399 2891 2440 neve
2914 2400 3155 2463 eorum,

553 2491 660 2570 qui
707 2503 1015 2570 quaerunt
1052 2508 1161 2549 sua
1196 2487 1402 2569 potius
1433 2505 1623 2567 quam
1659 2506 1818 2567 quae
1853 2485 1970 2546 Dei
2001 2500 2162 2561 sunt,
2195 2484 2351 2545 facto
2383 2484 2514 2545 iura
2548 2486 2965 2564 ecclesiastica,
2996 2507 3157 2568 quo-

554 2617 692 2660 rum
727 2612 1056 2658 assertores
1087 2616 1119 2656 a
1155 2595 1433 2656 Domino
1465 2593 1780 2656 constituti
1812 2611 2052 2668 summ,
2084 2591 2338 2671 aliquod
2374 2591 2806 2654 detrimentum
2836 2595 3157 2675 accipiant,

556 2724 811 2786 nosque.
850 2723 1145 2786 supremo
1179 2701 1366 2764 iudici
1400 2700 1706 2763 rationem
1726 2698 2113 2761 villicationis
2132 2714 2378 2760 nostrae
2402 2699 2717 2779 reddituri,
2752 2700 3158 2782 negligentiae

555 2813 617 2873 in
651 2812 876 2874 credita
907 2811 1087 2872 nobis
1117 2808 1644 2873 administratione
1677 2827 2031 2887 arguamur.

769 2927 798 2988 s
843 2939 889 2982 1.
953 2917 1114 2977 Sane
1147 2935 1293 2977 cum
1325 2916 1543 2977 intimo
1574 2914 1807 2977 doloris
1838 2934 2025 2975 sensu
2058 2914 2428 2995 accepimus,
2463 2915 2637 2995 quod
2669 2934 2779 2995 per
2810 2917 3162 2998 complures

556 3026 740 3089 unius
773 3024 1178 3103 OsnabrugiS,
1210 3024 1307 3084 die
1329 3023 1410 3084 VI
1443 3024 1688 3105 augusti
1724 3022 2057 3103 praesentis
2089 3023 2234 3083 anni
2256 3022 2707 3097 MDCXLvul,
2744 3022 2901 3083 inter
2934 3025 3160 3085 charis-

554 3134 782 3195 simum
815 3132 878 3193 in
913 3131 1162 3194 Christo
1195 3130 1395 3191 filium
1427 3147 1710 3192 nostrum
1747 3130 2210 3192 Ferdinandum
2234 3130 2596 3190 Romanum
2631 3149 2839 3209 regem
2872 3131 2935 3191 in
2968 3131 3163 3213 impe—

557 3257 822 3302 ratorem
854 3239 1116 3300 electum
1151 3256 1297 3298 cum
1328 3237 1456 3299 suis
1490 3238 1817 3299 foederatis
1850 3254 1907 3298 et
1940 3237 2379 3298 adherentibus
2411 3258 2483 3298 ex
2515 3258 2661 3317 una,
2683 3257 2753 3299 ac
2773 3239 3000 3300 Svecos
3020 3258 3163 3299 cum

560 3366 779 3408 eorum
827 3345 1035 3406 itidem
1089 3344 1416 3405 foederatis
1460 3360 1520 3404 et
1565 3344 2041 3405 adhaerentibus
2088 3364 2160 3405 ex
2207 3343 2410 3419 altera,
2442 3364 2687 3405 necnon
2721 3344 2967 3406 alterius
3001 3347 3167 3427 pacis

563 3452 913 3515 Monasterii
947 3451 1386 3532 Westphaliae,
1418 3451 1517 3511 die
1550 3450 1750 3511 XXIV
1770 3451 2037 3511 octobris
2070 3451 2348 3511 eiusdem
2370 3450 2514 3510 anni
2538 3451 2985 3529 MDCXLVIII,
3010 3453 3169 3514 inter

561 3561 853 3623 eumdem
901 3559 1367 3620 Ferdinandum
1417 3577 1624 3637 regem
1673 3556 1736 3618 in
1787 3557 2218 3637 imperatorem
2271 3556 2537 3617 electum
2587 3576 2731 3617 cum
2777 3558 2904 3618 suis
2950 3560 3169 3639 pariter

563 3665 886 3728 foederatis
918 3680 976 3725 et
1006 3664 1442 3726 adherentibus
1474 3684 1546 3724 ex
1579 3683 1722 3739 una,
1757 3678 1940 3743 atque
1962 3662 2388 3723 charissimum
2412 3663 2593 3723 etiam
2614 3663 2678 3724 in
2699 3664 2949 3726 Christo
2972 3665 3168 3727 filium

563 3790 849 3834 nostrum
881 3772 1271 3833 Ludovicum
1303 3771 1685 3832 Francorum
1718 3789 1924 3847 regem
1960 3768 2534 3830 christianissimum
2566 3788 2710 3830 cum
2741 3770 2867 3830 suis
2895 3771 3171 3834 similiter

565 3879 890 3941 foederatis
935 3898 1007 3939 ex
1053 3878 1238 3938 altera
1271 3878 1560 3959 partibus,
1609 3876 1941 3958 respective
1973 3875 2283 3950 initarum,
2320 3875 2611 3937 articulos
2641 3877 2997 3955 gravissima
3030 3880 3169 3940 reli-

566 3986 740 4069 gioni
773 3985 1126 4063 catholicae,
1163 3984 1374 4045 divino
1406 3983 1618 4057 cultui,
1679 3982 1822 4045 Sedi
1859 3981 2274 4063 Apostolicae,
2323 3998 2384 4042 et
2412 3983 2733 4043 Romanae
2765 4004 2834 4044 ac
2867 3985 3170 4048 inferiori-

567 4099 684 4157 bus
717 4092 1002 4169 ecclesiiS,
1037 4092 1367 4172 ordinique
1399 4090 1825 4168 ecclesiasticO,
1862 4108 1930 4150 ac
1961 4088 2506 4166 iurisdictionibus,
2543 4090 3022 4167 auctoritatibus,
3054 4093 3173 4154 im-

568 4200 990 4278 munitatibus,
1024 4199 1419 4275 libertatibus,
1456 4197 1970 4277 exemptionibus,
2004 4196 2351 4278 privilegiis,
2387 4199 2590 4273 rebuS,
2626 4197 2823 4273 bonis,
2845 4219 2915 4259 ac
2934 4198 3173 4261 iuribus

569 4309 817 4370 illorum
870 4307 1031 4367 illata
1084 4304 1336 4365 fuerunt
1386 4305 1775 4387 praejudicia.
1860 4304 2108 4365 Etenim
2156 4304 2540 4384 pactionibus
2586 4305 2801 4385 partim
2838 4306 3175 4387 utriusque,

570 4415 787 4497 partim
822 4413 1069 4475 alterius
1102 4412 1267 4494 pacis
1301 4413 1681 4491 huiusmodi,
1730 4413 1890 4474 inter
1921 4413 2055 4489 alia,
2092 4415 2255 4473 bona
2289 4411 2707 4489 ecclesiastica,
2742 4412 2890 4472 alias
2922 4416 2995 4473 ab
3031 4414 3174 4474 hae-

569 4522 769 4582 reticis
818 4536 1136 4600 occupata,
1190 4520 1305 4580 illis
1356 4539 1700 4601 eorumque
1747 4519 2210 4581 successoribus
2255 4519 2318 4579 in
2368 4534 2733 4600 perpetuum
2783 4519 3174 4601 addicuntur,

564 4628 887 4690 *haereticis
919 4631 1319 4706 Augustanae
1364 4643 1432 4688 ut
1478 4642 1698 4688 vocant
1730 4626 2140 4688 confessionis
2173 4627 2435 4686 liberum
2471 4645 2616 4686 suae
2652 4627 2973 4687 haereseos
3006 4647 3176 4688 exer—

569 4734 782 4795 citium
831 4734 892 4796 in
939 4734 1245 4815 plerisque
1289 4735 1440 4796 locis
1488 4734 1872 4815 permittitur,
1921 4748 1980 4794 et
2012 4735 2294 4795 locorum
2330 4754 2444 4815 pro
2476 4733 2868 4793 aedificandis
2901 4734 2976 4794 ad
3010 4735 3177 4795 hunc

571 4842 859 4903 effectum
906 4841 1148 4922 templis
1193 4841 1522 4921 assignatio
1570 4840 1963 4923 promittitur,
2013 4839 2255 4921 ipsique
2302 4858 2447 4900 cum
2481 4838 2793 4899 catholicis
2826 4840 2900 4899 ad
2938 4840 3175 4919 publica

571 4950 785 5011 munia
838 4966 898 5011 et
946 4948 1171 5028 officia,
1220 4970 1288 5010 ac
1333 4950 1410 5010 ad
1456 4948 1794 5010 nonnullos
1840 4947 2416 5028 archiepiscopatuS,
2465 4947 2876 5028 episcopatuS,
2911 4946 3181 5026 aliasque
