3684 5416
358 1553 410 1585 to

360 2086 405 2130 ¹5

354 2622 408 2654 20

353 3165 403 3207 25

356 4230 404 4273 35

359 4766 408 4803 10

1463 382 1729 437 Pontifex
1769 400 2064 438 romanus.
2973 403 3081 457 449

460 564 995 627 Constitutionem
1027 564 1336 626 edidimus
1375 567 1485 627 «In
1518 565 1636 627 hac
1665 567 1988 638 sublimi»,
2038 588 2160 648 qua
2193 567 2631 649 expeditiorem
2668 569 2924 630 fecimus
2956 569 3079 630 ele—

461 670 683 732 ctionis
718 671 898 732 viam.
936 671 1010 732 Et
1041 673 1339 752 quoniam
1374 673 1577 754 aliqua
1611 673 1833 735 clarius
1868 674 2244 755 explicanda,
2276 675 2390 735 alia
2412 695 2557 735 vero
2577 692 2746 736 erant
2778 675 3082 752 addenda,

461 779 524 839 id
557 796 726 839 anno
774 779 938 857 1874
969 779 1429 841 Constitutione
1469 781 1676 842 «Licet
1685 790 1810 862 per
1840 781 2296 862 Apostolicas»,
2325 798 2496 844 sexto
2528 782 2670 843 ldus
2704 783 3080 863 Septembris

460 885 848 968 perfecimus,
897 905 1051 966 quas
1097 888 1310 949 ambas
1344 887 1839 975 Constitutioqes
1878 906 2046 949 nunc
2080 888 2265 949 etiam
2299 889 2744 950 confirmamus
2777 906 2834 950 et
2867 891 2929 951 in
2961 908 3080 950 suo

462 996 684 1054 robore
734 1012 983 1054 manere
1034 992 1341 1055 volumus.
1421 994 1656 1055 Verum
1701 1011 1850 1055 cum
1901 994 2250 1075 perplexior
2300 995 2577 1075 quotidie
2627 996 2730 1056 fiat
2778 997 3079 1058 Ecclesiae

460 1100 754 1178 conditi0‚
804 1100 1108 1180 novisque
1152 1118 1398 1180 semper
1442 1101 1960 1163 circumveniatur
2007 1102 2264 1179 insidiis,
2299 1103 2582 1183 expedire
2617 1103 2934 1180 duximus,
2963 1103 3078 1164 alia

462 1207 703 1278 addere,
735 1207 975 1287 aliaque
1008 1226 1081 1268 ex
1113 1206 1236 1282 jam
1269 1207 1616 1268 constitutis
1649 1207 2032 1269 enucleatius
2065 1228 2397 1288 exponere.
2463 1208 2609 1284 Qua
2641 1210 2716 1271 de
2749 1229 2834 1286 re,
2885 1211 2969 1270 uti
3017 1211 3080 1271 in

464 1312 972 1393 praecedentibus
992 1313 1578 1391 Constitutionibus‚
1600 1314 1898 1375 instanter
1931 1314 2261 1396 implorato
2294 1334 2565 1397 superno
2597 1316 2854 1390 lumine,
2885 1333 2945 1378 et
2977 1338 3079 1378 ex-

462 1419 689 1501 quisito
737 1420 997 1480 consilio
1044 1421 1282 1501 aliquot
1330 1421 1389 1483 S.
1427 1422 1498 1483 R.
1527 1422 1593 1483 E.
1631 1422 2077 1497 Cardinalium,
2127 1442 2316 1502 reque
2350 1437 2596 1483 maturo
2629 1422 2907 1483 examine
2942 1442 3080 1503 per—

464 1546 670 1608 pensa,
704 1526 1179 1588 deliberavimus
1212 1548 1404 1589 novas
1438 1530 1619 1591 hasce
1654 1530 1831 1590 edere
1867 1530 2096 1590 Literas
2129 1530 2536 1610 Apostolicas,
2566 1529 2797 1609 quibus
2829 1544 2887 1589 et
2908 1549 3078 1610 prae-

461 1633 660 1694 teritas
706 1634 1280 1716 complecteremur,
1326 1652 1386 1697 et
1431 1637 1865 1698 exhiberemus
1913 1657 2002 1714 ea,
2049 1656 2208 1717 quae
2256 1637 2534 1697 addenda
2583 1651 2688 1696 aut
2719 1636 3079 1697 declaranda

462 1739 902 1816 iudicavimus;
955 1760 1021 1803 ut
1053 1742 1263 1804 omnia
1297 1762 1428 1804 uno
1465 1746 1580 1804 sub
1614 1760 1955 1824 conspectu
1993 1745 2230 1804 valeant
2264 1744 2493 1804 haberi.

673 1848 740 1909 ln
790 1850 991 1929 priore
1024 1849 1504 1926 Constitutione,
1552 1850 1862 1912 recensitis
1909 1851 2186 1912 edendae
2233 1849 2432 1911 causis
2481 1866 2538 1909 et
2571 1864 3081 1922 commemora10‚

460 1957 958 2037 confirmatoque
992 1957 1288 2038 privativo
1320 1957 1452 2017 iure
1485 1956 1672 2019 unius
1706 1956 1873 2018 Sacri
1905 1956 2171 2037 Collegii
2201 1956 2259 2019 S.
2297 1958 2370 2017 R.
2407 1957 2475 2016 E.
2512 1956 2938 2018 Cardinalium
2971 1955 3078 2015 eli-

460 2064 645 2143 gendi
682 2064 1039 2124 Romanum
1076 2064 1461 2141 Pontificem,
1508 2066 1761 2126 excluso
1794 2081 1978 2145 atque
2010 2079 2253 2125 remoto
2288 2063 2511 2144 quovis
2545 2063 2729 2124 laicae
2764 2063 3076 2144 potestatis

463 2169 782 2246 cujuslibet
826 2171 1054 2249 gradus
1099 2187 1158 2231 et
1204 2172 1578 2234 conditionis
1623 2172 1994 2249 interventu,
2042 2172 2118 2232 ad
2151 2171 2578 2233 submovenda
2613 2168 2921 2250 quaelibet
2954 2170 3078 2229 ele-

462 2276 683 2338 ctionis
715 2277 1152 2358 impedimenta
1193 2293 1405 2338 «motu
1442 2278 1696 2359 proprio
1729 2293 1787 2338 et
1819 2293 1978 2339 certa
2011 2276 2263 2339 scientia
2297 2278 2501 2358 deque
2535 2276 2931 2357 Apostolicae
2966 2293 3077 2355 po—

463 2383 687 2444 testatis
722 2385 978 2445 Nostrae
1031 2384 1413 2465 plenitudine
1466 2403 1581 2465 pro
1628 2384 1914 2462 comitiis,
1968 2404 2127 2465 quae
2179 2385 2254 2444 ad
2307 2386 2666 2445 Romanum
2716 2380 3078 2444 Pontificem

466 2490 734 2572 primum
769 2492 1068 2552 Nostrum
1103 2491 1537 2552 Successorem
1582 2491 1946 2569 eligendum
1996 2507 2177 2552 erunt
2224 2491 2507 2551 habenda
2539 2489 2976 2571 derogavimus
3008 2488 3080 2549 iis

465 2598 709 2675 regulis,
742 2618 902 2679 quae
937 2617 1045 2678 per
1079 2599 1467 2679 Apostolicas
1502 2600 1942 2660 Romanorum
1964 2597 2355 2674 Pontificum,
2387 2598 2452 2659 in
2487 2597 2875 2679 generalibus
2897 2596 3078 2657 etiam

462 2704 757 2768 Conciliis
789 2706 998 2779 editas,
1032 2705 1520 2768 Constitutiones
1553 2721 1612 2768 et
1643 2705 1790 2767 alias
1821 2725 2251 2787 quascumque
2273 2705 2618 2768 sanctiones
2636 2721 2783 2766 sunt
2804 2704 3081 2765 decretae

463 2814 537 2873 de
571 2815 951 2893 peragendae
986 2812 1304 2874 electionis
1336 2829 1612 2893 tempore
1645 2830 1715 2873 ac
1749 2813 1914 2891 loc0,
1949 2828 2008 2873 et
2031 2813 2107 2873 de
2131 2811 2429 2874 Conclavi
2452 2810 2706 2891 ejusque
2730 2810 3078 2887 clausura»,

461 2935 643 2999 atque
693 2919 920 2981 idcirco
978 2939 1235 2981 «omnes
1285 2919 1641 2981 Cardinales
1689 2940 1724 2980 a
1774 2917 2106 2996 juramenti
2159 2919 2433 2995 vinculo,
2499 2936 2629 2998 quo
2692 2915 3071 2999 supradictas

465 3027 1008 3088 Praedecessorum
1043 3028 1417 3087 Nostrorum
1449 3026 1942 3088 Constitutiones
1990 3046 2229 3087 servare
2284 3026 2672 3106 promittunt,
2703 3023 3080 3085 absolvimus

462 3153 576 3214 pro
609 3134 906 3194 electione
940 3134 1089 3214 ipsa,
1120 3150 1178 3194 et
1210 3134 1525 3195 absolutos
1562 3134 1688 3195 fore
1723 3134 2188 3212 declaravimuS,
2226 3152 2359 3195 non
2391 3133 2598 3195 solum
2632 3132 2695 3193 in
2717 3131 3081 3213 supradictis

462 3242 705 3303 illarum
753 3241 1332 3322 praescriptionibus
1380 3242 1456 3302 ad
1490 3242 1909 3304 Comitiorum
1946 3257 2194 3323 tempus
2225 3256 2283 3302 et
2316 3242 2547 3315 locum,
2583 3257 2764 3320 atque
2798 3240 2875 3300 ad
2906 3240 3078 3301 Con-

461 3348 627 3410 clave
676 3347 938 3429 ejusque
988 3348 1333 3409 clausuram
1389 3348 1827 3429 spectantibus,
1875 3367 2095 3409 verum
2141 3347 2325 3409 etiarn
2371 3347 2435 3407 in
2486 3346 2620 3408 aliis
2657 3346 2912 3407 minoris
2944 3366 3079 3406 mo-

461 3455 650 3516 menti
698 3454 1089 3516 caerimoniis
1135 3471 1193 3515 et
1237 3454 1749 3531 solemnitatibus,
1800 3454 1906 3515 ubi
1962 3455 2182 3514 harum
2217 3453 2564 3514 observatio
2599 3451 2684 3512 rei
2718 3452 2948 3511 exitum
2987 3470 3079 3510 re-

460 3562 696 3622 tardare
731 3562 985 3643 possit».
1050 3561 1293 3623 Clarius
1326 3576 1532 3621 autem
1567 3561 1717 3621 haec
1751 3559 2124 3639 explicantes
2159 3559 2219 3620 in
2254 3560 2438 3620 altera
2472 3557 2932 3621 Constitutione
2967 3558 3074 3618 ad-

462 3668 689 3745 dimuS,
737 3669 906 3749 quod
954 3667 1065 3728 etsi
1104 3668 1503 3730 ‹Cardinales
1536 3667 1818 3747 expedire
1859 3665 2222 3747 putaverint,
2255 3665 2622 3726 electionem
2661 3678 2800 3745 post
2831 3683 3073 3725 nonum

464 3776 706 3836 differre
752 3774 937 3849 diem,
986 3775 1166 3836 etiam
1215 3775 1278 3835 in
1327 3775 1448 3835 hoc
1480 3795 1623 3835 casu
1657 3774 1877 3835 iisdem
1910 3774 2113 3834 datam
2150 3793 2280 3833 esse
2315 3772 2663 3833 facultatem
2696 3771 2882 3849 legeS,
2919 3791 3079 3851 quae

463 3884 539 3944 ad
585 3882 935 3943 clausuram
966 3881 1294 3943 Conclavis
1343 3881 1667 3962 pertinent,
1716 3880 2022 3942 relaxandi
2055 3880 2181 3940 sive
2215 3878 2594 3941 moderandi.
2629 3878 2849 3958 quue
2884 3879 3077 3958 magis

464 3990 811 4050 facultatem
862 3989 1081 4050 iisdem
1130 3988 1566 4050 Cardinalibus
1618 3988 2011 4068 impertimur
2057 4006 2186 4047 non
2235 3985 2516 4048 servandi
2570 3983 2985 4045 caeremonias
3022 4001 3080 4044 et

463 4096 968 4178 praescriptiones
1014 4111 1356 4172 consuetas,
1404 4112 1461 4156 et
1507 4115 1693 4176 super
1740 4094 1956 4156 iisdem
2006 4095 2081 4155 de
2116 4113 2281 4153 novo
2317 4092 2690 4173 disponendi
2725 4091 3078 4172 praesertim

462 4223 610 4264 vero
643 4204 796 4264 circa
830 4204 1178 4265 custodiam
1212 4203 1560 4279 Conclavis,
1595 4223 1705 4263 seu
1741 4203 1861 4262 loci
1898 4202 1974 4262 ad
2008 4199 2371 4261 electionem
2406 4198 2698 4278 deputati,
2744 4198 2899 4259 circa
2933 4216 3079 4276 sup-

464 4311 902 4392 peditationem
936 4330 1144 4371 rerum
1175 4312 1251 4371 ad
1274 4311 1501 4371 victum
1538 4310 2001 4391 pertinentium,
2035 4307 2412 4388 qualitatem,
2449 4306 2625 4366 dotes
2657 4321 2714 4366 et
2749 4323 3080 4366 numerum

461 4437 865 4500 personarum
900 4416 1425 4478 admittendarum
1459 4416 1523 4478 in
1555 4415 1698 4476 loco
1733 4414 2063 4495 praedictO,
2097 4430 2398 4474 consueto
2433 4428 2640 4472 tamen
2665 4433 2793 4473 non
2814 4412 3076 4493 amplio-

464 4545 611 4599 rem,
644 4539 702 4585 et
735 4525 890 4585 circa
924 4524 1344 4585 emolumenta
1379 4524 1473 4584 vel
1506 4523 1810 4584 abolenda
1845 4522 1938 4583 vel
1976 4521 2371 4596 moderanda,
2393 4521 2633 4601 aliaque
2656 4519 3078 4582 huiusmodi».

676 4633 938 4693 Attentis
971 4647 1179 4692 autem
1212 4646 1567 4709 temporum
1601 4629 1928 4707 adjunctiS,
1962 4628 2400 4709 derogavimus
2432 4628 2688 4707 insuper
2710 4623 3081 4687 nominatim

467 4739 948 4802 ‹Constitutioni
982 4738 1267 4816 Gregorii
1316 4738 1387 4798 XL
1439 4737 1498 4796 in
1545 4736 1832 4798 Concilio
1882 4735 2293 4815 Lugdunensi
2341 4733 2409 4795 11.
2446 4752 2604 4815 quae
2654 4734 2863 4815 incipit
2916 4732 3086 4793 «Ubi

456 4848 840 4929 periculum»
900 4847 962 4907 in
1014 4865 1082 4906 ea
1133 4859 1321 4924 parte,
1368 4863 1525 4923 quae
1560 4842 1847 4903 Dominis
1895 4841 2153 4921 aliisque
2188 4841 2555 4902 Rectoribus
2603 4855 2662 4899 et
2695 4839 3081 4901 Officialibus

463 4953 736 5028 civitatiS,
786 4953 847 5013 in
900 4972 1020 5032 qua
1057 4951 1325 5013 Romani
1364 4950 1671 5013 pontificis
1722 4948 1939 5009 electio
1989 4947 2353 5008 celebranda
2407 4948 2500 5023 sit,
2555 4946 2976 5007 auctoritatem
3023 4962 3081 5006 et

625 5073 665 5117 G
682 5074 733 5115 al
751 5085 775 5114 a
792 5085 819 5114 n
835 5081 852 5115 t
869 5084 918 5114 e:
950 5071 1118 5114 Fontes
1146 5070 1228 5121 iur.
1256 5083 1354 5114 can.
2731 5065 2798 5118 29
