<?xml version="1.0" encoding="UTF-8"?>
<!DOCTYPE html PUBLIC "-//W3C//DTD XHTML 1.0 Transitional//EN"
    "http://www.w3.org/TR/xhtml1/DTD/xhtml1-transitional.dtd">
<html xmlns="http://www.w3.org/1999/xhtml" xml:lang="en" lang="en">
 <head>
  <title>
</title>
<meta http-equiv="Content-Type" content="text/html;charset=utf-8" />
  <meta name='ocr-system' content='tesseract 3.04.00' />
  <meta name='ocr-capabilities' content='ocr_page ocr_carea ocr_par ocr_line ocrx_word'/>
</head>
<body>
  <div class='ocr_page' id='page_1' title='image "./fontesiuriscano00unkngoog/fontesiuriscano00unkngoog_0225.png"; bbox 0 0 3684 5416; ppageno 0'>
   <div class='ocr_carea' id='block_1_1' title="bbox 333 1767 386 1797">
    <p class='ocr_par' dir='ltr' id='par_1_1' title="bbox 333 1767 386 1797">
     <span class='ocr_line' id='line_1_1' title="bbox 333 1767 386 1797; baseline 0 0"><span class='ocrx_word' id='word_1_1' title='bbox 333 1767 386 1797; x_wconf 80' lang='lat'>10</span> 
     </span>
    </p>
   </div>
   <div class='ocr_carea' id='block_1_2' title="bbox 334 2215 382 2257">
    <p class='ocr_par' dir='ltr' id='par_1_2' title="bbox 334 2215 382 2257">
     <span class='ocr_line' id='line_1_2' title="bbox 334 2215 382 2257; baseline 0 0"><span class='ocrx_word' id='word_1_2' title='bbox 334 2215 382 2257; x_wconf 76' lang='lat'>¹5</span> 
     </span>
    </p>
   </div>
   <div class='ocr_carea' id='block_1_3' title="bbox 329 2755 388 2785">
    <p class='ocr_par' dir='ltr' id='par_1_3' title="bbox 329 2755 388 2785">
     <span class='ocr_line' id='line_1_3' title="bbox 329 2755 388 2785; baseline 0 0"><span class='ocrx_word' id='word_1_3' title='bbox 329 2755 388 2785; x_wconf 78' lang='lat'>20</span> 
     </span>
    </p>
   </div>
   <div class='ocr_carea' id='block_1_4' title="bbox 331 3288 386 3330">
    <p class='ocr_par' dir='ltr' id='par_1_4' title="bbox 331 3288 386 3330">
     <span class='ocr_line' id='line_1_4' title="bbox 331 3288 386 3330; baseline 0 0"><span class='ocrx_word' id='word_1_4' title='bbox 331 3288 386 3330; x_wconf 71' lang='lat'>25</span> 
     </span>
    </p>
   </div>
   <div class='ocr_carea' id='block_1_5' title="bbox 333 3825 392 3867">
    <p class='ocr_par' dir='ltr' id='par_1_5' title="bbox 333 3825 392 3867">
     <span class='ocr_line' id='line_1_5' title="bbox 333 3825 392 3867; baseline 0 0"><span class='ocrx_word' id='word_1_5' title='bbox 333 3825 392 3867; x_wconf 50' lang='grc' dir='ltr'>,ΨΟ</span> 
     </span>
    </p>
   </div>
   <div class='ocr_carea' id='block_1_6' title="bbox 337 4361 391 4405">
    <p class='ocr_par' dir='ltr' id='par_1_6' title="bbox 337 4361 391 4405">
     <span class='ocr_line' id='line_1_6' title="bbox 337 4361 391 4405; baseline -0.019 0"><span class='ocrx_word' id='word_1_6' title='bbox 337 4361 391 4405; x_wconf 68' lang='lat'>35</span> 
     </span>
    </p>
   </div>
   <div class='ocr_carea' id='block_1_7' title="bbox 339 4898 399 4938">
    <p class='ocr_par' dir='ltr' id='par_1_7' title="bbox 339 4898 399 4938">
     <span class='ocr_line' id='line_1_7' title="bbox 339 4898 399 4938; baseline 0 -11"><span class='ocrx_word' id='word_1_7' title='bbox 339 4898 399 4938; x_wconf 77' lang='lat'>40</span> 
     </span>
    </p>
   </div>
   <div class='ocr_carea' id='block_1_8' title="bbox 1081 396 3052 472">
    <p class='ocr_par' dir='ltr' id='par_1_8' title="bbox 1081 396 3052 472">
     <span class='ocr_line' id='line_1_8' title="bbox 1081 396 3052 472; baseline 0.002 -20"><span class='ocrx_word' id='word_1_8' title='bbox 1081 398 1346 453; x_wconf 80' lang='lat' dir='ltr'>Potestas</span> <span class='ocrx_word' id='word_1_9' title='bbox 1384 396 1767 453; x_wconf 85' lang='lat' dir='ltr'>ecclesiastica</span> <span class='ocrx_word' id='word_1_10' title='bbox 1806 412 1864 453; x_wconf 88' lang='lat' dir='ltr'>et</span> <span class='ocrx_word' id='word_1_11' title='bbox 1900 398 2204 470; x_wconf 89' lang='lat' dir='ltr'>imperium</span> <span class='ocrx_word' id='word_1_12' title='bbox 2245 399 2422 456; x_wconf 79' lang='lat' dir='ltr'>civile.</span> <span class='ocrx_word' id='word_1_13' title='bbox 2960 403 3052 472; x_wconf 81' lang='lat'>185</span> 
     </span>
    </p>
   </div>
   <div class='ocr_carea' id='block_1_9' title="bbox 1163 476 1324 480">
    <p class='ocr_par' dir='ltr' id='par_1_9' title="bbox 1163 476 1324 480">
     <span class='ocr_line' id='line_1_9' title="bbox 1163 476 1324 480; baseline 0 0"><span class='ocrx_word' id='word_1_14' title='bbox 1163 476 1324 480; x_wconf 95' lang='lat' dir='ltr'> </span> 
     </span>
    </p>
   </div>
   <div class='ocr_carea' id='block_1_10' title="bbox 1337 476 1538 482">
    <p class='ocr_par' dir='ltr' id='par_1_10' title="bbox 1337 476 1538 482">
     <span class='ocr_line' id='line_1_10' title="bbox 1337 476 1538 482; baseline 0 0"><span class='ocrx_word' id='word_1_15' title='bbox 1337 476 1538 482; x_wconf 95' lang='lat' dir='ltr'> </span> 
     </span>
    </p>
   </div>
   <div class='ocr_carea' id='block_1_11' title="bbox 1565 477 1907 482">
    <p class='ocr_par' dir='ltr' id='par_1_11' title="bbox 1565 477 1907 482">
     <span class='ocr_line' id='line_1_11' title="bbox 1565 477 1907 482; baseline 0 0"><span class='ocrx_word' id='word_1_16' title='bbox 1565 477 1907 482; x_wconf 95' lang='lat' dir='ltr'> </span> 
     </span>
    </p>
   </div>
   <div class='ocr_carea' id='block_1_12' title="bbox 2212 479 2663 486">
    <p class='ocr_par' dir='ltr' id='par_1_12' title="bbox 2212 479 2663 486">
     <span class='ocr_line' id='line_1_12' title="bbox 2212 479 2663 486; baseline 0 4930"><span class='ocrx_word' id='word_1_17' title='bbox 2212 479 2663 486; x_wconf 95' lang='lat' dir='ltr'> </span> 
     </span>
    </p>
   </div>
   <div class='ocr_carea' id='block_1_13' title="bbox 439 582 3060 1416">
    <p class='ocr_par' dir='ltr' id='par_1_13' title="bbox 439 582 3060 1416">
     <span class='ocr_line' id='line_1_13' title="bbox 440 582 3055 670; baseline 0.002 -26"><span class='ocrx_word' id='word_1_18' title='bbox 440 583 758 659; x_wconf 85' lang='lat' dir='ltr'>moriatur,</span> <span class='ocrx_word' id='word_1_19' title='bbox 793 583 1088 646; x_wconf 88' lang='lat' dir='ltr'>dominus</span> <span class='ocrx_word' id='word_1_20' title='bbox 1121 602 1276 665; x_wconf 89' lang='lat' dir='ltr'>papa</span> <span class='ocrx_word' id='word_1_21' title='bbox 1311 599 1369 644; x_wconf 88' lang='lat' dir='ltr'>et</span> <span class='ocrx_word' id='word_1_22' title='bbox 1400 582 1738 645; x_wconf 78' lang='lat' dir='ltr'>cardinales</span> <span class='ocrx_word' id='word_1_23' title='bbox 1769 600 1828 645; x_wconf 89' lang='lat' dir='ltr'>et</span> <span class='ocrx_word' id='word_1_24' title='bbox 1862 585 2116 647; x_wconf 87' lang='lat' dir='ltr'>ecclesia</span> <span class='ocrx_word' id='word_1_25' title='bbox 2141 585 2425 648; x_wconf 84' lang='lat' dir='ltr'>Romana</span> <span class='ocrx_word' id='word_1_26' title='bbox 2458 586 2822 649; x_wconf 88' lang='lat' dir='ltr'>iamdictam</span> <span class='ocrx_word' id='word_1_27' title='bbox 2842 608 3055 670; x_wconf 81' lang='lat' dir='ltr'>pacem</span> 
     </span>
     <span class='ocr_line' id='line_1_14' title="bbox 440 689 3057 774; baseline 0.003 -24"><span class='ocrx_word' id='word_1_28' title='bbox 440 689 699 751; x_wconf 85' lang='lat' dir='ltr'>firmiter</span> <span class='ocrx_word' id='word_1_29' title='bbox 729 692 1145 752; x_wconf 87' lang='lat' dir='ltr'>observabunt</span> <span class='ocrx_word' id='word_1_30' title='bbox 1176 691 1515 753; x_wconf 83' lang='lat' dir='ltr'>successori</span> <span class='ocrx_word' id='word_1_31' title='bbox 1548 711 1666 753; x_wconf 90' lang='lat' dir='ltr'>suo</span> <span class='ocrx_word' id='word_1_32' title='bbox 1699 708 1756 753; x_wconf 89' lang='lat' dir='ltr'>et</span> <span class='ocrx_word' id='word_1_33' title='bbox 1788 689 2093 774; x_wconf 86' lang='lat' dir='ltr'>B(eatrici)</span> <span class='ocrx_word' id='word_1_34' title='bbox 2147 693 2302 755; x_wconf 87' lang='lat' dir='ltr'>felici</span> <span class='ocrx_word' id='word_1_35' title='bbox 2349 695 2525 757; x_wconf 81' lang='lat' dir='ltr'>uxori</span> <span class='ocrx_word' id='word_1_36' title='bbox 2571 695 2705 757; x_wconf 87' lang='lat' dir='ltr'>eius</span> <span class='ocrx_word' id='word_1_37' title='bbox 2737 712 2798 757; x_wconf 86' lang='lat' dir='ltr'>et</span> <span class='ocrx_word' id='word_1_38' title='bbox 2829 696 3057 757; x_wconf 84' lang='lat' dir='ltr'>Herico</span> 
     </span>
     <span class='ocr_line' id='line_1_15' title="bbox 442 795 3056 880; baseline 0.003 -25"><span class='ocrx_word' id='word_1_39' title='bbox 442 796 570 875; x_wconf 81' lang='lat' dir='ltr'>regi</span> <span class='ocrx_word' id='word_1_40' title='bbox 617 795 746 857; x_wconf 82' lang='lat' dir='ltr'>filio</span> <span class='ocrx_word' id='word_1_41' title='bbox 791 797 926 858; x_wconf 89' lang='lat' dir='ltr'>eius</span> <span class='ocrx_word' id='word_1_42' title='bbox 973 813 1032 859; x_wconf 91' lang='lat' dir='ltr'>et</span> <span class='ocrx_word' id='word_1_43' title='bbox 1064 798 1360 859; x_wconf 89' lang='lat' dir='ltr'>omnibus</span> <span class='ocrx_word' id='word_1_44' title='bbox 1391 799 1469 859; x_wconf 91' lang='lat' dir='ltr'>de</span> <span class='ocrx_word' id='word_1_45' title='bbox 1501 798 1901 860; x_wconf 87' lang='lat' dir='ltr'>Theutonico</span> <span class='ocrx_word' id='word_1_46' title='bbox 1934 818 2128 878; x_wconf 82' lang='lat' dir='ltr'>regno</span> <span class='ocrx_word' id='word_1_47' title='bbox 2162 818 2219 862; x_wconf 88' lang='lat' dir='ltr'>et</span> <span class='ocrx_word' id='word_1_48' title='bbox 2253 800 2464 862; x_wconf 85' lang='lat' dir='ltr'>ceteris</span> <span class='ocrx_word' id='word_1_49' title='bbox 2494 800 2879 864; x_wconf 90' lang='lat' dir='ltr'>adiutoribus</span> <span class='ocrx_word' id='word_1_50' title='bbox 2909 801 3056 880; x_wconf 77' lang='lat' dir='ltr'>suis,</span> 
     </span>
     <span class='ocr_line' id='line_1_16' title="bbox 439 903 3055 987; baseline 0.003 -24"><span class='ocrx_word' id='word_1_51' title='bbox 439 903 595 963; x_wconf 87' lang='lat' dir='ltr'>sicut</span> <span class='ocrx_word' id='word_1_52' title='bbox 638 904 1042 984; x_wconf 86' lang='lat' dir='ltr'>prescriptum</span> <span class='ocrx_word' id='word_1_53' title='bbox 1089 922 1195 966; x_wconf 90' lang='lat' dir='ltr'>est.</span> <span class='ocrx_word' id='word_1_54' title='bbox 1259 906 1334 966; x_wconf 82' lang='lat' dir='ltr'>Et</span> <span class='ocrx_word' id='word_1_55' title='bbox 1377 924 1760 968; x_wconf 83' lang='lat' dir='ltr'>successores</span> <span class='ocrx_word' id='word_1_56' title='bbox 1806 905 2044 968; x_wconf 86' lang='lat' dir='ltr'>domini</span> <span class='ocrx_word' id='word_1_57' title='bbox 2092 925 2249 987; x_wconf 89' lang='lat' dir='ltr'>pape</span> <span class='ocrx_word' id='word_1_58' title='bbox 2292 907 2569 969; x_wconf 86' lang='lat' dir='ltr'>similiter</span> <span class='ocrx_word' id='word_1_59' title='bbox 2624 911 3055 971; x_wconf 85' lang='lat' dir='ltr'>observabunt.</span> 
     </span>
     <span class='ocr_line' id='line_1_17' title="bbox 655 1011 3059 1096; baseline 0.002 -26"><span class='ocrx_word' id='word_1_60' title='bbox 655 1011 695 1084; x_wconf 61' lang='grc' dir='ltr'>ἦ·</span> <span class='ocrx_word' id='word_1_61' title='bbox 745 1011 1158 1072; x_wconf 85' lang='lat' dir='ltr'>Wicmannus</span> <span class='ocrx_word' id='word_1_62' title='bbox 1195 1012 1686 1092; x_wconf 81' lang='lat' dir='ltr'>Madiburgensis</span> <span class='ocrx_word' id='word_1_63' title='bbox 1719 1012 2220 1095; x_wconf 85' lang='lat' dir='ltr'>archiepiscopus</span> <span class='ocrx_word' id='word_1_64' title='bbox 2252 1013 2603 1095; x_wconf 88' lang='lat' dir='ltr'>subscripsi.</span> <span class='ocrx_word' id='word_1_65' title='bbox 2635 1047 2721 1059; x_wconf 88' lang='lat'>·—-</span> <span class='ocrx_word' id='word_1_66' title='bbox 2753 1016 2793 1090; x_wconf 88' lang='lat'>†</span> <span class='ocrx_word' id='word_1_67' title='bbox 2826 1015 3059 1096; x_wconf 86' lang='lat' dir='ltr'>Philip-</span> 
     </span>
     <span class='ocr_line' id='line_1_18' title="bbox 443 1117 3060 1202; baseline 0.002 -24"><span class='ocrx_word' id='word_1_68' title='bbox 443 1137 564 1198; x_wconf 92' lang='lat' dir='ltr'>pus</span> <span class='ocrx_word' id='word_1_69' title='bbox 583 1117 979 1180; x_wconf 89' lang='lat' dir='ltr'>Coloniensis</span> <span class='ocrx_word' id='word_1_70' title='bbox 999 1119 1500 1202; x_wconf 79' lang='lat' dir='ltr'>archiepiscopus</span> <span class='ocrx_word' id='word_1_71' title='bbox 1530 1120 1881 1201; x_wconf 86' lang='lat' dir='ltr'>subscripsi.</span> <span class='ocrx_word' id='word_1_72' title='bbox 1915 1153 2001 1164; x_wconf 92' lang='lat'>--</span> <span class='ocrx_word' id='word_1_73' title='bbox 2033 1121 2074 1197; x_wconf 85' lang='lat'>†</span> <span class='ocrx_word' id='word_1_74' title='bbox 2097 1122 2229 1202; x_wconf 79' lang='lat' dir='ltr'>Ego</span> <span class='ocrx_word' id='word_1_75' title='bbox 2248 1121 2634 1184; x_wconf 83' lang='lat' dir='ltr'>Christianus</span> <span class='ocrx_word' id='word_1_76' title='bbox 2656 1122 3060 1202; x_wconf 68' lang='lat' dir='ltr'>maguntinus</span> 
     </span>
     <span class='ocr_line' id='line_1_19' title="bbox 441 1224 3060 1310; baseline 0.002 -27"><span class='ocrx_word' id='word_1_77' title='bbox 441 1224 946 1305; x_wconf 84' lang='lat' dir='ltr'>archiepiscopus</span> <span class='ocrx_word' id='word_1_78' title='bbox 982 1226 1331 1306; x_wconf 86' lang='lat' dir='ltr'>subscripsi.</span> <span class='ocrx_word' id='word_1_79' title='bbox 1378 1259 1464 1270; x_wconf 88' lang='lat'>—</span> <span class='ocrx_word' id='word_1_80' title='bbox 1510 1227 1550 1300; x_wconf 83' lang='lat'>†</span> <span class='ocrx_word' id='word_1_81' title='bbox 1583 1226 1717 1307; x_wconf 89' lang='lat' dir='ltr'>Ego</span> <span class='ocrx_word' id='word_1_82' title='bbox 1752 1227 2075 1289; x_wconf 84' lang='lat' dir='ltr'>Arnuldus</span> <span class='ocrx_word' id='word_1_83' title='bbox 2107 1228 2515 1291; x_wconf 87' lang='lat' dir='ltr'>Treuerensis</span> <span class='ocrx_word' id='word_1_84' title='bbox 2563 1228 3060 1310; x_wconf 86' lang='lat' dir='ltr'>archiepiscopus</span> 
     </span>
     <span class='ocr_line' id='line_1_20' title="bbox 453 1331 2804 1416; baseline 0.002 -26"><span class='ocrx_word' id='word_1_85' title='bbox 453 1331 809 1410; x_wconf 89' lang='lat' dir='ltr'>subscripsi.</span> <span class='ocrx_word' id='word_1_86' title='bbox 841 1364 930 1374; x_wconf 94' lang='lat'>--</span> <span class='ocrx_word' id='word_1_87' title='bbox 961 1331 1001 1406; x_wconf 63' lang='grc' dir='ltr'>ἦ·</span> <span class='ocrx_word' id='word_1_88' title='bbox 1034 1332 1170 1411; x_wconf 85' lang='lat' dir='ltr'>Ego</span> <span class='ocrx_word' id='word_1_89' title='bbox 1202 1333 1522 1393; x_wconf 79' lang='lat' dir='ltr'>Arduinus</span> <span class='ocrx_word' id='word_1_90' title='bbox 1555 1333 1885 1415; x_wconf 84' lang='lat' dir='ltr'>imperialis</span> <span class='ocrx_word' id='word_1_91' title='bbox 1918 1334 2427 1413; x_wconf 83' lang='lat' dir='ltr'>prothonotarius</span> <span class='ocrx_word' id='word_1_92' title='bbox 2455 1334 2804 1416; x_wconf 89' lang='lat' dir='ltr'>subscripsi.</span> 
     </span>
    </p>
   </div>
   <div class='ocr_carea' id='block_1_14' title="bbox 1109 1585 2390 1658">
    <p class='ocr_par' dir='ltr' id='par_1_14' title="bbox 1109 1585 2390 1658">
     <span class='ocr_line' id='line_1_21' title="bbox 1109 1585 2390 1658; baseline 0.003 -18"><span class='ocrx_word' id='word_1_93' title='bbox 1109 1585 1199 1641; x_wconf 72' lang='lat'>55.</span> <span class='ocrx_word' id='word_1_94' title='bbox 1254 1585 1756 1642; x_wconf 70' lang='lat' dir='ltr'>INNOCENTIUS</span> <span class='ocrx_word' id='word_1_95' title='bbox 1797 1588 1916 1643; x_wconf 92' lang='lat'>111.</span> <span class='ocrx_word' id='word_1_96' title='bbox 1956 1587 2390 1658; x_wconf 70' lang='lat' dir='ltr'>(nas—1216.)</span> 
     </span>
    </p>
   </div>
   <div class='ocr_carea' id='block_1_15' title="bbox 441 1746 3059 1904">
    <p class='ocr_par' dir='ltr' id='par_1_15' title="bbox 441 1746 3059 1904">
     <span class='ocr_line' id='line_1_22' title="bbox 441 1746 3059 1823; baseline 0 -23"><span class='ocrx_word' id='word_1_97' title='bbox 441 1756 503 1809; x_wconf 75' lang='lat' dir='ltr'>a)</span> <span class='ocrx_word' id='word_1_98' title='bbox 562 1746 1065 1801; x_wconf 85' lang='lat' dir='ltr'>Innocentius</span> <span class='ocrx_word' id='word_1_99' title='bbox 1109 1747 1195 1802; x_wconf 89' lang='lat'>111.</span> <span class='ocrx_word' id='word_1_100' title='bbox 1262 1748 1533 1803; x_wconf 84' lang='lat' dir='ltr'>Alexio</span> <span class='ocrx_word' id='word_1_101' title='bbox 1575 1748 2535 1820; x_wconf 87' lang='lat' dir='ltr'>Constantinopolitorum</span> <span class='ocrx_word' id='word_1_102' title='bbox 2588 1749 3059 1823; x_wconf 85' lang='lat' dir='ltr'>Imperatori.</span> 
     </span>
     <span class='ocr_line' id='line_1_23' title="bbox 819 1827 2678 1904; baseline 0.002 -22"><span class='ocrx_word' id='word_1_103' title='bbox 819 1827 1132 1897; x_wconf 76' lang='lat' dir='ltr'>[Potthast</span> <span class='ocrx_word' id='word_1_104' title='bbox 1154 1846 1204 1881; x_wconf 88' lang='lat' dir='ltr'>n.</span> <span class='ocrx_word' id='word_1_105' title='bbox 1237 1831 1418 1897; x_wconf 77' lang='lat'><em>1278;</em></span> <span class='ocrx_word' id='word_1_106' title='bbox 1455 1829 1511 1882; x_wconf 91' lang='lat' dir='ltr'>in</span> <span class='ocrx_word' id='word_1_107' title='bbox 1540 1846 1587 1883; x_wconf 93' lang='lat' dir='ltr'>c.</span> <span class='ocrx_word' id='word_1_108' title='bbox 1617 1831 1669 1883; x_wconf 89' lang='lat' dir='ltr'>b.</span> <span class='ocrx_word' id='word_1_109' title='bbox 1699 1828 1766 1882; x_wconf 91' lang='lat' dir='ltr'>X.</span> <span class='ocrx_word' id='word_1_110' title='bbox 1795 1829 1896 1894; x_wconf 88' lang='lat' dir='ltr'>(de</span> <span class='ocrx_word' id='word_1_111' title='bbox 1925 1830 2127 1883; x_wconf 87' lang='lat' dir='ltr'>maior.</span> <span class='ocrx_word' id='word_1_112' title='bbox 2154 1841 2212 1884; x_wconf 89' lang='lat' dir='ltr'>et</span> <span class='ocrx_word' id='word_1_113' title='bbox 2237 1830 2481 1896; x_wconf 85' lang='lat' dir='ltr'>oboed.)</span> <span class='ocrx_word' id='word_1_114' title='bbox 2506 1829 2542 1883; x_wconf 94' lang='lat' dir='ltr'>I.</span> <span class='ocrx_word' id='word_1_115' title='bbox 2574 1829 2678 1904; x_wconf 87' lang='lat'>33.]</span> 
     </span>
    </p>
   </div>
   <div class='ocr_carea' id='block_1_16' title="bbox 423 1950 3079 5059">
    <p class='ocr_par' dir='ltr' id='par_1_16' title="bbox 443 1950 3063 2347">
     <span class='ocr_line' id='line_1_24' title="bbox 658 1950 3060 2026; baseline 0.002 -20"><span class='ocrx_word' id='word_1_116' title='bbox 658 1955 687 1984; x_wconf 70' lang='lat'>⁸</span> <span class='ocrx_word' id='word_1_117' title='bbox 740 1953 952 2025; x_wconf 88' lang='lat' dir='ltr'>Corpus</span> <span class='ocrx_word' id='word_1_118' title='bbox 988 1955 1129 2007; x_wconf 85' lang='lat' dir='ltr'>iuris</span> <span class='ocrx_word' id='word_1_119' title='bbox 1166 1956 1428 2008; x_wconf 87' lang='lat' dir='ltr'>canonici.</span> <span class='ocrx_word' id='word_1_120' title='bbox 1483 1954 1572 2008; x_wconf 91' lang='lat' dir='ltr'>ed.</span> <span class='ocrx_word' id='word_1_121' title='bbox 1611 1950 2050 2024; x_wconf 73' lang='lat' dir='ltr'>Priedberg.</span> <span class='ocrx_word' id='word_1_122' title='bbox 2111 1951 2335 2024; x_wconf 86' lang='lat' dir='ltr'>Lipsiae</span> <span class='ocrx_word' id='word_1_123' title='bbox 2387 1952 2746 2026; x_wconf 82' lang='lat'>1879—1881.</span> <span class='ocrx_word' id='word_1_124' title='bbox 2786 1953 2960 2008; x_wconf 86' lang='lat' dir='ltr'>Tom.</span> <span class='ocrx_word' id='word_1_125' title='bbox 3000 1953 3060 2010; x_wconf 90' lang='lat'>11.</span> 
     </span>
     <span class='ocr_line' id='line_1_25' title="bbox 443 2030 3063 2105; baseline 0.002 -20"><span class='ocrx_word' id='word_1_126' title='bbox 443 2031 551 2086; x_wconf 88' lang='lat' dir='ltr'>col.</span> <span class='ocrx_word' id='word_1_127' title='bbox 590 2032 701 2103; x_wconf 83' lang='lat'>196.</span> <span class='ocrx_word' id='word_1_128' title='bbox 764 2030 1043 2104; x_wconf 85' lang='lat' dir='ltr'>Migne,</span> <span class='ocrx_word' id='word_1_129' title='bbox 1082 2032 1233 2088; x_wconf 88' lang='lat' dir='ltr'>Patr.</span> <span class='ocrx_word' id='word_1_130' title='bbox 1272 2035 1483 2088; x_wconf 85' lang='lat' dir='ltr'>Latina.</span> <span class='ocrx_word' id='word_1_131' title='bbox 1523 2033 1696 2087; x_wconf 87' lang='lat' dir='ltr'>Torn.</span> <span class='ocrx_word' id='word_1_132' title='bbox 1726 2033 1847 2089; x_wconf 84' lang='lat'>216.</span> <span class='ocrx_word' id='word_1_133' title='bbox 1875 2050 1929 2104; x_wconf 87' lang='lat' dir='ltr'>p.</span> <span class='ocrx_word' id='word_1_134' title='bbox 1967 2032 2115 2088; x_wconf 72' lang='lat'>1182.</span> <span class='ocrx_word' id='word_1_135' title='bbox 2180 2031 2487 2094; x_wconf 81' lang='lat' dir='ltr'>Hurter.</span> <span class='ocrx_word' id='word_1_136' title='bbox 2528 2032 2855 2088; x_wconf 70' lang='lat' dir='ltr'>Gescliiclzte</span> <span class='ocrx_word' id='word_1_137' title='bbox 2892 2033 3063 2105; x_wconf 60' lang='lat' dir='ltr'>Papa</span> 
     </span>
     <span class='ocr_line' id='line_1_26' title="bbox 445 2111 3059 2184; baseline 0 -18"><span class='ocrx_word' id='word_1_138' title='bbox 445 2115 705 2184; x_wconf 57' lang='lat' dir='ltr'>Innocenz</span> <span class='ocrx_word' id='word_1_139' title='bbox 745 2113 838 2166; x_wconf 86' lang='lat' dir='ltr'>III.</span> <span class='ocrx_word' id='word_1_140' title='bbox 878 2114 996 2166; x_wconf 84' lang='lat' dir='ltr'>und</span> <span class='ocrx_word' id='word_1_141' title='bbox 1026 2116 1204 2168; x_wconf 85' lang='lat' dir='ltr'>seiner</span> <span class='ocrx_word' id='word_1_142' title='bbox 1240 2114 1635 2184; x_wconf 55' lang='lat' dir='ltr'>Zeitgenossen.</span> <span class='ocrx_word' id='word_1_143' title='bbox 1677 2114 1979 2184; x_wconf 84' lang='lat' dir='ltr'>Hamburg</span> <span class='ocrx_word' id='word_1_144' title='bbox 2026 2111 2386 2184; x_wconf 75' lang='lat'><strong>¹84¹-1843·</strong></span> <span class='ocrx_word' id='word_1_145' title='bbox 2424 2113 2597 2168; x_wconf 87' lang='lat' dir='ltr'>Tom.</span> <span class='ocrx_word' id='word_1_146' title='bbox 2626 2113 2663 2166; x_wconf 93' lang='lat'>1.</span> <span class='ocrx_word' id='word_1_147' title='bbox 2703 2130 2756 2184; x_wconf 84' lang='lat' dir='ltr'>p.</span> <span class='ocrx_word' id='word_1_148' title='bbox 2807 2130 2904 2182; x_wconf 77' lang='lat'>¹04</span> <span class='ocrx_word' id='word_1_149' title='bbox 2940 2131 3059 2184; x_wconf 85' lang='lat' dir='ltr'>seq.</span> 
     </span>
     <span class='ocr_line' id='line_1_27' title="bbox 443 2192 3060 2264; baseline -0.001 -16"><span class='ocrx_word' id='word_1_150' title='bbox 443 2192 849 2257; x_wconf 88' lang='lat' dir='ltr'>Buchaire‚</span> <span class='ocrx_word' id='word_1_151' title='bbox 903 2195 1164 2249; x_wconf 83' lang='lat' dir='ltr'>Innocent</span> <span class='ocrx_word' id='word_1_152' title='bbox 1196 2197 1291 2249; x_wconf 91' lang='lat' dir='ltr'>III.</span> <span class='ocrx_word' id='word_1_153' title='bbox 1320 2197 1490 2250; x_wconf 83' lang='lat' dir='ltr'>Rome</span> <span class='ocrx_word' id='word_1_154' title='bbox 1525 2200 1583 2249; x_wconf 86' lang='lat' dir='ltr'>et</span> <span class='ocrx_word' id='word_1_155' title='bbox 1614 2197 1653 2249; x_wconf 86' lang='lat' dir='ltr'>l’</span> <span class='ocrx_word' id='word_1_156' title='bbox 1677 2196 1847 2249; x_wconf 78' lang='lat' dir='ltr'>Italic.</span> <span class='ocrx_word' id='word_1_157' title='bbox 1886 2193 2042 2249; x_wconf 86' lang='lat' dir='ltr'>Paris</span> <span class='ocrx_word' id='word_1_158' title='bbox 2079 2209 2227 2264; x_wconf 80' lang='lat'><strong>¹904·</strong></span> <span class='ocrx_word' id='word_1_159' title='bbox 2280 2192 2727 2263; x_wconf 78' lang='lat' dir='ltr'>Friedberg‚</span> <span class='ocrx_word' id='word_1_160' title='bbox 2763 2194 3060 2249; x_wconf 79' lang='lat' dir='ltr'>Lehrbuch.</span> 
     </span>
     <span class='ocr_line' id='line_1_28' title="bbox 443 2275 1175 2347; baseline -0.001 -17"><span class='ocrx_word' id='word_1_161' title='bbox 443 2275 685 2346; x_wconf 68' lang='lat'>§14.11.</span> <span class='ocrx_word' id='word_1_162' title='bbox 735 2276 988 2338; x_wconf 84' lang='lat' dir='ltr'>Stutz‚</span> <span class='ocrx_word' id='word_1_163' title='bbox 1028 2277 1064 2344; x_wconf 65' lang='grc' dir='ltr'>ξ</span> <span class='ocrx_word' id='word_1_164' title='bbox 1092 2294 1175 2347; x_wconf 86' lang='lat'>29.</span> 
     </span>
    </p>

    <p class='ocr_par' dir='ltr' id='par_1_17' title="bbox 423 2403 3079 5059">
     <span class='ocr_line' id='line_1_29' title="bbox 660 2403 3060 2488; baseline -0.002 -20"><span class='ocrx_word' id='word_1_165' title='bbox 660 2405 888 2468; x_wconf 90' lang='lat' dir='ltr'>Solitae</span> <span class='ocrx_word' id='word_1_166' title='bbox 938 2405 1336 2486; x_wconf 80' lang='lat' dir='ltr'>benignitatis</span> <span class='ocrx_word' id='word_1_167' title='bbox 1385 2404 1610 2468; x_wconf 83' lang='lat' dir='ltr'>affectu</span> <span class='ocrx_word' id='word_1_168' title='bbox 1661 2406 1701 2480; x_wconf 83' lang='lat'>†</span> <span class='ocrx_word' id='word_1_169' title='bbox 1751 2408 2090 2488; x_wconf 78' lang='lat' dir='ltr'>recepimus</span> <span class='ocrx_word' id='word_1_170' title='bbox 2134 2406 2378 2479; x_wconf 84' lang='lat' dir='ltr'>literas,</span> <span class='ocrx_word' id='word_1_171' title='bbox 2425 2424 2577 2486; x_wconf 88' lang='lat' dir='ltr'>quas</span> <span class='ocrx_word' id='word_1_172' title='bbox 2608 2413 2729 2485; x_wconf 88' lang='lat' dir='ltr'>per</span> <span class='ocrx_word' id='word_1_173' title='bbox 2774 2403 3060 2464; x_wconf 82' lang='lat' dir='ltr'>dilectum</span> 
     </span>
     <span class='ocr_line' id='line_1_30' title="bbox 423 2509 3061 2595; baseline -0.002 -19"><span class='ocrx_word' id='word_1_174' title='bbox 423 2516 650 2595; x_wconf 83' lang='lat' dir='ltr'>filium</span> <span class='ocrx_word' id='word_1_175' title='bbox 683 2513 1189 2576; x_wconf 77' lang='lat' dir='ltr'>archidiaconum</span> <span class='ocrx_word' id='word_1_176' title='bbox 1224 2512 1566 2587; x_wconf 74' lang='lat' dir='ltr'>Duracltii,</span> <span class='ocrx_word' id='word_1_177' title='bbox 1598 2515 1796 2574; x_wconf 84' lang='lat' dir='ltr'>virum</span> <span class='ocrx_word' id='word_1_178' title='bbox 1818 2513 2146 2593; x_wconf 83' lang='lat' dir='ltr'>providum</span> <span class='ocrx_word' id='word_1_179' title='bbox 2179 2518 2240 2572; x_wconf 87' lang='lat' dir='ltr'>et</span> <span class='ocrx_word' id='word_1_180' title='bbox 2246 2511 2538 2591; x_wconf 79' lang='lat' dir='ltr'>fidelem,</span> <span class='ocrx_word' id='word_1_181' title='bbox 2570 2509 2916 2593; x_wconf 86' lang='lat' dir='ltr'>imperialis</span> <span class='ocrx_word' id='word_1_182' title='bbox 2948 2530 3061 2572; x_wconf 89' lang='lat' dir='ltr'>no·-</span> 
     </span>
     <span class='ocr_line' id='line_1_31' title="bbox 447 2619 3060 2703; baseline -0.002 -20"><span class='ocrx_word' id='word_1_183' title='bbox 447 2623 546 2683; x_wconf 92' lang='lat' dir='ltr'>bis</span> <span class='ocrx_word' id='word_1_184' title='bbox 578 2621 938 2683; x_wconf 80' lang='lat' dir='ltr'>excellentia</span> <span class='ocrx_word' id='word_1_185' title='bbox 968 2620 1322 2694; x_wconf 84' lang='lat' dir='ltr'>destinavit,</span> <span class='ocrx_word' id='word_1_186' title='bbox 1356 2630 1479 2703; x_wconf 90' lang='lat' dir='ltr'>per</span> <span class='ocrx_word' id='word_1_187' title='bbox 1509 2641 1664 2702; x_wconf 86' lang='lat' dir='ltr'>quas</span> <span class='ocrx_word' id='word_1_188' title='bbox 1695 2620 2132 2694; x_wconf 73' lang='lat' dir='ltr'>intelleximus,</span> <span class='ocrx_word' id='word_1_189' title='bbox 2164 2620 2330 2701; x_wconf 86' lang='lat' dir='ltr'>quod</span> <span class='ocrx_word' id='word_1_190' title='bbox 2355 2619 2599 2693; x_wconf 82' lang='lat' dir='ltr'>literae,</span> <span class='ocrx_word' id='word_1_191' title='bbox 2634 2637 2786 2698; x_wconf 86' lang='lat' dir='ltr'>quas</span> <span class='ocrx_word' id='word_1_192' title='bbox 2804 2627 2927 2700; x_wconf 90' lang='lat' dir='ltr'>per</span> <span class='ocrx_word' id='word_1_193' title='bbox 2958 2619 3060 2677; x_wconf 88' lang='lat' dir='ltr'>di·-</span> 
     </span>
     <span class='ocr_line' id='line_1_32' title="bbox 447 2724 3067 2809; baseline -0.002 -19"><span class='ocrx_word' id='word_1_194' title='bbox 447 2731 669 2792; x_wconf 84' lang='lat' dir='ltr'>lectum</span> <span class='ocrx_word' id='word_1_195' title='bbox 704 2729 916 2806; x_wconf 80' lang='lat' dir='ltr'>filium</span> <span class='ocrx_word' id='word_1_196' title='bbox 950 2728 1004 2792; x_wconf 88' lang='lat' dir='ltr'>J.</span> <span class='ocrx_word' id='word_1_197' title='bbox 1036 2729 1422 2809; x_wconf 80' lang='lat' dir='ltr'>capellanum</span> <span class='ocrx_word' id='word_1_198' title='bbox 1469 2736 1770 2802; x_wconf 84' lang='lat' dir='ltr'>nostrum,</span> <span class='ocrx_word' id='word_1_199' title='bbox 1816 2736 1961 2790; x_wconf 86' lang='lat' dir='ltr'>tunc</span> <span class='ocrx_word' id='word_1_200' title='bbox 2003 2727 2373 2809; x_wconf 87' lang='lat' dir='ltr'>apostolicae</span> <span class='ocrx_word' id='word_1_201' title='bbox 2417 2728 2582 2789; x_wconf 87' lang='lat' dir='ltr'>sedis</span> <span class='ocrx_word' id='word_1_202' title='bbox 2625 2726 2915 2807; x_wconf 79' lang='lat' dir='ltr'>legatum,</span> <span class='ocrx_word' id='word_1_203' title='bbox 2948 2724 3067 2786; x_wconf 86' lang='lat' dir='ltr'>tibi</span> 
     </span>
     <span class='ocr_line' id='line_1_33' title="bbox 447 2832 3064 2917; baseline -0.003 -19"><span class='ocrx_word' id='word_1_204' title='bbox 447 2838 929 2908; x_wconf 84' lang='lat' dir='ltr'>transmisimus,</span> <span class='ocrx_word' id='word_1_205' title='bbox 962 2836 1219 2916; x_wconf 86' lang='lat' dir='ltr'>imperio</span> <span class='ocrx_word' id='word_1_206' title='bbox 1251 2841 1352 2896; x_wconf 78' lang='lat' dir='ltr'>tuo</span> <span class='ocrx_word' id='word_1_207' title='bbox 1374 2842 1807 2916; x_wconf 86' lang='lat' dir='ltr'>praesentatae</span> <span class='ocrx_word' id='word_1_208' title='bbox 1818 2838 2088 2913; x_wconf 40' lang='lat' dir='ltr'>‚fuerant</span> <span class='ocrx_word' id='word_1_209' title='bbox 2116 2842 2177 2895; x_wconf 89' lang='lat' dir='ltr'>et</span> <span class='ocrx_word' id='word_1_210' title='bbox 2190 2835 2522 2917; x_wconf 84' lang='lat' dir='ltr'>perlectae.</span> <span class='ocrx_word' id='word_1_211' title='bbox 2569 2842 2599 2903; x_wconf 79' lang='lat' dir='ltr'>S</span> <span class='ocrx_word' id='word_1_212' title='bbox 2643 2855 2692 2894; x_wconf 86' lang='lat'>1.</span> <span class='ocrx_word' id='word_1_213' title='bbox 2726 2832 2942 2894; x_wconf 86' lang='lat' dir='ltr'>Mirata</span> <span class='ocrx_word' id='word_1_214' title='bbox 2974 2846 3064 2893; x_wconf 82' lang='lat' dir='ltr'>est</span> 
     </span>
     <span class='ocr_line' id='line_1_34' title="bbox 446 2938 3063 3024; baseline -0.002 -20"><span class='ocrx_word' id='word_1_215' title='bbox 446 2950 646 3005; x_wconf 85' lang='lat' dir='ltr'>autem</span> <span class='ocrx_word' id='word_1_216' title='bbox 683 2941 1012 3023; x_wconf 87' lang='lat' dir='ltr'>imperialis</span> <span class='ocrx_word' id='word_1_217' title='bbox 1041 2942 1407 3017; x_wconf 77' lang='lat' dir='ltr'>sublimitas,</span> <span class='ocrx_word' id='word_1_218' title='bbox 1440 2945 1605 3003; x_wconf 86' lang='lat' dir='ltr'>sicut</span> <span class='ocrx_word' id='word_1_219' title='bbox 1622 2951 1742 3024; x_wconf 87' lang='lat' dir='ltr'>per</span> <span class='ocrx_word' id='word_1_220' title='bbox 1771 2943 2013 3003; x_wconf 81' lang='lat' dir='ltr'>easdem</span> <span class='ocrx_word' id='word_1_221' title='bbox 2046 2941 2228 3004; x_wconf 88' lang='lat' dir='ltr'>nobis</span> <span class='ocrx_word' id='word_1_222' title='bbox 2260 2942 2481 3003; x_wconf 85' lang='lat' dir='ltr'>literas</span> <span class='ocrx_word' id='word_1_223' title='bbox 2511 2942 2859 3013; x_wconf 85' lang='lat' dir='ltr'>destinasti,</span> <span class='ocrx_word' id='word_1_224' title='bbox 2892 2938 3063 3020; x_wconf 90' lang='lat' dir='ltr'>quod</span> 
     </span>
     <span class='ocr_line' id='line_1_35' title="bbox 445 3049 3061 3131; baseline -0.002 -20"><span class='ocrx_word' id='word_1_225' title='bbox 445 3069 505 3111; x_wconf 90' lang='lat' dir='ltr'>te</span> <span class='ocrx_word' id='word_1_226' title='bbox 551 3050 668 3111; x_wconf 92' lang='lat' dir='ltr'>nisi</span> <span class='ocrx_word' id='word_1_227' title='bbox 721 3049 953 3111; x_wconf 86' lang='lat' dir='ltr'>fuimus</span> <span class='ocrx_word' id='word_1_228' title='bbox 1013 3050 1078 3112; x_wconf 90' lang='lat' dir='ltr'>in</span> <span class='ocrx_word' id='word_1_229' title='bbox 1140 3050 1362 3113; x_wconf 88' lang='lat' dir='ltr'>nostris</span> <span class='ocrx_word' id='word_1_230' title='bbox 1406 3050 1592 3111; x_wconf 86' lang='lat' dir='ltr'>literis</span> <span class='ocrx_word' id='word_1_231' title='bbox 1638 3051 2088 3131; x_wconf 84' lang='lat' dir='ltr'>aliquantulum</span> <span class='ocrx_word' id='word_1_232' title='bbox 2136 3050 2468 3130; x_wconf 89' lang='lat' dir='ltr'>increpare,</span> <span class='ocrx_word' id='word_1_233' title='bbox 2517 3049 2664 3110; x_wconf 88' lang='lat' dir='ltr'>licet</span> <span class='ocrx_word' id='word_1_234' title='bbox 2705 3067 2825 3109; x_wconf 88' lang='lat' dir='ltr'>non</span> <span class='ocrx_word' id='word_1_235' title='bbox 2857 3049 3061 3108; x_wconf 89' lang='lat' dir='ltr'>incre-</span> 
     </span>
     <span class='ocr_line' id='line_1_36' title="bbox 431 3156 3066 3239; baseline -0.002 -21"><span class='ocrx_word' id='word_1_236' title='bbox 431 3158 644 3239; x_wconf 86' lang='lat' dir='ltr'>pandi</span> <span class='ocrx_word' id='word_1_237' title='bbox 670 3160 900 3231; x_wconf 85' lang='lat' dir='ltr'>animo,</span> <span class='ocrx_word' id='word_1_238' title='bbox 931 3157 1044 3218; x_wconf 88' lang='lat' dir='ltr'>sed</span> <span class='ocrx_word' id='word_1_239' title='bbox 1070 3158 1303 3239; x_wconf 85' lang='lat' dir='ltr'>affectu</span> <span class='ocrx_word' id='word_1_240' title='bbox 1326 3159 1539 3239; x_wconf 88' lang='lat' dir='ltr'>potius</span> <span class='ocrx_word' id='word_1_241' title='bbox 1570 3158 1997 3218; x_wconf 87' lang='lat' dir='ltr'>commonendi</span> <span class='ocrx_word' id='word_1_242' title='bbox 2023 3158 2188 3239; x_wconf 83' lang='lat' dir='ltr'>quod</span> <span class='ocrx_word' id='word_1_243' title='bbox 2214 3159 2579 3238; x_wconf 85' lang='lat' dir='ltr'>scripsimus</span> <span class='ocrx_word' id='word_1_244' title='bbox 2611 3156 3066 3216; x_wconf 88' lang='lat' dir='ltr'>meminerimus</span> 
     </span>
     <span class='ocr_line' id='line_1_37' title="bbox 448 3260 3065 3345; baseline -0.002 -20"><span class='ocrx_word' id='word_1_245' title='bbox 448 3285 558 3325; x_wconf 84' lang='lat' dir='ltr'>nos</span> <span class='ocrx_word' id='word_1_246' title='bbox 603 3267 947 3345; x_wconf 85' lang='lat' dir='ltr'>scripsisse.</span> <span class='ocrx_word' id='word_1_247' title='bbox 1014 3263 1176 3324; x_wconf 90' lang='lat' dir='ltr'>Huic</span> <span class='ocrx_word' id='word_1_248' title='bbox 1221 3280 1429 3325; x_wconf 86' lang='lat' dir='ltr'>autem</span> <span class='ocrx_word' id='word_1_249' title='bbox 1460 3280 1601 3325; x_wconf 88' lang='lat' dir='ltr'>tuae</span> <span class='ocrx_word' id='word_1_250' title='bbox 1633 3263 2021 3326; x_wconf 86' lang='lat' dir='ltr'>admirationi</span> <span class='ocrx_word' id='word_1_251' title='bbox 2052 3283 2181 3325; x_wconf 91' lang='lat' dir='ltr'>non</span> <span class='ocrx_word' id='word_1_252' title='bbox 2213 3282 2484 3337; x_wconf 81' lang='lat' dir='ltr'>causam,</span> <span class='ocrx_word' id='word_1_253' title='bbox 2533 3262 2642 3323; x_wconf 88' lang='lat' dir='ltr'>sed</span> <span class='ocrx_word' id='word_1_254' title='bbox 2675 3260 3065 3322; x_wconf 88' lang='lat' dir='ltr'>occasionem</span> 
     </span>
     <span class='ocr_line' id='line_1_38' title="bbox 448 3368 3066 3451; baseline -0.002 -20"><span class='ocrx_word' id='word_1_255' title='bbox 448 3370 747 3451; x_wconf 82' lang='lat' dir='ltr'>praebuit,</span> <span class='ocrx_word' id='word_1_256' title='bbox 800 3373 963 3430; x_wconf 84' lang='lat' dir='ltr'>sicut</span> <span class='ocrx_word' id='word_1_257' title='bbox 1005 3390 1078 3429; x_wconf 84' lang='lat' dir='ltr'>ex</span> <span class='ocrx_word' id='word_1_258' title='bbox 1121 3370 1347 3429; x_wconf 87' lang='lat' dir='ltr'>eisdem</span> <span class='ocrx_word' id='word_1_259' title='bbox 1397 3372 1767 3430; x_wconf 88' lang='lat' dir='ltr'>coniecimus</span> <span class='ocrx_word' id='word_1_260' title='bbox 1815 3369 2043 3443; x_wconf 88' lang='lat' dir='ltr'>literis,</span> <span class='ocrx_word' id='word_1_261' title='bbox 2076 3369 2247 3448; x_wconf 89' lang='lat' dir='ltr'>quod</span> <span class='ocrx_word' id='word_1_262' title='bbox 2279 3368 2499 3448; x_wconf 81' lang='lat' dir='ltr'>legisti,</span> <span class='ocrx_word' id='word_1_263' title='bbox 2533 3369 2782 3429; x_wconf 88' lang='lat' dir='ltr'>beatum</span> <span class='ocrx_word' id='word_1_264' title='bbox 2816 3368 3066 3428; x_wconf 89' lang='lat' dir='ltr'>Petrum</span> 
     </span>
     <span class='ocr_line' id='line_1_39' title="bbox 448 3474 3063 3559; baseline -0.003 -20"><span class='ocrx_word' id='word_1_265' title='bbox 448 3477 901 3559; x_wconf 85' lang='lat' dir='ltr'>Apostolorum</span> <span class='ocrx_word' id='word_1_266' title='bbox 935 3475 1273 3557; x_wconf 89' lang='lat' dir='ltr'>principem</span> <span class='ocrx_word' id='word_1_267' title='bbox 1307 3476 1395 3537; x_wconf 88' lang='lat' dir='ltr'>sic</span> <span class='ocrx_word' id='word_1_268' title='bbox 1425 3475 1766 3557; x_wconf 87' lang='lat' dir='ltr'>scripsisse:</span> <span class='ocrx_word' id='word_1_269' title='bbox 1822 3474 2102 3537; x_wconf 82' lang='lat' dir='ltr'>‹Subditi</span> <span class='ocrx_word' id='word_1_270' title='bbox 2133 3491 2327 3536; x_wconf 83' lang='lat' dir='ltr'>estote</span> <span class='ocrx_word' id='word_1_271' title='bbox 2359 3475 2535 3536; x_wconf 88' lang='lat' dir='ltr'>omni</span> <span class='ocrx_word' id='word_1_272' title='bbox 2571 3476 2880 3536; x_wconf 86' lang='lat' dir='ltr'>humanae</span> <span class='ocrx_word' id='word_1_273' title='bbox 2898 3492 3063 3534; x_wconf 91' lang='lat' dir='ltr'>crea-</span> 
     </span>
     <span class='ocr_line' id='line_1_40' title="bbox 447 3581 3066 3665; baseline -0.002 -20"><span class='ocrx_word' id='word_1_274' title='bbox 447 3604 620 3646; x_wconf 85' lang='lat' dir='ltr'>turae</span> <span class='ocrx_word' id='word_1_275' title='bbox 652 3599 902 3665; x_wconf 89' lang='lat' dir='ltr'>propter</span> <span class='ocrx_word' id='word_1_276' title='bbox 925 3584 1148 3660; x_wconf 73' lang='lat' dir='ltr'>Deum,</span> <span class='ocrx_word' id='word_1_277' title='bbox 1183 3583 1308 3644; x_wconf 83' lang='lat' dir='ltr'>sive</span> <span class='ocrx_word' id='word_1_278' title='bbox 1343 3582 1489 3663; x_wconf 82' lang='lat' dir='ltr'>regi,</span> <span class='ocrx_word' id='word_1_279' title='bbox 1523 3599 1822 3663; x_wconf 89' lang='lat' dir='ltr'>tanquam</span> <span class='ocrx_word' id='word_1_280' title='bbox 1857 3581 2260 3663; x_wconf 70' lang='lat' dir='ltr'>praecellenti,</span> <span class='ocrx_word' id='word_1_281' title='bbox 2294 3582 2422 3643; x_wconf 81' lang='lat' dir='ltr'>sive</span> <span class='ocrx_word' id='word_1_282' title='bbox 2451 3581 2734 3656; x_wconf 89' lang='lat' dir='ltr'>ducibus,</span> <span class='ocrx_word' id='word_1_283' title='bbox 2766 3596 3066 3659; x_wconf 86' lang='lat' dir='ltr'>tanquam</span> 
     </span>
     <span class='ocr_line' id='line_1_41' title="bbox 449 3686 3065 3767; baseline -0.002 -14"><span class='ocrx_word' id='word_1_284' title='bbox 449 3695 526 3753; x_wconf 91' lang='lat' dir='ltr'>ab</span> <span class='ocrx_word' id='word_1_285' title='bbox 572 3711 647 3753; x_wconf 88' lang='lat' dir='ltr'>eo</span> <span class='ocrx_word' id='word_1_286' title='bbox 693 3690 914 3767; x_wconf 79' lang='lat' dir='ltr'>missis,</span> <span class='ocrx_word' id='word_1_287' title='bbox 963 3691 1041 3752; x_wconf 88' lang='lat' dir='ltr'>ad</span> <span class='ocrx_word' id='word_1_288' title='bbox 1075 3690 1404 3751; x_wconf 87' lang='lat' dir='ltr'>vindictam</span> <span class='ocrx_word' id='word_1_289' title='bbox 1438 3690 1927 3765; x_wconf 83' lang='lat' dir='ltr'>malefactorum,</span> <span class='ocrx_word' id='word_1_290' title='bbox 1962 3688 2211 3750; x_wconf 88' lang='lat' dir='ltr'>laudem</span> <span class='ocrx_word' id='word_1_291' title='bbox 2246 3707 2392 3749; x_wconf 87' lang='lat' dir='ltr'>vero</span> <span class='ocrx_word' id='word_1_292' title='bbox 2426 3691 2802 3748; x_wconf 84' lang='lat' dir='ltr'>bonorum».</span> <span class='ocrx_word' id='word_1_293' title='bbox 2867 3687 2908 3761; x_wconf 85' lang='lat'>†</span> <span class='ocrx_word' id='word_1_294' title='bbox 2957 3686 3065 3747; x_wconf 89' lang='lat' dir='ltr'>Vo-</span> 
     </span>
     <span class='ocr_line' id='line_1_42' title="bbox 451 3794 3070 3878; baseline -0.002 -19"><span class='ocrx_word' id='word_1_295' title='bbox 451 3800 583 3860; x_wconf 85' lang='lat' dir='ltr'>lens</span> <span class='ocrx_word' id='word_1_296' title='bbox 629 3801 817 3872; x_wconf 85' lang='lat' dir='ltr'>enim,</span> <span class='ocrx_word' id='word_1_297' title='bbox 862 3799 937 3858; x_wconf 87' lang='lat' dir='ltr'>de</span> <span class='ocrx_word' id='word_1_298' title='bbox 982 3818 1099 3878; x_wconf 88' lang='lat' dir='ltr'>quo</span> <span class='ocrx_word' id='word_1_299' title='bbox 1145 3817 1255 3858; x_wconf 90' lang='lat' dir='ltr'>nos</span> <span class='ocrx_word' id='word_1_300' title='bbox 1289 3796 1727 3858; x_wconf 87' lang='lat' dir='ltr'>rationabilius</span> <span class='ocrx_word' id='word_1_301' title='bbox 1757 3797 2168 3870; x_wconf 87' lang='lat' dir='ltr'>admiramur,</span> <span class='ocrx_word' id='word_1_302' title='bbox 2202 3798 2603 3877; x_wconf 88' lang='lat' dir='ltr'>imperatoria</span> <span class='ocrx_word' id='word_1_303' title='bbox 2633 3794 2929 3856; x_wconf 85' lang='lat' dir='ltr'>celsitudo</span> <span class='ocrx_word' id='word_1_304' title='bbox 2952 3804 3070 3874; x_wconf 87' lang='lat' dir='ltr'>per</span> 
     </span>
     <span class='ocr_line' id='line_1_43' title="bbox 451 3903 3067 3985; baseline -0.002 -19"><span class='ocrx_word' id='word_1_305' title='bbox 451 3906 601 3966; x_wconf 81' lang='lat' dir='ltr'>haec</span> <span class='ocrx_word' id='word_1_306' title='bbox 620 3912 682 3965; x_wconf 87' lang='lat' dir='ltr'>et</span> <span class='ocrx_word' id='word_1_307' title='bbox 710 3905 863 3978; x_wconf 83' lang='lat' dir='ltr'>alia,</span> <span class='ocrx_word' id='word_1_308' title='bbox 896 3925 1049 3984; x_wconf 86' lang='lat' dir='ltr'>quae</span> <span class='ocrx_word' id='word_1_309' title='bbox 1081 3905 1353 3978; x_wconf 80' lang='lat' dir='ltr'>induxit,</span> <span class='ocrx_word' id='word_1_310' title='bbox 1389 3906 1712 3985; x_wconf 88' lang='lat' dir='ltr'>imperium</span> <span class='ocrx_word' id='word_1_311' title='bbox 1745 3904 2090 3964; x_wconf 86' lang='lat' dir='ltr'>sacerdotio</span> <span class='ocrx_word' id='word_1_312' title='bbox 2122 3903 2427 3983; x_wconf 82' lang='lat' dir='ltr'>dignitate</span> <span class='ocrx_word' id='word_1_313' title='bbox 2457 3925 2534 3963; x_wconf 90' lang='lat' dir='ltr'>ac</span> <span class='ocrx_word' id='word_1_314' title='bbox 2546 3907 2855 3983; x_wconf 85' lang='lat' dir='ltr'>potestate</span> <span class='ocrx_word' id='word_1_315' title='bbox 2873 3909 3067 3981; x_wconf 86' lang='lat' dir='ltr'>prae·</span> 
     </span>
     <span class='ocr_line' id='line_1_44' title="bbox 432 4010 3067 4093; baseline -0.003 -19"><span class='ocrx_word' id='word_1_316' title='bbox 432 4017 639 4093; x_wconf 86' lang='lat' dir='ltr'>ferre,</span> <span class='ocrx_word' id='word_1_317' title='bbox 670 4034 744 4073; x_wconf 84' lang='lat' dir='ltr'>ex</span> <span class='ocrx_word' id='word_1_318' title='bbox 775 4014 1138 4073; x_wconf 84' lang='lat' dir='ltr'>auctoritate</span> <span class='ocrx_word' id='word_1_319' title='bbox 1159 4014 1513 4091; x_wconf 89' lang='lat' dir='ltr'>praemissa</span> <span class='ocrx_word' id='word_1_320' title='bbox 1546 4011 1774 4092; x_wconf 80' lang='lat' dir='ltr'>triplex</span> <span class='ocrx_word' id='word_1_321' title='bbox 1804 4010 2050 4071; x_wconf 82' lang='lat' dir='ltr'>trahere</span> <span class='ocrx_word' id='word_1_322' title='bbox 2079 4010 2274 4071; x_wconf 87' lang='lat' dir='ltr'>voluit</span> <span class='ocrx_word' id='word_1_323' title='bbox 2309 4014 2759 4089; x_wconf 80' lang='lat' dir='ltr'>argumentum,</span> <span class='ocrx_word' id='word_1_324' title='bbox 2794 4010 3067 4089; x_wconf 89' lang='lat' dir='ltr'>primum</span> 
     </span>
     <span class='ocr_line' id='line_1_45' title="bbox 453 4116 3075 4202; baseline -0.003 -20"><span class='ocrx_word' id='word_1_325' title='bbox 453 4144 527 4183; x_wconf 82' lang='lat' dir='ltr'>ex</span> <span class='ocrx_word' id='word_1_326' title='bbox 556 4142 649 4195; x_wconf 89' lang='lat' dir='ltr'>eo,</span> <span class='ocrx_word' id='word_1_327' title='bbox 681 4121 845 4202; x_wconf 86' lang='lat' dir='ltr'>quod</span> <span class='ocrx_word' id='word_1_328' title='bbox 872 4120 1137 4198; x_wconf 79' lang='lat' dir='ltr'>legitur:</span> <span class='ocrx_word' id='word_1_329' title='bbox 1175 4117 1454 4178; x_wconf 81' lang='lat' dir='ltr'>«subditi</span> <span class='ocrx_word' id='word_1_330' title='bbox 1480 4124 1746 4191; x_wconf 80' lang='lat' dir='ltr'>estote,·»</span> <span class='ocrx_word' id='word_1_331' title='bbox 1783 4118 2114 4179; x_wconf 86' lang='lat' dir='ltr'>secundum</span> <span class='ocrx_word' id='word_1_332' title='bbox 2148 4139 2221 4178; x_wconf 84' lang='lat' dir='ltr'>ex</span> <span class='ocrx_word' id='word_1_333' title='bbox 2250 4138 2342 4190; x_wconf 90' lang='lat' dir='ltr'>eo,</span> <span class='ocrx_word' id='word_1_334' title='bbox 2363 4118 2525 4199; x_wconf 86' lang='lat' dir='ltr'>quod</span> <span class='ocrx_word' id='word_1_335' title='bbox 2540 4116 2821 4195; x_wconf 86' lang='lat' dir='ltr'>sequitur</span> <span class='ocrx_word' id='word_1_336' title='bbox 2832 4137 2858 4174; x_wconf 93' lang='lat'>.·</span> <span class='ocrx_word' id='word_1_337' title='bbox 2895 4116 3075 4194; x_wconf 79' lang='lat' dir='ltr'>«regi</span> 
     </span>
     <span class='ocr_line' id='line_1_46' title="bbox 457 4222 3073 4309; baseline -0.003 -20"><span class='ocrx_word' id='word_1_338' title='bbox 457 4235 745 4309; x_wconf 84' lang='lat' dir='ltr'>tanquam</span> <span class='ocrx_word' id='word_1_339' title='bbox 788 4225 1198 4307; x_wconf 85' lang='lat' dir='ltr'>praecellenti</span> <span class='ocrx_word' id='word_1_340' title='bbox 1212 4247 1279 4298; x_wconf 80' lang='lat'>,·»</span> <span class='ocrx_word' id='word_1_341' title='bbox 1339 4226 1585 4285; x_wconf 88' lang='lat' dir='ltr'>tertium</span> <span class='ocrx_word' id='word_1_342' title='bbox 1638 4245 1712 4285; x_wconf 82' lang='lat' dir='ltr'>ex</span> <span class='ocrx_word' id='word_1_343' title='bbox 1758 4244 1849 4298; x_wconf 91' lang='lat' dir='ltr'>eo,</span> <span class='ocrx_word' id='word_1_344' title='bbox 1900 4225 2064 4306; x_wconf 83' lang='lat' dir='ltr'>quod</span> <span class='ocrx_word' id='word_1_345' title='bbox 2114 4230 2210 4285; x_wconf 88' lang='lat' dir='ltr'>est</span> <span class='ocrx_word' id='word_1_346' title='bbox 2251 4225 2555 4286; x_wconf 87' lang='lat' dir='ltr'>adiectum</span> <span class='ocrx_word' id='word_1_347' title='bbox 2600 4222 3034 4304; x_wconf 83' lang='lat' dir='ltr'>subsequenter</span> <span class='ocrx_word' id='word_1_348' title='bbox 3048 4245 3073 4280; x_wconf 82' lang='grc'>.-</span> 
     </span>
     <span class='ocr_line' id='line_1_47' title="bbox 462 4330 3074 4413; baseline -0.002 -18"><span class='ocrx_word' id='word_1_349' title='bbox 462 4336 587 4396; x_wconf 80' lang='lat' dir='ltr'>«ad</span> <span class='ocrx_word' id='word_1_350' title='bbox 609 4334 946 4395; x_wconf 85' lang='lat' dir='ltr'>vindictam</span> <span class='ocrx_word' id='word_1_351' title='bbox 977 4334 1467 4411; x_wconf 87' lang='lat' dir='ltr'>malefactorum,</span> <span class='ocrx_word' id='word_1_352' title='bbox 1509 4333 1749 4394; x_wconf 86' lang='lat' dir='ltr'>laudem</span> <span class='ocrx_word' id='word_1_353' title='bbox 1781 4354 1924 4395; x_wconf 85' lang='lat' dir='ltr'>vero</span> <span class='ocrx_word' id='word_1_354' title='bbox 1957 4332 2252 4394; x_wconf 90' lang='lat' dir='ltr'>bonorum</span> <span class='ocrx_word' id='word_1_355' title='bbox 2272 4355 2336 4406; x_wconf 81' lang='lat'>,·»</span> <span class='ocrx_word' id='word_1_356' title='bbox 2381 4340 2504 4412; x_wconf 87' lang='lat' dir='ltr'>per</span> <span class='ocrx_word' id='word_1_357' title='bbox 2520 4334 2798 4413; x_wconf 89' lang='lat' dir='ltr'>primum</span> <span class='ocrx_word' id='word_1_358' title='bbox 2831 4330 3074 4391; x_wconf 86' lang='lat' dir='ltr'>subesse</span> 
     </span>
     <span class='ocr_line' id='line_1_48' title="bbox 455 4440 3071 4521; baseline -0.002 -20"><span class='ocrx_word' id='word_1_359' title='bbox 455 4441 885 4513; x_wconf 85' lang='lat' dir='ltr'>sacerdotium,</span> <span class='ocrx_word' id='word_1_360' title='bbox 910 4449 1025 4521; x_wconf 90' lang='lat' dir='ltr'>per</span> <span class='ocrx_word' id='word_1_361' title='bbox 1056 4440 1386 4501; x_wconf 87' lang='lat' dir='ltr'>secundum</span> <span class='ocrx_word' id='word_1_362' title='bbox 1421 4441 1743 4520; x_wconf 88' lang='lat' dir='ltr'>imperium</span> <span class='ocrx_word' id='word_1_363' title='bbox 1767 4442 2218 4521; x_wconf 87' lang='lat' dir='ltr'>praeeminere,</span> <span class='ocrx_word' id='word_1_364' title='bbox 2234 4449 2359 4521; x_wconf 87' lang='lat' dir='ltr'>per</span> <span class='ocrx_word' id='word_1_365' title='bbox 2378 4441 2624 4500; x_wconf 81' lang='lat' dir='ltr'>tertium</span> <span class='ocrx_word' id='word_1_366' title='bbox 2645 4440 3071 4519; x_wconf 88' lang='lat' dir='ltr'>imperatorem</span> 
     </span>
     <span class='ocr_line' id='line_1_49' title="bbox 457 4546 3070 4629; baseline -0.002 -20"><span class='ocrx_word' id='word_1_367' title='bbox 457 4555 581 4609; x_wconf 88' lang='lat' dir='ltr'>tam</span> <span class='ocrx_word' id='word_1_368' title='bbox 615 4550 681 4607; x_wconf 90' lang='lat' dir='ltr'>in</span> <span class='ocrx_word' id='word_1_369' title='bbox 714 4549 1062 4609; x_wconf 87' lang='lat' dir='ltr'>sacerdotes</span> <span class='ocrx_word' id='word_1_370' title='bbox 1092 4568 1273 4629; x_wconf 86' lang='lat' dir='ltr'>quam</span> <span class='ocrx_word' id='word_1_371' title='bbox 1307 4548 1499 4609; x_wconf 91' lang='lat' dir='ltr'>laicos</span> <span class='ocrx_word' id='word_1_372' title='bbox 1532 4549 2047 4621; x_wconf 86' lang='lat' dir='ltr'>iurisdictionem,</span> <span class='ocrx_word' id='word_1_373' title='bbox 2079 4551 2261 4609; x_wconf 89' lang='lat' dir='ltr'>immo</span> <span class='ocrx_word' id='word_1_374' title='bbox 2293 4549 2476 4608; x_wconf 90' lang='lat' dir='ltr'>etiam</span> <span class='ocrx_word' id='word_1_375' title='bbox 2488 4546 2705 4625; x_wconf 79' lang='lat' dir='ltr'>gladii</span> <span class='ocrx_word' id='word_1_376' title='bbox 2711 4550 3070 4626; x_wconf 88' lang='lat' dir='ltr'>potestatem</span> 
     </span>
     <span class='ocr_line' id='line_1_50' title="bbox 457 4653 3072 4736; baseline -0.001 -21"><span class='ocrx_word' id='word_1_377' title='bbox 457 4656 766 4735; x_wconf 86' lang='lat' dir='ltr'>accepisse</span> <span class='ocrx_word' id='word_1_378' title='bbox 801 4662 1220 4735; x_wconf 89' lang='lat' dir='ltr'>praesumens.</span> <span class='ocrx_word' id='word_1_379' title='bbox 1295 4654 1497 4734; x_wconf 79' lang='lat' dir='ltr'>Quem</span> <span class='ocrx_word' id='word_1_380' title='bbox 1548 4658 1711 4715; x_wconf 88' lang='lat' dir='ltr'>enim</span> <span class='ocrx_word' id='word_1_381' title='bbox 1743 4661 1804 4714; x_wconf 89' lang='lat' dir='ltr'>et</span> <span class='ocrx_word' id='word_1_382' title='bbox 1832 4653 1982 4716; x_wconf 90' lang='lat' dir='ltr'>boni</span> <span class='ocrx_word' id='word_1_383' title='bbox 2009 4655 2261 4736; x_wconf 83' lang='lat' dir='ltr'>quidam</span> <span class='ocrx_word' id='word_1_384' title='bbox 2294 4656 2424 4715; x_wconf 87' lang='lat' dir='ltr'>sint</span> <span class='ocrx_word' id='word_1_385' title='bbox 2450 4653 2815 4721; x_wconf 85' lang='lat' dir='ltr'>sacerdotes,</span> <span class='ocrx_word' id='word_1_386' title='bbox 2848 4658 2908 4711; x_wconf 89' lang='lat' dir='ltr'>et</span> <span class='ocrx_word' id='word_1_387' title='bbox 2936 4654 3072 4731; x_wconf 86' lang='lat' dir='ltr'>qui·</span> 
     </span>
     <span class='ocr_line' id='line_1_51' title="bbox 458 4758 3074 4842; baseline -0.003 -18"><span class='ocrx_word' id='word_1_388' title='bbox 458 4764 601 4824; x_wconf 88' lang='lat' dir='ltr'>dam</span> <span class='ocrx_word' id='word_1_389' title='bbox 651 4781 856 4822; x_wconf 88' lang='lat' dir='ltr'>eorum</span> <span class='ocrx_word' id='word_1_390' title='bbox 903 4763 1328 4840; x_wconf 85' lang='lat' dir='ltr'>malefactores</span> <span class='ocrx_word' id='word_1_391' title='bbox 1374 4764 1696 4834; x_wconf 80' lang='lat' dir='ltr'>exsistant,</span> <span class='ocrx_word' id='word_1_392' title='bbox 1748 4763 1828 4834; x_wconf 91' lang='lat' dir='ltr'>is,</span> <span class='ocrx_word' id='word_1_393' title='bbox 1876 4764 1988 4842; x_wconf 84' lang='lat' dir='ltr'>qui</span> <span class='ocrx_word' id='word_1_394' title='bbox 2027 4761 2358 4822; x_wconf 88' lang='lat' dir='ltr'>secundum</span> <span class='ocrx_word' id='word_1_395' title='bbox 2392 4759 2750 4842; x_wconf 89' lang='lat' dir='ltr'>Apostolum</span> <span class='ocrx_word' id='word_1_396' title='bbox 2788 4758 3074 4838; x_wconf 80' lang='lat' dir='ltr'>gladium</span> 
     </span>
     <span class='ocr_line' id='line_1_52' title="bbox 450 4865 3076 4951; baseline -0.002 -21"><span class='ocrx_word' id='word_1_397' title='bbox 450 4876 668 4951; x_wconf 85' lang='lat' dir='ltr'>portat</span> <span class='ocrx_word' id='word_1_398' title='bbox 705 4870 794 4929; x_wconf 90' lang='lat' dir='ltr'>ad</span> <span class='ocrx_word' id='word_1_399' title='bbox 832 4869 1167 4930; x_wconf 86' lang='lat' dir='ltr'>vindictam</span> <span class='ocrx_word' id='word_1_400' title='bbox 1201 4869 1688 4947; x_wconf 85' lang='lat' dir='ltr'>malefactorum,</span> <span class='ocrx_word' id='word_1_401' title='bbox 1722 4866 1964 4927; x_wconf 86' lang='lat' dir='ltr'>laudem</span> <span class='ocrx_word' id='word_1_402' title='bbox 1996 4888 2137 4928; x_wconf 85' lang='lat' dir='ltr'>vero</span> <span class='ocrx_word' id='word_1_403' title='bbox 2170 4866 2486 4942; x_wconf 88' lang='lat' dir='ltr'>bonorum,</span> <span class='ocrx_word' id='word_1_404' title='bbox 2522 4868 2586 4926; x_wconf 87' lang='lat' dir='ltr'>in</span> <span class='ocrx_word' id='word_1_405' title='bbox 2620 4865 3076 4942; x_wconf 74' lang='lat' dir='ltr'>malefacientes</span> 
     </span>
     <span class='ocr_line' id='line_1_53' title="bbox 447 4973 3079 5059; baseline -0.003 -22"><span class='ocrx_word' id='word_1_406' title='bbox 447 4976 844 5059; x_wconf 82' lang='lat' dir='ltr'>presbyteros</span> <span class='ocrx_word' id='word_1_407' title='bbox 874 4996 1157 5037; x_wconf 83' lang='lat' dir='ltr'>excessus</span> <span class='ocrx_word' id='word_1_408' title='bbox 1179 4982 1609 5057; x_wconf 87' lang='lat' dir='ltr'>praesumptos</span> <span class='ocrx_word' id='word_1_409' title='bbox 1629 4980 1840 5056; x_wconf 86' lang='lat' dir='ltr'>potest</span> <span class='ocrx_word' id='word_1_410' title='bbox 1869 4974 2067 5035; x_wconf 87' lang='lat' dir='ltr'>ultore</span> <span class='ocrx_word' id='word_1_411' title='bbox 2088 4974 2309 5053; x_wconf 74' lang='lat' dir='ltr'>gladio</span> <span class='ocrx_word' id='word_1_412' title='bbox 2342 4973 2678 5045; x_wconf 83' lang='lat' dir='ltr'>vindicare,</span> <span class='ocrx_word' id='word_1_413' title='bbox 2711 4992 2892 5051; x_wconf 88' lang='lat' dir='ltr'>quum</span> <span class='ocrx_word' id='word_1_414' title='bbox 2915 4973 3079 5031; x_wconf 83' lang='lat' dir='ltr'>inter</span> 
     </span>
    </p>
   </div>
  </div>
 </body>
</html>
