3684 5416
552 1547 598 1577 10

549 4865 602 4901 40

656 397 719 451 32
1616 376 1868 431 Ecclesia
1894 376 2304 448 antiquissima.

656 560 842 641 nique
888 576 1015 620 tarn
1062 561 1290 620 bonam
1337 575 1394 620 et
1438 559 1692 638 longam
1741 559 1853 619 sibi
1903 579 2113 640 pacem
2151 559 2487 641 periclitari.
2553 561 2684 620 Nec
2714 560 2930 620 dubito
2963 559 3266 639 quosdam

654 668 980 748 scripturas
1011 666 1328 745 emigrare,
1363 667 1627 727 sarcinas
1660 666 1965 747 expedire,
2000 664 2180 746 fugae
2214 666 2448 745 accingi
2480 667 2555 726 de
2588 667 2826 727 civitate
2860 666 2921 726 in
2946 665 3264 727 civitatem.

654 776 904 836 Nullam
954 773 1121 834 enim
1168 773 1347 834 aliam
1385 774 1705 855 evangelio
1739 773 2105 834 memoriam
2152 789 2381 835 curant.
2448 774 2609 834 Novi
2644 790 2701 834 et
2734 788 3006 854 pastores
3039 792 3260 834 eorum

655 882 715 943 in
752 900 899 962 pace
931 880 1165 956 leoneS,
1219 880 1282 941 in
1318 881 1556 961 proelio
1589 900 1819 942 cervos.
1899 880 2021 940 Sed
2054 882 2131 941 de
2166 880 2595 960 questionibus
2628 879 3093 942 confessionum
3125 878 3267 940 alibi

655 987 1035 1049 docebimus,
1105 992 1187 1047 At
1232 1006 1405 1048 nunc
1451 987 1745 1067 quatinus
1778 1002 1839 1048 et
1872 986 2020 1046 illud
2055 1002 2419 1068 opponunt:
2472 986 2589 1047 Ubi
2624 1002 2830 1047 autem
2865 987 3269 1068 prohibemur

655 1095 973 1157 coronari?
1040 1094 1200 1154 hanc
1247 1093 1443 1172 magis
1473 1092 1734 1153 localem
1769 1094 2171 1153 substantiam
2206 1112 2425 1153 causae
2461 1093 2795 1172 praesentis
2826 1094 3163 1172 aggrediar,
3201 1108 3269 1159 ut

653 1219 710 1262 et
756 1202 864 1282 qui
911 1221 983 1261 ex
1015 1199 1431 1262 sollicitudine
1466 1198 1846 1278 ignorantiae
1879 1216 2186 1279 quaerunt
2220 1199 2594 1273 innuantur,
2633 1216 2692 1259 et
2723 1200 2830 1279 qui
2864 1200 2924 1260 in
2959 1200 3264 1261 defensio-

655 1327 798 1369 nem
845 1307 1047 1368 delicti
1095 1306 1497 1381 contendunt,
1553 1306 1960 1381 revincantur,
2011 1306 2125 1387 ipsi
2175 1308 2267 1368 vel
2316 1307 2579 1368 maxime
2613 1307 2944 1368 Christiani
2991 1307 3265 1381 laureati,

654 1414 885 1495 quibus
932 1413 992 1474 id
1038 1413 1244 1474 solum
1285 1414 1526 1493 questio
1560 1428 1670 1490 est,
1719 1413 1895 1493 quasi
1928 1430 2032 1474 aut
2066 1414 2307 1474 nullum
2342 1429 2446 1474 aut
2479 1413 2780 1475 incertum
2813 1414 3024 1474 saltem
3061 1413 3269 1474 haberi

655 1522 845 1603 possit
877 1520 1168 1580 delictum
1202 1520 1375 1600 quod
1408 1520 1668 1600 patiatur
1700 1520 2146 1599 quaestionem.
2179 1520 2311 1581 Nec
2341 1521 2586 1581 nullum
2606 1537 2811 1581 autem
2835 1540 2948 1581 nec
2969 1521 3267 1580 incertum

657 1629 801 1689 hinc
834 1628 1079 1688 interim
1113 1627 1450 1687 ostendam.
1503 1625 1556 1705 [1.
1590 1646 1639 1688 c.
1675 1646 1810 1707 pag.
1850 1624 2017 1705 223.]

1598 1807 1661 1878 c)
1724 1806 1833 1865 Ad
1886 1805 2319 1885 scapulam.

833 1950 982 2029 Cap.
1017 1948 1084 2008 11.
1144 1947 1275 2008 Nos
1311 1966 1509 2007 unum
1545 1947 1735 2006 deum
1767 1946 2054 2022 colimuS,
2087 1966 2275 2027 quem
2308 1965 2526 2008 omnes
2559 1945 2910 2007 naturaliter
2943 1943 3155 2022 nostis,
3190 1945 3267 2005 ad

656 2056 833 2116 cuius
867 2054 1107 2133 fulgura
1142 2068 1200 2113 et
1230 2053 1502 2114 tonitrua
1536 2046 2027 2127 contremiscitis,
2062 2053 2137 2112 ad
2171 2052 2346 2113 cuius
2368 2051 2664 2113 beneficia
2685 2050 2979 2131 gaudetis.
3013 2051 3269 2139 Ceteros

576 2188 596 2231 3
655 2177 712 2221 et
759 2161 873 2242 ipsi
919 2159 1143 2241 putatis
1174 2159 1325 2219 deos
1358 2179 1489 2219 esse
1523 2178 1684 2239 quos
1715 2178 1831 2219 nos
1869 2159 2206 2219 daemonas
2239 2159 2485 2219 scimus.
2546 2158 2790 2219 Tamen
2824 2158 3084 2218 humani
3119 2157 3269 2218 iuris

656 2284 714 2330 et
748 2267 1041 2329 naturalis
1073 2266 1391 2349 potestatis
1425 2281 1514 2326 est
1548 2267 1887 2346 unicuique
1921 2266 2089 2345 quod
2125 2266 2427 2346 putaverit
2459 2264 2680 2342 colere,
2719 2284 2829 2325 nec
2849 2264 2950 2325 alii
2968 2267 3145 2325 obest
3163 2279 3269 2324 aut

656 2377 906 2457 prodest
938 2375 1185 2435 alterius
1216 2373 1452 2453 religio.
1487 2373 1610 2434 Sed
1633 2392 1746 2433 nec
1769 2372 2085 2453 religionis
2105 2387 2194 2432 est
2216 2390 2436 2451 cogere
2456 2372 2841 2451 religionem,
2864 2391 3025 2451 quae
3045 2387 3268 2452 sponte

655 2483 881 2563 suscipi
915 2484 1151 2555 debeat,
1199 2500 1329 2541 non
1363 2481 1439 2554 vi,
1473 2500 1617 2541 cum
1652 2495 1710 2540 et
1744 2479 1980 2540 hostiae
2014 2481 2089 2539 ab
2124 2478 2334 2541 animo
2381 2479 2594 2539 libenti
2628 2480 3112 2559 expostulentur.
3177 2479 3261 2539 lta

656 2591 763 2650 etsi
813 2608 928 2650 nos
977 2587 1400 2669 compuleritis
1446 2588 1522 2647 ad
1571 2586 2064 2663 sacrificandum,
2111 2586 2266 2646 nihil
2315 2586 2696 2667 praestabitis
2727 2586 2843 2647 diis
2876 2586 3106 2646 vestris.
3170 2588 3267 2647 Ab

659 2697 861 2759 invitis
907 2696 1076 2757 enim
1122 2694 1411 2756 sacrificia
1460 2715 1589 2756 non
1637 2694 2094 2769 desiderabunt,
2146 2693 2261 2755 nisi
2295 2693 2346 2754 si
2379 2694 2749 2756 contentiosi
2782 2708 2958 2770 sunt-3
3012 2708 3271 2755 conten-

657 2805 852 2866 tiosus
899 2819 1102 2864 autem
1140 2804 1292 2863 deus
1327 2823 1455 2865 non
1490 2819 1597 2863 est.
1666 2803 1954 2882 Denique
1987 2802 2095 2883 qui
2131 2819 2218 2862 est
2253 2823 2450 2879 verUS,
2486 2804 2698 2863 omnia
2730 2824 2840 2863 sua
2874 2823 2945 2864 ex
2979 2822 3180 2883 aequo
3214 2816 3273 2862 et

660 2911 934 2992 profanis
968 2927 1026 2972 et
1058 2911 1184 2970 suis
1219 2926 1499 2990 praestat,
1542 2910 1809 2990 ideoque
1842 2925 1901 2969 et
1935 2909 2234 2970 iudicium
2271 2909 2591 2970 constituit
2625 2925 2942 2970 aeternum
2978 2910 3055 2970 de
3086 2908 3269 2988 gratis

658 3036 715 3079 et
762 3018 1032 3098 ingratis.
1096 3018 1343 3078 Tamen
1376 3037 1511 3095 nOS,
1561 3035 1721 3096 quos
1754 3016 2085 3093 sacrilegos
2116 3016 2490 3094 existimatiS,
2529 3037 2641 3077 nec
2675 3018 2739 3077 in
2772 3016 2936 3077 furto
2971 3035 3270 3097 umquam

659 3124 1168 3205 deprehendistis,
1218 3126 1450 3185 nedum
1500 3124 1562 3184 in
1594 3122 1932 3201 sacrilegio.
2000 3123 2239 3183 Omnes
2272 3139 2500 3197 autem,
2537 3124 2643 3203 qui
2679 3124 2906 3204 templa
2941 3123 3273 3204 dispoliant

581 3258 599 3287 ς
658 3249 717 3292 et
750 3251 859 3313 per
889 3233 1039 3292 deos
1072 3232 1274 3291 iurant
1307 3246 1366 3291 et
1399 3230 1650 3290 eosdem
1672 3230 1906 3305 colunt,
1944 3245 2001 3289 et
2023 3229 2354 3291 Christiani
2375 3250 2505 3290 non
2525 3245 2671 3290 sunt
2691 3246 2748 3290 et
2769 3229 3042 3308 sacrilegi
3063 3247 3271 3290 tamen

660 3339 1235 3420 deprehenduntur.
1304 3338 1592 3415 Longum
1628 3351 1737 3412 est,
1781 3336 1829 3396 si
1865 3352 2227 3412 retexamus,
2277 3337 2505 3416 quibus
2538 3337 2668 3397 aliis
2702 3336 2904 3397 modis
2937 3353 2995 3397 et
3026 3337 3266 3397 deride-

658 3461 837 3507 antur
869 3462 926 3506 et
958 3459 1437 3506 contemnantur
1470 3462 1691 3505 omnes
1725 3443 1807 3503 dii
1839 3447 1915 3502 ab
1950 3443 2094 3524 ipsis
2127 3444 2468 3504 cultoribus
2501 3444 2644 3504 suis.
2679 3444 2777 3504 Sic
2799 3459 2858 3504 et
2890 3444 3044 3504 circa
3078 3443 3267 3503 maie-

657 3569 868 3614 statem
905 3553 1290 3634 imperatoris
1324 3551 1717 3626 infamamur,
1752 3566 1960 3611 tamen
1993 3570 2341 3631 numquam
2364 3551 2677 3612 Albiniani
2711 3571 2825 3610 nec
2859 3550 3135 3630 Nigriani
3171 3550 3264 3610 vel

658 3659 934 3721 Cassiani
972 3658 1230 3719 inveniri
1266 3671 1604 3738 potuerunt
1637 3657 1990 3732 Christiani,
2026 3659 2131 3717 sed
2169 3658 2332 3717 idem
2369 3657 2482 3738 ipsi
2518 3658 2626 3737 qui
2662 3677 2772 3737 per
2802 3657 3020 3735 genios
3054 3675 3269 3718 eorum

658 3767 724 3827 in
773 3767 967 3846 pridie
1002 3784 1199 3844 usque
1232 3764 1598 3836 iuraverant,
1648 3763 1756 3843 qui
1789 3782 1903 3842 pro
1937 3765 2130 3823 salute
2164 3782 2384 3824 eorum
2420 3764 2650 3825 hostias
2681 3780 2740 3824 et
2772 3763 3041 3825 fecerant
3072 3780 3131 3824 et
3163 3782 3271 3824 vo-

659 3890 888 3948 verant,
924 3874 1030 3954 qui
1053 3871 1436 3933 Christianos
1470 3890 1649 3951 saepe
1684 3873 2145 3946 damnaverant,
2180 3873 2386 3932 hostes
2407 3892 2627 3933 eorum
2648 3888 2794 3933 sunt
2814 3873 3055 3953 reperti.
3091 3872 3271 3932 Chri·

658 3982 892 4041 stianus
927 3979 1156 4040 nullius
1190 3995 1278 4038 est
1313 3979 1525 4052 hostis,
1581 3979 1815 4039 nedum
1849 3979 2248 4059 imperatoris,
2296 3998 2482 4059 quem
2518 3980 2716 4040 sciens
2749 4001 2781 4039 a
2816 3981 2935 4040 deo
2969 3998 3086 4039 suo
3120 3996 3272 4038 con-

657 4088 825 4148 stitui
860 4107 1107 4148 necesse
1141 4102 1229 4146 est
1269 4102 1334 4147 ut
1366 4102 1424 4146 et
1459 4087 1664 4165 ipsum
1699 4086 1908 4165 diligat
1942 4102 1999 4146 et
2035 4103 2379 4147 revereatur
2410 4103 2468 4146 et
2492 4088 2758 4148 honoret
2779 4103 2838 4147 et
2859 4089 3096 4147 salvum
3131 4085 3271 4145 velit

658 4214 802 4256 cum
836 4210 968 4255 toto
991 4195 1282 4255 Romano
1317 4194 1599 4273 imperio,
1635 4213 1970 4273 quousque
2001 4193 2318 4253 saeculum
2352 4194 2562 4254 stabit:
2599 4195 2838 4254 tamdiu
2871 4194 3038 4254 enirn
3071 4192 3268 4253 stabit.

581 4326 600 4368 5
658 4302 944 4363 Colimus
990 4321 1137 4381 ergo
1184 4316 1242 4360 et
1290 4301 1719 4381 imperatorem
1767 4300 1854 4359 sic
1901 4301 2229 4380 quomodo
2276 4315 2334 4361 et
2380 4302 2561 4361 nobis
2594 4301 2734 4362 licet
2765 4316 2823 4361 et
2856 4300 2969 4381 ipsi
3003 4299 3264 4380 expedit,
3309 4293 3314 4298 ’

656 4426 727 4470 ut
775 4410 1095 4470 hominem
1145 4428 1175 4467 a
1225 4409 1343 4468 deo
1392 4408 1738 4468 secundum
1794 4422 1852 4466 et
1902 4407 2199 4486 quicquid
2249 4423 2339 4467 est
2386 4429 2418 4467 a
2453 4409 2571 4469 deo
2605 4423 3009 4468 consecutum
3045 4422 3104 4467 et
3135 4405 3272 4466 solo

659 4519 777 4577 deo
826 4517 1148 4576 minorem.
1217 4516 1353 4575 Hoc
1399 4531 1456 4574 et
1505 4514 1630 4594 ipse
1665 4513 1848 4573 volet.
1914 4514 2013 4574 Sic
2046 4514 2213 4573 enim
2250 4514 2545 4574 omnibus
2579 4516 2776 4575 maior
2808 4530 2914 4590 est,
2952 4514 3103 4574 dum
3135 4513 3272 4573 solo

661 4645 803 4685 vero
838 4624 956 4684 deo
990 4623 1197 4683 minor
1229 4637 1334 4682 est.
1372 4622 1470 4682 Sic
1501 4638 1558 4681 et
1593 4621 1739 4700 ipsis
1774 4620 1889 4680 diis
1922 4620 2118 4682 maior
2152 4637 2261 4698 est,
2298 4622 2450 4682 dum
2484 4639 2542 4682 et
2574 4623 2689 4703 ipsi
2726 4623 2787 4683 in
2809 4637 3105 4704 potestate
3127 4636 3270 4681 sunt

659 4732 807 4792 eius.
860 4731 1067 4810 Itaque
1101 4745 1158 4790 et
1193 4728 1603 4789 sacrificamus
1638 4749 1752 4808 pro
1786 4730 1980 4789 salute
2017 4729 2421 4809 imperatoris,
2456 4732 2562 4791 sed
2597 4732 2715 4792 deo
2750 4747 2960 4791 nostro
2982 4728 3270 4808 etipsiuS,

658 4840 764 4900 sed
811 4839 1137 4918 quomodo
1185 4836 1490 4917 praecepit
1535 4836 1706 4915 deus,
1758 4855 1908 4917 pura
1957 4856 2157 4917 prece.
2222 4838 2367 4898 Non
2402 4836 2567 4897 enim
2603 4852 2741 4916 eget
2782 4839 2955 4912 deus,
2991 4837 3274 4897 conditor

660 4943 1088 5021 universitatis,
1125 4944 1334 5005 odoris
1367 4960 1472 5005 aut
1505 4945 1823 5023 sanguinis
1856 4944 2126 5005 alicuius.
2164 4945 2330 5004 Haec
2363 4945 2530 5004 enim
2552 4944 3029 5006 daemoniorum
3054 4940 3273 5024 pabula
