3684 5416
385 1553 434 1586 to

385 2095 432 2139 ι5

377 3162 432 3204 ²5

379 3696 437 3742 30

381 4230 438 4277 35

1126 376 1391 431 Potestas
1436 375 1817 431 ecclesiastica
1858 389 1913 431 et
1951 375 2256 447 imperium
2296 378 2472 433 civile.
3003 396 3097 450 ²9¹

484 562 772 622 Nostram
819 561 1291 642 dispositionem
1337 560 1600 639 singulis
1633 560 2036 622 Dioecesibus
2083 579 2254 622 nunc
2299 563 2601 624 attributis
2649 564 3106 644 possessionem

483 665 877 747 sumpserint,
925 667 1294 748 illarumque
1329 667 1636 745 Regimen
1668 681 1805 728 actu
1839 670 2153 730 consecuti
2188 669 2433 747 fuerint,
2467 670 2674 731 omnis
2705 670 3103 750 antiquorum

483 775 597 833 sub
631 793 1037 855 quocumque
1070 773 1571 849 ordinariorum,
1604 794 1711 836 seu
1736 774 2143 853 vicariorum,
2175 776 2270 837 vel
2300 776 2866 838 administratorum
2889 771 3108 839 Titulo

485 878 821 954 jurisdictio
854 896 1087 942 cessare
1120 881 1386 956 debebit,
1419 897 1766 960 omnesque
1789 880 2105 942 facultates
2128 882 2190 943 in
2213 882 2511 957 partibus,
2532 898 2593 943 et
2611 881 2769 945 locis
2787 886 2864 944 ab
2885 899 3105 944 eorum

485 986 909 1065 jurisdictione
943 988 1264 1050 subtractis
1295 988 1528 1049 nullius
1560 1003 1743 1049 erunt
1775 988 2044 1069 amplius
2075 989 2315 1050 roboris
2349 990 2445 1051 vel
2477 990 2801 1051 momenti.

699 1094 1011 1174 (xxxvl.)
1090 1097 1223 1157 Nos
1270 1095 1438 1157 enim
1485 1095 1564 1156 ad
1596 1096 2083 1176 respectivorum
2121 1096 2651 1159 Dioecesanorum
2684 1097 2922 1158 utilitati
2957 1115 3110 1157 con-

486 1203 816 1264 sulendum
871 1203 1363 1284 praescribimus,
1414 1218 1474 1264 et
1524 1199 1925 1282 injungimus,
1975 1219 2043 1264 ut
2093 1204 2304 1264 omnia
2350 1219 2409 1264 et
2439 1202 2685 1282 singula
2720 1203 3106 1265 Documenta

488 1309 866 1389 respicientia
902 1308 1221 1384 EcclesiaS,
1255 1307 1601 1379 Dioeceses,
1656 1308 1985 1384 paraecias,
2036 1324 2096 1369 et
2141 1309 2276 1370 loca
2324 1325 2391 1370 ut
2428 1329 2615 1390 supra
2649 1309 3106 1385 dismembrata,

486 1435 553 1476 ac
599 1415 675 1475 de
727 1435 894 1477 novo
945 1415 1242 1498 applicata
1275 1436 1307 1476 a
1343 1413 1649 1477 veteribus
1680 1415 2073 1478 Cancellariis
2107 1417 2363 1490 extrahi,
2399 1433 2458 1478 et
2488 1417 2886 1479 Cancellariis
2921 1417 3108 1477 Dioe-

487 1523 718 1583 cesium
764 1523 992 1603 quibus
1038 1540 1215 1585 erunt
1262 1523 1651 1605 incorporata
1698 1539 2049 1604 opportuna
2098 1523 2298 1585 forma
2344 1525 2519 1603 tradi,
2552 1542 2737 1605 atque
2769 1524 2833 1585 in
2868 1525 2940 1586 iis
2973 1544 3108 1606 per-

487 1644 674 1710 petuo
707 1628 970 1691 debeant
1002 1631 1312 1691 asservari.
1406 1668 1409 1672 ι

699 1736 1043 1812 (XXXVII.)
1109 1736 1393 1799 Vicissim
1428 1753 1634 1798 autem
1667 1737 2063 1799 venerabiles
2086 1737 2324 1799 Fratres
2357 1738 2661 1816 moderni,
2696 1761 2766 1801 ac
2801 1760 2914 1822 pro
2946 1756 3110 1801 tem-

489 1863 633 1924 pore
682 1843 1005 1905 existentes
1037 1845 1376 1924 pragensis,
1425 1860 1485 1905 et
1517 1842 1961 1906 Olomucensis
1996 1845 2458 1927 Archiepiscopi
2509 1865 2623 1909 nec
2657 1867 2788 1908 non
2821 1848 3110 1929 Episcopi

491 1951 1141 2029 Reginorhadecensis,
1196 1968 1255 2013 et
1286 1952 1786 2013 Litomericensis
1831 1954 2139 2029 eamdem,
2186 1964 2378 2032 quam
2423 1973 2590 2014 nunc
2637 1970 2940 2031 exercent,
2973 1955 3108 2037 Spi-

489 2058 766 2119 ritualem
788 2059 815 2120 J
823 2059 1284 2121 urisdictionem
1318 2058 1382 2119 in
1406 2058 1630 2135 Regno
1652 2059 1986 2121 Borussico
2020 2058 2203 2120 etiam
2225 2059 2614 2139 inposterum
2632 2063 3109 2123 conservabunt.

702 2164 1068 2244 (xxxvln.)
1133 2165 1372 2226 Filiales
1406 2185 1576 2242 vero,
1611 2181 1669 2226 et
1703 2165 2089 2228 parochiales
2122 2165 2427 2228 Ecclesias
2460 2183 2801 2244 earumque
2836 2163 2884 2223 F
2888 2161 3110 2223 ractio·

493 2290 599 2331 nes
632 2272 698 2331 in
730 2274 844 2332 hac
877 2273 1099 2334 Nostra
1136 2271 1553 2352 Dispositione
1587 2290 1718 2333 non
1751 2274 2254 2354 comprehensam,
2288 2288 2345 2333 et
2379 2286 2543 2332 extra
2566 2271 2856 2348 Regnum
2878 2270 3109 2330 Borus-

488 2376 608 2438 siae
656 2377 978 2440 existentoe
1023 2400 1054 2440 a
1093 2378 1472 2456 Matricibus,
1521 2393 1579 2438 et
1612 2379 2076 2441 parochialibus
2129 2380 2193 2441 in
2226 2379 2447 2440 eodem
2484 2380 2707 2457 Regno
2742 2375 2954 2457 positis
2986 2374 3109 2435 dis-

489 2482 831 2564 jungimus,
880 2502 936 2546 et
987 2507 1022 2546 a
1072 2484 1556 2566 proximioribus
1602 2485 1933 2545 ordinariis
1981 2485 2113 2546 aliis
2150 2484 2524 2559 MatricibuS,
2555 2499 2615 2544 et
2649 2479 3108 2544 parochialibus

492 2592 838 2670 Ditionum,
887 2594 1115 2674 quibus
1163 2593 1229 2654 in
1273 2591 1719 2672 temporalibus
1764 2590 2100 2670 subjacent,
2131 2592 2526 2673 applicandas
2556 2609 2691 2652 esse
2723 2588 3110 2664 mandamus,

489 2719 557 2759 ac
603 2699 863 2761 vicissim
914 2701 990 2762 de
1022 2699 1336 2777 paraeciis,
1381 2716 1440 2763 et
1473 2699 1784 2762 Filialibus
1820 2699 2104 2762 Ecclesiis
2153 2719 2297 2760 cum
2330 2699 2458 2761 suis
2490 2698 2539 2761 F
2544 2697 2922 2760 ractionibus
2954 2694 3111 2755 intra

490 2806 890 2868 Borussicum
928 2807 1220 2886 Regnum
1272 2807 1502 2887 positis,
1548 2825 1709 2887 quae
1755 2828 1789 2867 a
1839 2807 2200 2868 Matricibus
2246 2822 2410 2868 extra
2459 2805 2623 2866 idem
2659 2806 2952 2884 Regnum
2984 2803 3110 2864 exi-

489 2911 791 2973 stentibus
824 2914 1112 2994 pendent,
1147 2913 1312 2974 idem
1346 2913 1805 2975 observandum
1840 2933 1975 2975 esse
2008 2914 2435 2986 decernimus;
2472 2928 2768 2974 reservata
2802 2911 3021 2988 Nobis„
3054 2924 3112 2970 et

492 3020 636 3082 huic
668 3021 1060 3102 Apostolicae
1093 3022 1223 3082 sedi
1258 3040 1402 3082 cura
1435 3022 1512 3083 de
1546 3021 1860 3103 Spirituali
1894 3021 2220 3101 Regimine
2263 3020 2394 3082 aliis
2431 3021 2729 3097 partibus,
2760 3036 2818 3081 et
2851 3019 3031 3082 Locis
3062 3020 3113 3080 si

490 3146 650 3208 opus
683 3127 863 3190 fuerit
896 3128 1280 3210 providendi.

705 3235 1027 3316 (XXXIX.)
1094 3238 1384 3318 Inspectis
1429 3253 1639 3299 autem
1672 3236 2066 3298 Dioecesium
2099 3235 2408 3297 Borussici
2444 3236 2641 3317 Regni
2689 3236 3116 3318 amplitudine,

490 3364 558 3405 ac
606 3363 834 3424 magno
885 3344 1417 3406 Dioecesanorum
1465 3363 1751 3421 numer0,
1799 3362 1947 3405 cum
1994 3342 2242 3404 difficile
2290 3343 2637 3405 admodum
2670 3358 2827 3405 esset
2858 3343 3116 3405 Archie-

493 3453 775 3534 piscopiS,
821 3468 880 3513 et
915 3452 1237 3533 Episcopis
1269 3450 1784 3513 Confirmationis
1816 3450 2287 3512 Sacramentum
2320 3451 2550 3511 Christi
2601 3451 2884 3512 fidelibus
2918 3450 3116 3513 admi-

493 3560 764 3635 nistrare,
798 3560 1038 3639 aliaque
1075 3558 1450 3621 pontificalia
1483 3577 1741 3619 munera
1775 3557 1908 3619 sine
1942 3557 2190 3619 alterius
2223 3557 2511 3638 Episcopi
2550 3577 2757 3638 opera,
2792 3575 2850 3619 et
2882 3557 3118 3620 auxilio

494 3686 800 3740 exercere;
856 3666 1000 3727 hinc
1031 3667 1164 3728 Nos
1214 3666 1655 3727 confirmantes
1688 3666 2191 3746 Suffraganeatus
2222 3665 2288 3725 in
2323 3663 2727 3726 Dioecesibus
2760 3665 2960 3745 Regni
2991 3665 3117 3726 Bo-

495 3773 721 3834 russiae
768 3773 832 3833 in
880 3773 1109 3853 quibus
1155 3773 1475 3835 constituti
1520 3773 1934 3854 reperiuntur,
1983 3791 2091 3833 eos
2140 3771 2206 3832 in
2240 3770 2628 3847 Coloniensi,
2658 3790 2732 3831 ac
2763 3771 3119 3833 Trevirensi

496 3881 894 3943 Dioecesibus
926 3881 1437 3962 redintegramus,
1473 3897 1532 3942 et
1563 3881 1640 3943 de
1675 3900 1844 3943 novo
1877 3879 2314 3943 constituimus
2342 3898 2356 3939 :
2393 3893 2578 3959 atque
2611 3876 2839 3938 idcirco
2854 3878 3120 3958 quilibet

494 3989 1036 4070 Archiepiscopus,
1069 4005 1127 4050 et
1160 3989 1505 4070 Episcopus
1538 3990 1692 4065 Nos,
1740 4003 1799 4050 et
1834 3988 2158 4049 Romanos
2194 3985 2520 4047 pontifices
2553 3986 2953 4047 Successores
2986 3987 3119 4047 No-

493 4113 649 4156 stros
699 4095 863 4173 juxta
914 4096 1353 4177 praescriptum
1406 4115 1647 4157 morem
1698 4093 2089 4175 supplicabit,
2139 4110 2204 4154 ut
2250 4093 2473 4172 aliquis
2519 4091 2980 4154 Ecclesiasticus
3015 4094 3122 4154 Vir

497 4188 865 4284 opportunis
899 4202 1207 4284 praeditus
1240 4201 1565 4282 requisitis,
1596 4202 1672 4263 ad
1698 4200 2083 4281 Suffraganei
2117 4219 2352 4261 munus
2372 4199 2749 4280 designetur,
2784 4220 2853 4262 ac
2873 4202 3121 4281 praevio

495 4309 813 4371 Canonico
859 4329 1171 4391 processu,
1222 4309 1599 4390 servatisque
1648 4308 1961 4370 consuetis
1994 4307 2209 4368 formis
2245 4308 2322 4369 de
2360 4307 2730 4388 Episcopatu
2764 4309 3027 4372 Titulari
3058 4309 3122 4371 in

497 4418 776 4479 partibus
811 4418 1156 4479 [nfidelium
1190 4437 1336 4480 cum
1373 4434 1651 4479 assuetae
1679 4435 1999 4495 congruae
2035 4414 2469 4494 adsignatione
2503 4415 2913 4496 provideatur.

711 4525 877 4602 (XL.)
943 4524 1259 4599 Quoniam
1303 4542 1449 4584 vero
1485 4521 1858 4602 praeclaram
1891 4520 2383 4601 antiquissimam
2417 4520 2860 4583 Coloniensem
2897 4522 3121 4583 Sedem

497 4631 1103 4712 Archiepiscopalem
1138 4629 1433 4691 duximus
1465 4629 2009 4707 redintegrandam
2044 4628 2218 4709 potiu
2232 4650 2277 4704 S,
2325 4647 2516 4707 quam
2548 4627 2978 4708 Episcopale'm
3013 4627 3124 4688 Se-

500 4739 642 4800 dem
693 4739 1265 4819 Aquisgranensem
1313 4737 1474 4798 illius
1522 4736 1997 4816 quodammodo
2044 4735 2186 4796 loco
2240 4736 2458 4815 viginti
2508 4737 2823 4796 dumtaxat
2866 4738 2943 4795 ab
2978 4735 3125 4795 hinc

498 4847 678 4907 annis
709 4862 975 4908 erectam
1011 4863 1404 4920 conservare3
1439 4843 1711 4924 aliquam
1745 4859 1952 4904 tamen
1970 4841 2247 4904 Civitatis
2270 4842 2793 4922 Aquisgranensis
2826 4842 3123 4904 rationem

499 4955 850 5015 habendam
885 4973 1017 5014 esse
1051 4953 1480 5028 existimanteS,
1527 4949 1771 5030 cognita
1817 4951 2001 5012 etiam
2035 4950 2096 5011 in
2134 4949 2191 5010 id
2242 4970 2546 5030 propensa
2582 4948 2967 5011 Serenissimi
3006 4951 3124 5010 Bo-

2778 5050 2871 5120 ¹9⁶
