3684 5416
362 1548 414 1579 10

364 2530 411 2572 ¹5

360 3154 417 3185 20

361 3689 412 3732 ²5

360 4879 412 4922 35

1623 379 1945 436 Ordinatio.
2986 399 3087 454 377

683 564 964 626 Clericus
1011 563 1464 645 professionem
1514 584 1694 626 suam
1740 564 1925 625 etiam
1975 566 2187 627 habitu
2221 580 2280 625 et
2314 565 2560 626 incessu
2593 568 2827 646 probet,
2858 582 2916 626 et
2949 566 3091 626 ideo

473 692 586 733 nec
622 674 917 750 uestibus,
950 691 1065 733 nec
1097 672 1508 733 calciamentis
1540 673 1831 734 decorem
1866 688 2098 752 querat.

685 778 959 840 Gratian.
1006 780 1187 840 Sicut
1228 801 1375 860 ergo
1428 783 1493 841 in
1539 781 1699 841 cibis
1731 800 1932 840 mores
1962 800 2193 854 eorum,
2224 802 2360 842 cum
2398 781 2619 862 quibus
2651 785 2945 856 uiuimus,
2977 782 3087 843 ob-

472 908 724 948 seruare
767 906 1106 961 monemur,
1152 888 1247 947 sic
1292 894 1353 946 et
1396 888 1472 947 de
1518 888 1894 947 indumentis
1945 887 2412 968 intellegendum
2445 895 2551 948 est.
2627 888 2714 950 Ut
2740 892 2900 950 enim
2933 889 3094 950 alibi

470 996 704 1055 dicitur
749 998 832 1068 (c.
873 1012 930 1055 1.
966 993 1049 1053 D.
1093 991 1269 1068 XLI)
1288 1015 1312 1054 .·
1366 996 1686 1074 «quisquis
1733 998 2095 1075 contemptis
2141 994 2262 1069 bis,
2308 1016 2443 1056 cum
2478 995 2698 1076 quibus
2730 999 2915 1071 uiuit,
2946 998 3087 1057 lau-

471 1106 632 1163 tiora
679 1101 807 1162 sibi
833 1102 939 1161 uel
964 1104 1315 1162 austeriora
1334 1110 1457 1183 pre
1488 1103 1709 1161 ceteris
1743 1102 2100 1162 indumenta
2132 1103 2236 1163 uel
2260 1104 2556 1164 alimenta
2588 1106 2813 1184 querit,
2846 1112 2956 1165 aut
2986 1107 3087 1165 in-

474 1218 816 1290 temperans
861 1212 965 1270 sui
1005 1215 1116 1283 est,
1163 1216 1273 1268 aut
1315 1210 1854 1289 supersticiosus».
1919 1209 2170 1270 Incessu
2202 1216 2401 1271 autem
2436 1210 2611 1271 debet
2639 1230 2770 1272 esse
2802 1213 3090 1273 sacerdos

469 1324 749 1390 ornatus,
799 1323 870 1376 ut
905 1317 1226 1396 grauitate
1276 1317 1524 1375 itineris
1573 1318 1795 1376 mentis
1842 1317 2259 1376 maturitatem
2291 1318 2589 1378 ostendat.
2654 1318 3088 1398 Incompositio

472 1427 630 1485 enim
676 1426 955 1505 corporis
989 1427 1092 1497 (ut
1119 1423 1509 1503 Augustinus
1540 1420 1690 1504 [Ep.
1727 1421 1900 1484 CIX.
1943 1423 2029 1483 ad
2069 1421 2437 1502 monachos]
2468 1425 2563 1484 ait
2590 1425 2947 1505 qualitatem
2983 1427 3083 1485 in-

472 1534 642 1592 dicat
668 1534 908 1593 mentis,
944 1530 1120 1591 Unde
1149 1530 1688 1612 historiographus
1720 1531 1828 1592 ille
1860 1551 1996 1591 cum
2030 1531 2496 1593 mutabilitatem
2531 1535 2663 1592 eius
2693 1532 3088 1601 describeret,

470 1642 645 1699 cuius
677 1640 1053 1699 conscientia
1085 1640 1284 1699 excita
1315 1641 1486 1699 curis
1519 1637 1808 1699 uastabat
1835 1645 2114 1710 mentem,
2137 1641 2298 1699 inter
2317 1646 2519 1699 cetera
2551 1640 2735 1699 etiam
2768 1637 2879 1699 boc
2912 1645 3087 1700 nota-

473 1745 591 1805 bile
624 1747 986 1806 inducauit:
1038 1746 1362 1805 «Incessus
1395 1748 1528 1805 eius
1559 1746 1734 1805 modo
1766 1748 1927 1805 citus
1961 1745 2136 1806 modo
2169 1746 2449 1805 tardus».

1403 2080 1461 2162 β)
1526 2077 1768 2143 Decus
1814 2076 2168 2143 clericale.

1239 2324 1371 2379 148.
1424 2323 1914 2380 nnmommus
1953 2324 2315 2394 (sal—420).

911 2502 1224 2559 InMich.
1264 2505 1652 2575 Propheta
1691 2505 1777 2559 ad
1818 2522 1866 2559 c.
1908 2522 1955 2558 2.
1997 2527 2066 2550 z
2104 2522 2152 2559 c.
2189 2523 2239 2574 4.
2281 2505 2349 2558 D.
2391 2504 2648 2558 XXXIV.

698 2647 725 2675 ⁶
781 2647 1086 2720 Corp.1'ur.
1125 2665 1247 2701 can.
1286 2647 1375 2701 ed.
1415 2645 1853 2718 Friedberg.
1892 2648 2135 2701 ‘som-I.
2177 2646 2286 2702 col.
2333 2664 2446 2720 ¹3¹·

851 2789 1309 2860 lgnominiosum
1339 2802 1424 2845 est
1452 2789 1739 2845 sacerdoti
1764 2789 2002 2844 affluere
2031 2788 2259 2843 deliciis.
2302 2791 2485 2855 (Decr.
2513 2790 2703 2854 Grat.)

683 2905 989 2967 Ecclesiae
1041 2904 1365 2986 principeS,
1412 2905 1521 2984 qui
1568 2903 1797 2965 deliciis
1851 2904 2134 2983 affluunt,
2167 2920 2227 2965 et
2258 2904 2418 2964 inter
2448 2902 2661 2984 epulas
2693 2920 2879 2984 atque
2913 2904 3088 2965 lasci-

474 3015 606 3075 uias
652 3011 1009 3094 pudicitiam
1058 3031 1303 3072 seruare
1337 3032 1400 3072 se
1434 3013 1708 3086 credunt,
1743 3011 2141 3092 propheticus
2175 3030 2380 3071 sermo
2412 3011 2715 3086 describit,
2757 3012 2970 3091 «quod
3003 3013 3087 3072 ei-

477 3120 677 3180 ciendi
714 3119 837 3180 sint
884 3118 960 3180 de
1008 3118 1290 3199 spatiosis
1341 3118 1633 3179 domibus
1684 3119 1992 3198 lautisque
2026 3117 2337 3179 conuiuiis
2370 3132 2428 3178 et
2460 3118 2659 3178 multo
2693 3116 2903 3179 labore
2939 3138 3088 3180 con-

475 3225 712 3307 quisitis
745 3225 943 3307 epulis
976 3241 1227 3306 propter
1260 3225 1449 3285 malas
1482 3225 1887 3304 cogitationes
1920 3239 1980 3285 et
2011 3244 2199 3306 opera
2232 3245 2405 3286 sua».
2438 3225 2513 3284 Et
2544 3224 2595 3284 si
2627 3225 2723 3285 uis
2756 3226 2929 3301 scire,
2961 3245 3091 3305 quo

472 3333 730 3394 eiciendi
783 3347 945 3410 sunt,
998 3332 1395 3411 euangelium
1446 3333 1614 3410 lege:
1673 3331 1774 3391 «in
1823 3333 2107 3391 tenebras
2160 3331 2391 3391 scilicet
2440 3332 2788 3410 exteriores,
2840 3333 2943 3392 ubi
2979 3332 3088 3392 erit

473 3441 650 3501 fletus
685 3456 742 3500 et
773 3440 997 3501 stridor
1028 3440 1371 3501 dentium».
1434 3445 1534 3499 An
1585 3457 1718 3499 non
1749 3437 2035 3498 confusio
2069 3453 2129 3497 et
2161 3437 2503 3517 ignominia
2536 3454 2626 3498 est
2658 3438 2861 3499 Iesum
2894 3439 3089 3499 cruci-

436 3603 440 3606 ,
473 3547 687 3625 fixum,
720 3565 1059 3628 pauperem
1093 3562 1153 3607 et
1185 3545 1579 3622 esurientem,
1615 3544 1787 3605 farsis
1820 3543 2133 3625 predicare
2167 3544 2572 3624 corporibus?
2620 3560 2678 3604 et
2710 3544 3090 3606 ieiuniorum

472 3654 815 3714 doctrinam
853 3657 1141 3714 rubentes
1174 3656 1400 3715 buccas
1432 3652 1858 3732 tumentiaque
1892 3671 1998 3712 ora
2031 3651 2343 3732 proferre?
2393 3651 2455 3711 Si
2504 3651 2568 3711 in
2602 3651 2743 3712 loco
2777 3652 3090 3733 apostolo-

473 3781 611 3821 rum
660 3781 896 3838 sumuS,
951 3780 1083 3823 non
1130 3762 1337 3822 solum
1382 3779 1738 3821 sermonem
1787 3779 2004 3819 eorum
2048 3759 2380 3836 imitemur,
2410 3759 2517 3819 sed
2552 3759 3090 3819 conuersationem

471 3885 527 3928 et
560 3868 1012 3929 abstinentiam.

1253 4040 1381 4096 149.
1435 4040 1810 4097 GELASIUS
1853 4042 1903 4094 1.
1943 4038 2304 4108 (492—496).

471 4202 825 4256 Gelasius
854 4202 1050 4273 Papa
1078 4203 1166 4256 ad
1195 4201 1626 4273 Episcopos
1665 4200 2237 4272 per1.ucaniam
2267 4216 2418 4254 ze.
2449 4216 2497 4254 2.
2541 4197 2708 4253 Dist.
2737 4196 3091 4252 LXXXVIII.

683 4326 713 4355 ‘
770 4328 929 4398 Corp.
983 4327 1089 4379 iur.
1141 4341 1262 4377 can.
1318 4323 1406 4378 ed.
1459 4322 1893 4393 Friedberg.
1960 4323 2131 4377 Tom.
2187 4323 2223 4376 Ι.
2279 4322 2386 4377 col.
2444 4339 2562 4394 307.
2626 4319 2877 4383 Thiel‚
2932 4322 3093 4391 Epist.

474 4408 705 4460 Roman.
746 4407 900 4459 Pont.
938 4423 991 4476 p.
1035 4422 1152 4476 37¹·
1219 4401 2017 4468 Jaffe-Wattenbach,
2056 4420 2111 4456 n.
2148 4401 2254 4472 498
2294 4405 2470 4473 (391).

471 4547 862 4604 Prohibentur
901 4565 1040 4618 ergo
1084 4545 1270 4602 clerici
1311 4545 1635 4617 cupiditatis
1677 4544 1923 4616 negocia
1950 4544 2257 4616 suscipere,
2286 4562 2404 4599 non
2432 4543 2654 4616 pietatis
2684 4561 2881 4598 curam
2910 4541 3093 4596 uiduis

1187 4640 1245 4683 et
1273 4626 1545 4699 orphanis
1574 4627 1927 4698 impendere.
1970 4629 2155 4692 (Decr.
2186 4629 2374 4692 Grat.)

687 4743 1099 4823 Consequens
1132 4756 1240 4818 est,
1275 4757 1344 4803 ut
1376 4742 1475 4802 illa
1510 4761 1788 4821 quoque,
1825 4761 1950 4821 que
1984 4741 2060 4801 de
2095 4740 2298 4801 Piceni
2332 4739 2603 4820 partibus
2637 4756 2840 4818 nuper
2870 4737 2945 4796 ad
2981 4756 3093 4796 nos

474 4851 655 4912 missa
691 4848 906 4910 relatio
940 4849 1267 4926 nuntiauit,
1317 4868 1445 4909 non
1480 4849 1884 4929 pretereunda
1920 4863 2299 4928 putaremus,
2338 4846 2399 4907 id
2434 4863 2540 4918 est,
2575 4845 2881 4925 plurimos
2914 4843 3091 4903 cleri-

473 4975 691 5018 corum
727 4957 1252 5036 negotiationibus
1286 4955 1631 5016 inhonestis
1665 4970 1723 5015 et
1755 4955 2042 5035 turpibus
2073 4954 2256 5014 lucris
2290 4953 2608 5029 inminere,
2644 4951 2818 5012 nullo
2852 4950 3093 5031 pudore
