3684 5416
547 385 650 435 ²24
1177 367 1441 421 Potestas
1480 365 1859 421 ecclesiastica
1900 378 1955 419 et
1993 365 2294 434 imperium
2335 365 2509 419 civile.

545 549 816 625 siasticis,
862 569 1020 628 quae
1067 566 1345 631 tempore
1393 549 1691 610 interdicti
1741 548 2070 609 ministrari
2116 550 2571 628 permittuntur,
2619 566 2833 611 exeant
2884 567 2942 612 et
2973 553 3164 612 disce-

547 657 709 728 dant,
755 676 958 736 neque
1004 658 1081 717 ad
1129 676 1391 736 regnum
1444 672 1501 717 et
1533 655 1809 717 dominia
1845 655 2145 736 praedicta
2181 673 2575 732 revertantur,
2609 658 2814 718 donek
2850 659 3067 719 moniti
3105 675 3161 718 et

546 763 1085 839 excommunicati,
1134 764 1459 844 aggravati,
1509 763 1901 845 reaggravati,
1953 764 2186 846 privati,
2220 764 2528 825 maledicti
2559 780 2618 824 et
2650 765 2955 825 damnatis
2990 786 3158 846 prae-

548 870 689 930 dicti
734 871 1185 933 monitionibus
1232 888 1290 932 et
1341 871 1644 932 mandatis
1678 871 1902 933 nostris
1935 871 2294 933 huiusmodi
2329 872 2905 951 obtemperaverint,
2940 887 2999 932 et
3033 892 3159 932 me-

469 1014 488 1056 3
546 977 779 1039 ruerint
824 998 856 1037 a
904 978 1178 1040 censuris
1225 978 1587 1039 huiusmodi
1634 976 2041 1039 absolutionis
2093 977 2468 1039 beneficium
2500 978 2798 1046 obtinere,
2830 997 2940 1039 seu
2974 979 3160 1039 inter-

448 1548 494 1578 to

454 3685 503 3728 30

546 1082 780 1144 dictum
811 1083 873 1144 in
907 1103 1101 1164 regno
1136 1102 1193 1143 et
1225 1082 1517 1144 dominiis
1552 1083 1880 1163 praedictis
1917 1083 2096 1144 fuerit
2127 1083 2460 1144 sublatum.

760 1199 789 1260 S
836 1211 926 1270 ¹4·
991 1192 1320 1266 Praeterea,
1369 1191 1417 1250 si
1468 1190 1816 1270 praemissis
1868 1208 1998 1251 non
2045 1189 2450 1264 obstantibus,
2490 1190 2801 1252 Henricus
2835 1212 2955 1267 rex,
2990 1212 3157 1254 com·

546 1285 748 1377 plices,
798 1296 1088 1375 fautores,
1136 1299 1561 1375 adhaerentes„
1611 1297 2000 1358 consultores
2047 1313 2103 1357 et
2150 1316 2447 1377 sequaces
2495 1298 2783 1377 praedicti
2832 1299 2896 1360 in
2943 1319 3161 1361 eorum

548 1403 874 1483 pertinacia
920 1405 1458 1485 perseveraverint,
1509 1423 1622 1465 nec
1667 1403 2079 1465 conscientiae
2130 1403 2415 1464 stimulos
2447 1422 2555 1465 eos
2586 1405 2664 1464 ad
2696 1423 2803 1466 cor
2837 1407 3159 1476 reduxerit,

548 1510 611 1570 in
663 1530 884 1572 eorum
937 1511 1088 1572 forte
1141 1511 1416 1592 potentia
1467 1526 1525 1571 et
1575 1511 1760 1571 armis
1805 1509 2210 1585 confidentes,
2259 1529 2477 1572 omnes
2522 1527 2581 1572 et
2625 1511 2904 1590 singulos
2955 1515 3160 1584 duceS,

551 1617 959 1694 marchiones,
1006 1618 1260 1678 comites
1307 1635 1364 1678 et
1411 1618 1564 1679 alios
1611 1636 2048 1697 quoscumque
2096 1633 2223 1679 tam
2266 1618 2610 1679 saeculares
2657 1639 2849 1698 quam
2883 1621 3159 1682 ecclesia-

549 1726 751 1801 sticos,
783 1725 963 1786 etiam
1002 1726 1298 1799 forenses,
1349 1727 1424 1786 de
1460 1724 1620 1786 facto
1656 1725 1818 1785 dicto
1855 1724 2127 1785 Henrico
2160 1724 2288 1805 regi
2321 1725 2700 1801 obedientes,
2733 1729 2850 1787 sub
2882 1729 3164 1788 eiusdem

550 1832 1209 1894 excommunicationis
1241 1853 1310 1893 ac
1340 1832 1702 1914 perditionis
1752 1835 2069 1892 bonorum
2103 1850 2362 1892 suorum
2403 1832 2602 1912 (quae,
2638 1849 2705 1893 ut
2735 1833 2890 1895 infra
2924 1835 3159 1902 dicitur,

550 1937 824 2006 similiter
868 1940 1239 2022 capientium
1283 1940 1446 2017 fiant)
1494 1940 1711 2020 poenis
1756 1939 2131 2019 requirimus
2182 1954 2240 1998 et
2275 1957 2607 2000 monemus
2638 1956 2961 2019 quatenuS,
2992 1941 3163 2002 omni

476 2081 493 2112 ς
551 2064 722 2105 mora
774 2064 831 2106 et
882 2046 1270 2108 excusatione
1320 2048 1679 2128 postposita,
1729 2067 1837 2107 eos
1872 2062 1929 2106 et
1962 2064 2183 2106 eorum
2215 2045 2495 2124 singulos
2527 2066 2596 2107 ac
2632 2047 2912 2128 ipsorum
2946 2047 3163 2109 milites

551 2169 608 2213 et
639 2154 1084 2234 stipendiarios,
1130 2170 1254 2215 tam
1300 2169 1613 2234 equestres
1659 2173 1852 2232 quam
1885 2154 2211 2233 pedestres,
2247 2153 2526 2233 aliosque
2561 2174 3018 2236 quoscumque,
3054 2158 3160 2236 qui

553 2261 639 2320 eis
669 2280 812 2321 cum
847 2261 1032 2323 armis
1080 2260 1355 2337 faverint,
1405 2262 1481 2322 de
1515 2280 1709 2340 regno
1743 2276 1803 2321 et
1837 2259 2127 2320 dominiis
2161 2260 2505 2339 praedictis,
2539 2263 2723 2322 etiam
2755 2264 2811 2322 vi
2847 2281 3161 2324 armorum

555 2366 603 2427 si
638 2386 796 2447 opus
830 2367 1030 2445 fuerit,
1065 2368 1401 2448 expellant;
1438 2388 1506 2428 ac
1539 2369 1710 2447 quod
1748 2367 2059 2428 Heuricus
2093 2386 2195 2427 rex
2229 2383 2287 2427 et
2320 2367 2456 2430 eius
2487 2368 2839 2449 complices,
2877 2370 3160 2445 fautores,

552 2473 969 2546 adhaerenteS,
1005 2477 1447 2537 consultatores
1481 2492 1539 2536 et
1569 2495 1884 2555 sequaces,
1924 2474 2224 2535 mandatis
2257 2477 2481 2536 nostris
2514 2496 2642 2537 non
2676 2480 3163 2558 obtemperantes

552 2580 892 2660 praedictis,
925 2583 1000 2642 de
1032 2581 1394 2660 civitatibuS,
1428 2583 1618 2660 terriS‚
1652 2583 1875 2659 castriS‚
1909 2582 2080 2656 villis,
2113 2582 2374 2663 oppidis,
2413 2582 2712 2645 fortalitiis
2732 2601 2836 2645 aut
2856 2584 2988 2645 aliis
3018 2583 3164 2645 locis

553 2687 726 2766 regni
758 2704 815 2748 et
848 2689 1106 2750 dominii
1142 2691 1597 2771 praedictorum
1631 2711 1693 2751 se
1729 2710 1856 2751 non
1892 2689 2320 2764 intromittant,
2355 2705 2718 2769 procurent;
2754 2689 2857 2761 eis,
2889 2694 3007 2753 sub
3029 2710 3164 2753 om-

553 2793 736 2855 nibus
769 2811 827 2856 et
857 2796 1113 2877 singulis
1147 2799 1366 2878 poenis
1400 2796 1738 2878 praedictis,
1771 2797 2120 2857 inhibentes
2153 2815 2231 2856 ne
2252 2796 2316 2856 in
2339 2795 2613 2856 favorem
2635 2797 2884 2858 Henrici
2908 2799 3163 2878 eiusque

553 2901 955 2982 complicum,
988 2904 1308 2979 fautorem,
1340 2905 1826 2980 adhaerentium,
1860 2903 2285 2964 consultorum
2310 2918 2368 2963 et
2389 2905 2751 2983 sequacium
2775 2904 3165 2985 aliorumque

554 3014 938 3079 monitorum
984 3013 1434 3093 praedictorum
1483 3013 1784 3074 mandan‘s
1815 3011 2040 3072 nostris
2073 3029 2204 3071 non
2237 3012 2825 3091 obtemperantium,
2858 3032 3026 3074 arma
3058 3033 3165 3073 cu-

480 3151 496 3181 z
555 3123 797 3184 iuslibet
840 3120 1083 3201 generis
1128 3119 1422 3180 offensiva
1469 3137 1525 3180 et
1571 3118 1903 3195 defensiva,
1958 3117 2275 3179 machinas
2321 3137 2577 3198 quoque
2624 3119 2871 3180 bellicas
2901 3139 3009 3180 seu
3043 3136 3164 3180 tor-

557 3245 762 3290 menta
810 3226 1156 3303 (anellarias
1204 3228 1573 3307 nuncupata)
1620 3241 1870 3286 sumant
1915 3240 2020 3285 aut
2049 3240 2299 3284 teneant
2332 3244 2440 3285 seu
2480 3224 2600 3285 illis
2634 3242 2903 3297 utantur,
2937 3243 3041 3287 aut
3073 3245 3167 3286 ar-

558 3350 754 3396 matos
800 3335 1057 3414 aliquos,
1105 3348 1338 3414 praeter
1384 3348 1745 3394 consuetam
1791 3332 2102 3403 familiam,
2150 3347 2397 3412 parent;
2452 3347 2558 3391 aut
2590 3334 2666 3392 ab
2703 3333 2973 3393 Henrico
3007 3352 3165 3412 rege,

555 3442 981 3521 complicibus,
1016 3440 1378 3513 fautoribus,
1414 3438 1903 3515 adhaerentibus,
1937 3438 2402 3499 consultoribus
2437 3455 2496 3499 et
2516 3439 2890 3519 sequacibus
2915 3439 3007 3499 vel
3040 3439 3169 3500 aliis

557 3549 620 3610 in
654 3549 815 3629 regis
846 3547 1037 3627 ipsius
1072 3547 1343 3607 favorem
1378 3561 1638 3627 paratos,
1687 3545 2182 3627 quomodolibet,
2235 3546 2450 3624 quavis
2483 3547 2808 3608 occasione
2843 3546 2937 3607 vel
2971 3567 3168 3622 causa,

558 3676 666 3738 per
697 3675 761 3716 se
794 3655 887 3716 vel
919 3654 1107 3715 alium
1143 3673 1253 3714 seu
1286 3653 1454 3725 alios,
1496 3653 1735 3733 publice
1768 3654 1861 3713 vel
1898 3653 2154 3728 occulte,
2193 3653 2416 3713 directe
2452 3654 2545 3713 vel
2581 3653 2894 3729 indirecte,
2929 3669 3169 3714 teneant

558 3764 653 3824 vel
686 3777 1023 3843 receptent:
1059 3778 1161 3821 aut
1194 3761 1359 3822 dicto
1393 3760 1665 3820 Henrico
1699 3760 1822 3835 regi
1859 3779 1969 3820 seu
2004 3760 2166 3820 illius
2200 3759 2629 3840 complicibus,
2665 3760 3030 3833 fautoribuS,
3064 3761 3168 3820 ad-

560 3870 967 3946 haerentibus,
1012 3866 1474 3929 consultoribus
1505 3882 1562 3926 et
1594 3866 1968 3945 sequacibus
2004 3866 2322 3947 praedictis
2356 3867 2710 3943 consilium,
2746 3867 3044 3929 auxilium
3077 3866 3171 3926 vel

562 3978 833 4038 favorem
883 3974 1360 4056 quomodolibet
1409 3993 1482 4034 ex
1532 3973 1747 4053 quavis
1798 3992 1980 4034 causa
2033 3974 2125 4034 vel
2178 3973 2404 4052 quovis
2456 3975 2740 4054 quaesito
2793 3976 2998 4035 colore
3048 3975 3171 4033 sive

559 4084 832 4164 ingeni0,
879 4082 1125 4164 publice
1173 4082 1266 4141 vel
1310 4080 1567 4157 occulte,
1616 4081 1840 4141 directe
1892 4080 1986 4141 vel
2034 4080 2341 4155 indirecte,
2374 4081 2551 4141 tacite
2583 4081 2680 4141 vel
2714 4100 3013 4162 expresse,
3067 4097 3172 4160 per

485 4220 501 4249 a
559 4211 623 4252 se
655 4191 751 4251 vel
783 4190 967 4252 alium
1002 4209 1110 4250 seu
1144 4188 1313 4258 alios,
1362 4188 1426 4248 in
1462 4187 1807 4268 praemissis
1840 4188 1934 4247 vel
1968 4187 2178 4266 aliquo
2215 4187 2691 4267 praemissorum
2727 4203 3033 4268 praestent
3064 4205 3171 4246 seu

563 4299 850 4381 praestari
889 4297 1106 4358 faciant
1139 4296 1632 4376 quomodolibet.

776 4414 804 4473 s
850 4421 940 4483 ¹5-
1004 4405 1336 4478 Praeterea,
1385 4405 1461 4464 ad
1509 4403 1743 4464 dictum
1794 4402 2137 4463 Henricum
2185 4422 2393 4481 regem
2443 4403 2677 4463 facilius
2726 4402 2800 4462 ad
2833 4401 3169 4473 sanitatem,

561 4531 619 4575 et
664 4512 964 4593 praefatae
997 4511 1172 4572 Sedis
1218 4512 1633 4574 obedientiam
1675 4512 2118 4583 reducendum,
2152 4529 2376 4572 omnes
2408 4526 2467 4571 et
2498 4510 2777 4590 singulos
2810 4509 3173 4570 christianos

562 4621 889 4703 principeS,
943 4637 1361 4699 quacumque,
1411 4619 1593 4679 etiam
1644 4618 1945 4699 imperiali
1997 4634 2053 4678 et
2104 4619 2308 4699 regali,
2363 4618 2655 4698 dignitate
2703 4616 3021 4695 fulgentes,
3068 4634 3174 4694 per

563 4729 787 4791 viscera
833 4728 1284 4790 misericordiae
1319 4728 1433 4788 Dei
1479 4726 1669 4787 nostri
1704 4726 1903 4803 (cuius
1938 4746 2120 4786 causa
2161 4727 2379 4803 agitur)
2415 4727 2736 4786 hortamur
2767 4740 2823 4783 et
2858 4724 2921 4783 in
2958 4723 3174 4784 Domi-

563 4838 667 4899 nio
714 4836 1106 4916 requirimuS,
1156 4836 1243 4895 eis
1290 4833 1718 4911 nihilominus,
1754 4834 1861 4913 qui
1895 4834 2265 4912 imperatore
2303 4846 2362 4891 et
2395 4850 2533 4912 rege
2570 4830 2893 4892 inferiores
2927 4829 3171 4901 fuerint,

564 4964 744 5026 quos,
781 4960 1029 5024 propter
1061 4941 1479 5003 excellentiam
1517 4940 1849 5019 dignitatis,
1882 4961 1914 4999 a
1948 4940 2222 5000 censuris
2255 4938 2616 5019 excipimus»,
2668 4939 2782 4998 sub
2817 4954 3175 4998 excommu-
