3684 5416
499 1685 548 1717 10

495 2716 548 2748 20

497 3250 546 3295 25

495 3902 548 3947 30

495 4400 544 4445 35

608 318 716 395 2:26'
1752 339 2076 395 Ordinatio.

602 520 872 578 verentia
917 520 1270 599 spiritualis
1315 524 1510 602 tepuit
1553 525 1715 582 inter
1748 525 1937 602 ipsos,
1970 525 2133 583 unde
2164 544 2542 604 nequaquam
2576 547 2735 589 unus,
2767 525 3221 606 quodlibetsa-

601 646 736 684 cere
764 633 1026 707 propter
1068 626 1260 687 alium
1284 632 1733 708 praetermittit
1745 639 1867 711 per
1899 631 2289 692 insolentiam
2322 630 2690 712 eorundem,]
2727 634 3041 693 interdum
3081 633 3221 693 ludi

599 738 705 792 etc.
747 735 849 811 (cf
881 756 929 793 c.
976 752 1077 794 12.
1118 735 1193 795 de
1224 738 1350 795 vita
1381 742 1442 797 et
1470 735 1606 798 hon.
1639 737 1781 797 cler.
1804 737 1921 797 III.
1953 742 2048 808 1.)
2086 737 2250 799 Finis
2282 759 2513 820 qnoque
2544 741 2878 802 canonicor
2897 759 3007 800 um
3043 759 3219 820 prae-

601 840 830 900 bendas
861 840 926 901 in
958 841 1190 903 eisdem
1224 843 1490 905 ecclesiis
1523 844 1789 906 conferri
1822 864 1953 906 non
1986 845 2212 921 sinatis,
2244 865 2511 926 quarum
2542 863 2688 908 sunt
2709 848 2993 909 canonici
3021 863 3224 928 patres

600 965 840 1024 eorum,
875 968 1071 1028 quum
1109 950 1474 1011 indecorum
1504 952 1599 1026 sit,
1635 967 1702 1011 ut
1736 952 1800 1012 in
1832 952 2034 1012 altaris
2065 951 2273 1013 officio
2307 952 2660 1033 illegitimus
2693 953 2856 1014 filius
2889 952 3221 1035 impudico

599 1052 752 1133 patri
802 1055 1119 1134 ministret,
1168 1057 1232 1117 in
1278 1077 1407 1138 quo
1457 1059 1816 1139 unigenitus
1853 1060 1963 1120 Dei
2012 1060 2174 1121 filius
2219 1076 2469 1122 aeterno
2517 1061 2668 1141 patri
2718 1080 2829 1141 pro
2863 1061 3059 1121 salute
3093 1062 3214 1121 hu-

600 1161 766 1221 mani
812 1163 1054 1242 generis
1100 1164 1461 1227 victimatur.
1524 1166 1943 1227 praelibatam
1990 1188 2129 1227 vero
2164 1174 2269 1227 etc.
2345 1169 2452 1246 (ᾳ
2494 1190 2543 1228 c.
2582 1185 2681 1229 12.
2715 1168 2788 1228 de
2819 1171 2946 1227 vita
2984 1174 3045 1228 et
3071 1167 3218 1228 hon.

599 1268 672 1329 cl.
706 1269 825 1329 III.
872 1272 959 1342 Ι.)
1025 1270 1182 1350 [Dat.
1220 1272 1404 1333 Rom.
1443 1293 1537 1354 ap.
1575 1274 1636 1335 S.
1673 1274 1826 1334 Petr.
1862 1273 1959 1334 VI.
1995 1274 2078 1334 Id.
2115 1275 2235 1336 Ian.
2271 1281 2391 1335 Αο.
2429 1274 2526 1335 IX.
2572 1287 2777 1353 1207.j

1264 1516 1355 1571 83.
1407 1514 1858 1573 BoNIPAcmS
1897 1517 2069 1573 V111.
2110 1516 2541 1587 (moin-1803).

786 1672 846 1729 a)
900 1681 945 1719 c.
998 1684 1035 1720 1.
1074 1665 1144 1721 in
1181 1667 1297 1721 V10.
1335 1670 1402 1722 de
1424 1672 1564 1740 filiis
1589 1672 2027 1742 presbiterorum
2063 1674 2121 1723 et
2152 1671 2276 1723 aliis
2311 1671 2612 1739 illegittime
2649 1670 2811 1722 natis.
2849 1668 2887 1722 1.
2937 1686 3011 1723 ιι.

814 1790 842 1818 ‘
882 1792 1042 1862 Corp.
1079 1795 1184 1847 iur.
1224 1810 1344 1846 can.
1385 1794 1479 1847 ed.
1515 1793 1948 1865 Friedberg.
1989 1794 2164 1849 Tom.
2203 1794 2266 1847 11.
2306 1793 2416 1849 col.
2445 1809 2568 1866 977.

603 1932 753 1986 Cum
791 1932 1080 2006 illegitime
1119 1935 1264 1991 natis
1301 1936 1632 2009 dispensant
1658 1935 1913 2009 episcopi
1939 1936 1995 1991 in
2022 1937 2340 1992 minoribus
2367 1937 2662 1993 ordinibus
2691 1952 2747 1992 et
2774 1934 3068 1992 beneficio
3096 1934 3218 1989 sine

604 2030 767 2083 cura3
807 2015 1127 2071 dummodo
1155 2016 1224 2072 sit
1252 2017 1379 2087 tale,
1407 2019 1464 2072 in
1491 2036 1608 2089 quo
1637 2017 1774 2073 alias
1802 2016 2132 2089 dispensare
2160 2019 2396 2090 possint.
2424 2020 2487 2073 ln
2507 2018 2623 2073 aliis
2646 2016 2998 2089 dispensatio
3023 2017 3216 2087 Papae

603 2093 918 2165 requiritur.
970 2097 1167 2152 Ioann.
1209 2099 1386 2152 Andr.
1419 2130 1479 2136 —
1511 2100 1545 2168 ἓ
1581 2118 1622 2153 1.
1663 2098 1722 2153 Si
1751 2098 2144 2170 dispensatum
2172 2099 2341 2154 fuerit
2366 2117 2495 2154 cum
2524 2099 2735 2172 aliquo,
2764 2097 2924 2170 quod
2956 2114 3078 2151 non
3107 2098 3216 2152 ob-

602 2187 787 2229 stante
828 2176 943 2231 ullo
983 2177 1210 2233 defectu
1248 2179 1431 2250 possit
1455 2181 1526 2233 ad
1556 2193 1817 2235 curatum
1850 2178 2194 2235 beneficium
2222 2180 2571 2250 promoveri,
2597 2191 2895 2251 praetextu
2931 2177 3074 2231 illius
3103 2176 3220 2231 dis-

804 2256 1153 2326 pensationis
1182 2275 1299 2312 non
1328 2258 1540 2329 poterit
1568 2258 1684 2313 duo
1717 2256 1993 2313 beneficia
2019 2258 2248 2313 insimul
2274 2257 2552 2313 obtinere.
2603 2260 2798 2314 loann.
2827 2260 2916 2312 An
2930 2257 3012 2310 dr.

817 2367 889 2445 1s,
942 2368 1051 2448 qui
1099 2368 1409 2430 defectum
1459 2369 1684 2450 patitur
1735 2369 2054 2446 natalium,
2107 2388 2177 2429 ex
2224 2368 2679 2449 dispensatione
2726 2367 3002 2449 episcopi
3049 2366 3212 2426 licite

603 2489 820 2553 potest,
868 2475 917 2536 si
963 2476 1018 2536 ei
1063 2476 1230 2537 aliud
1268 2476 1638 2538 canonicum
1672 2495 1803 2536 non
1836 2476 2105 2556 obsistat,
2137 2477 2213 2537 ad
2247 2478 2494 2538 ordines
2526 2478 2885 2559 promoveri
2922 2476 3218 2553 minores,

602 2594 658 2640 et
691 2582 968 2643 obtinere
1002 2584 1393 2663 beneficium,
1427 2584 1525 2645 cui
1558 2602 1704 2644 cura
1735 2602 1866 2644 non
1888 2583 2166 2645 imminet
2186 2583 2566 2659 animarum;
2603 2585 2952 2646 dummodo
2992 2584 3042 2643 si
3078 2583 3218 2661 tale,

602 2708 785 2770 super
834 2711 962 2771 quo
1013 2712 1122 2774 per
1171 2691 1376 2774 ipsum
1427 2692 1788 2774 episcopum
1851 2692 2042 2754 valeat
2093 2693 2452 2774 dispensari.
2513 2693 2613 2754 Ad
2658 2692 2907 2753 ordines
2960 2708 3217 2772 quoque

601 2797 885 2877 maiores,
952 2800 1048 2860 vel
1098 2800 1391 2861 beneficia
1442 2820 1655 2862 curam
1705 2801 2061 2862 animarum
2111 2801 2416 2877 habentia,
2477 2821 2664 2882 super
2712 2799 2945 2881 quibus
3000 2796 3217 2878 nequit

604 2906 929 2988 episcopus
974 2910 1340 2990 dispensare,
1388 2908 1519 2970 sine
1567 2910 2026 2990 dispensatione
2074 2910 2237 2970 sedis
2283 2911 2654 2991 apostolicae
2702 2908 3055 2991 promoveri
3090 2926 3220 2967 non

603 3027 819 3092 potest.
882 3023 910 3084 S
957 3037 1002 3076 1.
1050 3016 1153 3076 llle
1201 3036 1364 3094 vero,
1414 3036 1560 3077 cum
1606 3037 1734 3097 quo
1783 3037 1890 3099 per
1937 3018 2150 3078 sedem
2196 3018 2584 3097 dispensatur
2614 3016 2891 3092 eandem,
2926 3030 3012 3092 ut,
3047 3033 3221 3095 prae-

603 3120 791 3183 misso
824 3142 953 3184 non
986 3126 1267 3184 obstante
1300 3124 1562 3203 defectu,
1587 3127 1777 3186 valeat
1809 3126 1884 3186 ad
1919 3125 2312 3203 beneficium,
2346 3124 2582 3186 etiamsi
2614 3142 2827 3184 curam
2859 3123 3248 3209 animarum·

606 3228 842 3307 habeat,
879 3229 1248 3311 promoveri,
1285 3231 1504 3310 nequit
1536 3247 1846 3312 praetextu
1883 3232 2354 3312 dispensationis
2389 3231 2766 3301 huiusmodi,
2803 3231 3019 3310 (quam
3039 3248 3219 3290 exor-

606 3338 901 3399 bitantem
953 3360 986 3400 a
1031 3338 1162 3399 iure
1210 3354 1454 3420 oportet
1500 3340 1683 3401 veluti
1725 3341 2006 3402 odiosam
2044 3339 2367 3420 restringi‚)
2403 3339 2520 3400 uisi
2556 3340 2813 3401 unicum
2847 3336 3221 3398 beneficium

604 3447 901 3508 obtinere.

781 3625 839 3684 b)
891 3637 939 3674 c.
980 3638 1027 3675 2.
1065 3619 1136 3675 in
1174 3621 1290 3675 VI⁰.
1326 3623 1392 3675 de
1416 3624 1555 3693 filiis
1582 3625 2016 3693 presbiterorum
2053 3627 2114 3676 et
2145 3624 2269 3676 aliis
2305 3623 2606 3692 illegittime
2642 3622 2803 3673 natis.
2842 3618 2879 3671 1.
2917 3636 2996 3672 ιι.

795 3742 848 3787 ’*
886 3757 1046 3827 Corp.
1085 3758 1189 3809 ίαν.
1229 3773 1348 3809 can.
1389 3755 1477 3809 ed.
1517 3753 1954 3826 Friedberg.
1993 3756 2167 3810 Tom.
2197 3756 2257 3810 11.
2299 3754 2405 3810 col.
2435 3772 2557 3826 977.

603 3879 664 3936 Si
700 3880 810 3948 ille,
851 3898 983 3935 cum
1011 3898 1131 3953 quo
1159 3899 1331 3952 super
1358 3881 1587 3936 defectu
1616 3879 1848 3953 originis
1874 3880 1931 3935 in
1959 3893 2160 3935 curato
2191 3878 2474 3935 beneficio
2503 3877 2673 3933 fuerit
2700 3876 3117 3947 dispensatum,
3145 3892 3220 3931 eo

760 3962 955 4027 tacite,
980 3979 1153 4032 super
1179 3961 1498 4033 pluralitate
1528 3961 2016 4033 dispensationem
2046 3960 2334 4016 obtineat:
2361 3977 2480 4015 non
2506 3959 2655 4013 valet
2681 3955 3053 4028 dispensatiO.

1704 4044 1903 4098 loann.
1940 4044 2115 4098 Andr.

816 4157 880 4218 Si
913 4157 980 4237 is,
1026 4178 1169 4220 cum
1202 4178 1332 4239 quo
1365 4160 1480 4221 fuit
1512 4179 1620 4240 per
1652 4159 1865 4220 sedem
1896 4159 2302 4241 apostolicam
2332 4158 2775 4238 dispensatum,
2809 4170 2892 4231 ut,
2925 4173 3059 4216 non
3093 4156 3210 4214 ob-

601 4283 794 4328 stante
828 4266 1068 4328 defectu
1103 4267 1418 4346 natalium,
1452 4288 1642 4348 quem
1676 4268 1921 4349 patitur,
1963 4268 2039 4328 ad
2075 4287 2296 4328 omnes
2330 4266 2579 4327 ordines
2613 4263 2965 4346 promoveri
3000 4263 3220 4341 valeat,

603 4390 661 4435 et
711 4375 986 4436 obtinere
1038 4376 1430 4452 beneficium,
1481 4377 1715 4437 etiamsi
1765 4395 1977 4437 curam
2026 4377 2242 4437 habeat
2286 4376 2652 4451 animarum,
2685 4372 3218 4453 dispensationem

602 4482 800 4558 aliam,
844 4483 1028 4544 tacito
1077 4483 1151 4543 de
1200 4483 1510 4563 praedicto
1545 4482 1808 4556 defectu,
1842 4484 2242 4565 postmodum
2278 4483 2551 4543 obtineat
2583 4503 2617 4541 a
2648 4480 2793 4542 sede
2826 4478 3113 4560 praefata,
3149 4494 3217 4539 ut

602 4591 730 4651 duo
775 4605 880 4651 aut
929 4591 1105 4670 plura
1152 4588 1449 4650 beneficia
1488 4589 1752 4650 similem
1790 4610 2003 4652 curam
2036 4590 2322 4652 habentia
2358 4589 2547 4670 possit
2580 4587 2865 4669 recipere,
2897 4586 2946 4646 si
2982 4585 3036 4646 ei
3070 4586 3219 4646 alias

601 4699 898 4759 canonice
946 4695 1364 4772 conferantur,
1415 4713 1474 4758 et
1520 4717 1588 4758 ea
1635 4697 1823 4758 simul
1870 4698 2031 4758 licite
2079 4700 2369 4759 retinere:
2419 4697 2552 4758 talis
2586 4693 2982 4777 dispensatio,
3015 4712 3216 4774 quum

601 4825 729 4867 non
775 4805 854 4866 sit
898 4803 1246 4879 verisimile,
1293 4805 1506 4865 sedem
1551 4804 1747 4885 ipsam
1795 4825 1942 4867 cum
1988 4804 2116 4883 illo,
2164 4804 2546 4886 praedictum
2587 4803 2850 4885 patiente
2884 4801 3219 4876 defectum,

600 4913 889 4990 voluisse,
935 4912 984 4971 si
1032 4912 1152 4972 hoc
1199 4911 1409 4974 fuisset
1453 4933 1834 4993 expressum,
1870 4913 2072 4973 eidem
2105 4912 2168 4973 in
2202 4912 2482 4994 pluritate
2517 4910 2960 4972 beneficiorum
2998 4909 3220 4969 huius·-
