3684 5416
447 1477 496 1508 to

449 2023 499 2068 ¹5

445 2558 501 2590 20

447 3094 499 3138 ²5

449 3627 504 3672 30

449 4162 500 4206 35

549 327 650 381 25²
1175 311 1438 365 Potestas
1478 310 1855 366 ecclesiastica
1895 323 1951 365 et
1989 310 2290 382 imperium
2331 309 2510 365 civile.

547 492 702 552 inter
735 489 1094 555 Catholicos
1145 508 1204 553 et
1249 498 1648 573 Augustanae
1695 492 2130 555 Confessionis
2181 491 2384 555 Status
2439 492 2769 573 utriusque
2820 491 3161 571 Religionis

547 598 677 680 pari
705 591 983 681 [numero
1028 599 1452 662 Commissarii
1498 600 1985 661 denominentur
2033 616 2091 661 et
2141 600 2528 662 ordinentur.
2588 598 2823 661 Placuit
2864 598 3064 677 etiam,
3095 615 3163 660 ut

545 704 970 765 Commissarii
1001 705 1257 786 quidem
1291 726 1388 769 res
1421 728 1454 767 a
1485 727 1551 767 se
1580 722 1778 787 gestas
1799 707 2061 769 referant
2083 724 2141 768 et
2164 724 2303 770 vota
2323 708 2723 788 subiungant,
2744 707 2941 769 instar
2960 723 3163 768 tamen

547 811 885 873 sententiae
917 812 1070 873 nihil
1104 812 1417 875 definiant.

761 928 790 989 s
831 939 927 999 52.
977 920 1135 981 XIX.
1186 921 1255 981 In
1289 920 1488 982 causis
1520 921 1861 1000 Religionis
1892 922 2312 1004 omnibusque
2345 923 2476 984 aliis
2508 922 2788 1003 negotii8‚
2819 922 2927 982 ubi
2961 921 3165 983 Status

544 1043 845 1108 tanquam
878 1046 1075 1087 unum
1108 1028 1356 1108 Corpus
1389 1029 1765 1091 considerari
1797 1045 2144 1110 nequeunt,
2178 1046 2247 1093 ut
2278 1031 2459 1091 etiam
2492 1029 2831 1092 Catholicis
2853 1044 2913 1090 et
2933 1034 3161 1108 Augu-

551 1152 755 1197 stanae
775 1135 1204 1197 Confessionis
1223 1134 1491 1198 Statibus
1521 1137 1586 1198 in
1619 1137 1774 1199 duas
1806 1153 2005 1217 partes
2037 1139 2347 1216 euntibus,
2378 1138 2507 1199 sola
2540 1137 2876 1198 amicabilis
2909 1156 3165 1219 compo·

550 1244 689 1306 sitio
734 1243 867 1304 lites
913 1243 1176 1319 dirimat,
1218 1261 1350 1303 non
1397 1259 1622 1305 attenta
1655 1260 1945 1306 votorum
1976 1245 2335 1326 pluralitate.
2398 1245 2592 1322 Quod
2627 1265 2771 1308 vero
2806 1245 2880 1306 ad
2915 1244 3165 1327 plurali-

551 1366 733 1411 tatem
785 1365 1080 1411 votorum
1130 1349 1196 1411 in
1244 1350 1494 1410 materia
1540 1351 1939 1413 collectarum
1984 1354 2215 1430 attinet,
2261 1373 2404 1415 cum
2452 1373 2546 1414 res
2580 1354 2731 1414 haec
2768 1354 2833 1414 in
2866 1355 3166 1435 praesenti

552 1458 913 1537 Congressu
945 1458 1141 1518 decidi
1175 1477 1305 1519 non
1336 1459 1619 1539 potuerit,
1649 1461 1723 1520 ad
1759 1461 2035 1542 proxima
2067 1461 2331 1523 Comitia
2363 1461 2618 1522 remissa
2650 1476 2801 1524 est0.

765 1573 794 1634 s
833 1585 929 1646 53.
979 1566 1113 1626 XX.
1156 1565 1489 1643 Praeterea,
1519 1587 1660 1628 cum
1691 1570 1772 1628 ob
1805 1583 2017 1629 enatas
2050 1588 2122 1631 ex
2166 1569 2467 1650 praesenti
2499 1569 2663 1630 bello
2695 1567 3068 1629 mutationes
3102 1582 3166 1628 et

553 1672 698 1734 alias
743 1692 956 1735 causas
1007 1673 1083 1733 de
1127 1673 1364 1734 Iudicio
1398 1674 1694 1735 Camerae
1726 1675 2057 1757 Imperialis
2089 1677 2166 1737 ad
2201 1677 2392 1739 alium
2423 1677 2726 1738 universis
2758 1676 3001 1757 Imperii
3032 1675 3168 1736 Sta-

552 1781 719 1842 tibus
768 1780 1258 1841 commodiorem
1303 1781 1514 1843 locum
1560 1783 1987 1845 transferendo
2020 1800 2079 1846 et
2110 1785 2400 1859 Iudicem,
2433 1785 2770 1860 PraesideS,
2805 1789 3167 1846 Assessores

555 1905 612 1947 et
658 1906 1071 1967 quoscunque
1118 1887 1378 1949 iustitiae
1411 1887 1724 1949 ministros
1756 1908 1931 1969 pares
1965 1909 2226 1951 numero
2263 1891 2585 1971 utriusque
2618 1889 2959 1970 Religionis
2991 1907 3166 1970 prae-

559 1996 883 2073 sentando,
929 1995 1086 2057 sicut
1123 1996 1307 2057 etiam
1339 1996 1415 2056 de
1447 1995 1703 2075 reliquis
1734 1998 1811 2057 ad
1845 1997 2147 2058 Iudicium
2179 1998 2497 2060 Camerale
2529 1997 2945 2079 spectantibus
2977 2015 3167 2077 quae-

556 2102 695 2162 dam
741 2103 807 2162 in
855 2103 1134 2163 medium
1184 2103 1359 2164 allata
1412 2102 1657 2169 fuerint.
1691 2103 1799 2164 sed
1833 2103 1895 2164 in
1929 2104 2227 2184 praesenti
2259 2103 2619 2182 Congressu
2653 2106 2733 2165 ob
2767 2102 3001 2184 negotii
3030 2122 3167 2183 gra-

553 2210 817 2287 vitatem,
867 2231 997 2272 non
1028 2227 1152 2272 tam
1190 2212 1373 2292 plene
1405 2211 1673 2292 expediri
1706 2228 1956 2291 queant,
1988 2212 2052 2272 in
2086 2211 2362 2292 proxime
2395 2213 2741 2274 indicendis
2773 2211 3059 2274 Comitiis
3092 2211 3167 2272 de

554 2314 649 2375 his
697 2315 991 2376 omnibus
1022 2317 1120 2397 agi
1153 2333 1210 2377 et
1242 2316 1573 2394 conveniri,
1606 2316 2202 2399 deliberationesque
2235 2319 2311 2379 de
2344 2320 2779 2381 reformatione
2812 2317 3072 2381 iustitiae
3105 2317 3167 2378 in

558 2422 1012 2502 Deputatorum
1045 2423 1284 2504 Imperii
1317 2423 1651 2484 Conventu
1685 2423 2186 2487 Francofurtensi
2234 2426 2472 2487 habitae
2520 2425 2806 2487 effectum
2839 2426 2992 2502 dari,
3022 2441 3080 2486 et
3113 2423 3165 2487 si

557 2549 716 2608 quae
763 2528 829 2589 in
879 2529 974 2589 his
1020 2529 1353 2592 desiderari
1397 2529 1704 2606 videntur,
1751 2530 2021 2612 suppleri
2070 2546 2128 2592 et
2158 2531 2476 2593 emendari
2511 2532 2753 2611 debere,
2788 2546 3164 2592 conventum

556 2652 662 2697 est.
716 2637 810 2697 Ne
843 2652 1051 2697 tamen
1085 2656 1178 2697 res
1210 2636 1362 2697 haec
1396 2656 1651 2717 prorsus
1684 2636 1748 2697 in
1781 2636 2017 2697 incerto
2050 2652 2315 2716 maneat,
2352 2637 2595 2719 placuit,
2629 2653 2864 2721 praeter
2895 2637 3166 2699 Iudicem

557 2760 614 2804 et
659 2760 932 2824 quatuor
962 2744 1299 2821 Praesides,
1347 2757 1405 2803 et
1436 2743 1691 2823 quidem
1726 2744 1891 2806 duos
1926 2745 2153 2805 horum
2187 2764 2261 2805 ex
2293 2749 2657 2824 Augustana
2689 2744 3101 2807 Confessione
3133 2764 3169 2804 a

559 2851 690 2913 sola
725 2852 1027 2913 Caesarea
1061 2852 1370 2913 Maiestate
1417 2850 1905 2929 constituendos,
1952 2869 2285 2911 numerum
2319 2857 2720 2914 Assessorum
2752 2849 3168 2913 Cameralium

559 2958 632 3018 ad
683 2957 1134 3038 quinquaginta
1172 2956 1237 3018 in
1269 2957 1631 3019 universum
1662 2956 1990 3036 adaugeri;
2046 2955 2127 3016 ita
2158 2971 2226 3017 ut
2256 2956 2578 3033 Catholici,
2610 2957 2979 3038 computatis
3011 2957 3169 3017 duo-

560 3067 676 3125 bus
710 3065 1139 3126 Assessoribus
1185 3064 1571 3145 Imperatoris
1617 3063 2093 3145 praesentationi
2139 3064 2471 3142 reservatis,
2516 3065 2733 3144 viginti
2780 3085 2904 3143 sex,
2950 3070 3169 3144 Augu-

559 3187 767 3233 stanae
801 3170 1200 3232 Confessioni
1232 3170 1436 3232 Status
1467 3171 1680 3250 viginti
1715 3185 1985 3250 quatuor
2015 3177 2377 3233 Assessores
2425 3187 2809 3253 praesentare
2842 3172 3079 3253 possint
3108 3186 3169 3232 et

558 3295 901 3357 teneantur,
948 3294 1130 3360 atque
1178 3299 1249 3339 ex
1295 3279 1559 3358 singulis
1592 3278 1859 3340 Circulis
1905 3278 2128 3339 mixtae
2164 3279 2525 3359 ReligioniS,
2571 3298 2700 3340 non
2731 3295 2971 3341 tantum
3007 3280 3166 3341 duos

558 3386 932 3464 Catholicos,
978 3387 1088 3447 sed
1132 3386 1315 3447 etiam
1361 3386 1543 3447 binos
1577 3392 1977 3464 Augustanae
2010 3385 2412 3448 Confessioni
2458 3387 2737 3449 addictos
2769 3407 3080 3448 assumere
3111 3401 3171 3448 et

558 3495 781 3574 eligere
829 3495 916 3555 fas
961 3495 1054 3571 sit,
1101 3494 1347 3555 caeteris
1390 3495 1467 3555 ad
1500 3494 1804 3556 Iudicium
1836 3494 2155 3556 Camerale
2188 3494 2655 3576 pertinentibus,
2690 3510 2758 3554 ut
2788 3495 3021 3556 dictum
3054 3510 3167 3570 est,

559 3602 635 3661 ad
670 3600 948 3681 proxima
981 3599 1248 3662 Comitia
1280 3599 1529 3660 reiectis.

774 3716 802 3776 S
843 3727 941 3786 54.
1002 3712 1094 3768 Ac
1138 3707 1397 3787 proinde
1429 3706 1661 3768 Circuli
1711 3707 1785 3767 de
1820 3705 2285 3786 praesentandis
2318 3719 2557 3766 mature
2589 3705 2651 3766 in
2684 3706 2895 3767 locum
2926 3705 3171 3766 demor-

560 3831 811 3874 tuorum
861 3813 1041 3874 novis
1089 3814 1165 3873 ad
1196 3812 1515 3874 Camerale
1548 3812 1853 3874 Iudicium
1888 3811 2329 3874 Assessoribus
2361 3811 2707 3872 secundum
2738 3812 2986 3872 schema
3019 3813 3171 3872 sub-

559 3943 824 4004 sequens
856 3923 1326 3984 admoneantur.
1376 3922 1681 3984 Catholici
1716 3923 1902 3983 etiam
1933 3941 2051 3983 suo
2082 3935 2362 4001 tempore
2394 3920 2471 3980 de
2504 3919 2722 3980 ordine
2744 3917 3171 4001 praesentandi

560 4031 950 4107 convenient,
986 4030 1410 4111 Caesareaque
1445 4029 1732 4091 Maiestas
1779 4029 2117 4106 mandabit,
2167 4045 2233 4089 ut
2279 4047 2409 4088 non
2456 4027 2662 4088 solum
2694 4027 2756 4087 in
2788 4027 2906 4089 isto
2939 4024 3171 4087 Iudicio

559 4138 868 4199 Camerali
920 4157 1136 4198 causae
1170 4135 1631 4215 ecclesiasticae,
1665 4153 1734 4198 ut
1764 4152 1823 4197 et
1853 4136 2155 4217 politicae,
2187 4135 2345 4195 inter
2377 4134 2735 4196 Catholicos
2768 4148 2827 4194 et
2858 4138 3168 4213 Augusta-

560 4264 675 4305 nae
723 4242 1154 4304 Confessionis
1204 4243 1404 4304 Status
1455 4245 1550 4305 vel
1600 4243 1755 4304 inter
1804 4245 1922 4305 hos
1969 4244 2140 4305 solos
2188 4257 2509 4317 vertentes,
2554 4242 2650 4302 vel
2697 4241 2879 4301 etiam
2914 4240 3169 4321 quando

558 4350 894 4413 Catholicis
939 4368 1150 4412 contra
1182 4352 1538 4413 Catholicos
1571 4351 1774 4412 Status
1815 4350 2196 4431 litigantibus
2239 4350 2450 4411 tertius
2495 4349 2907 4409 interveniens
2941 4353 3164 4427 Augu-

559 4477 764 4521 stanae
796 4459 1227 4522 Confessionis
1258 4460 1461 4521 Status
1494 4460 1624 4538 erit,
1659 4475 1719 4520 et
1752 4458 2017 4519 vicissim
2049 4457 2302 4538 quando
2324 4461 2722 4535 Augustanae
2743 4454 3174 4517 Confessionis

560 4569 828 4631 Statibus
862 4584 1074 4630 contra
1109 4569 1388 4629 eiusdem
1407 4566 1840 4630 Confessionis
1874 4565 2081 4626 Status
2111 4563 2495 4643 litigantibus
2527 4564 2741 4625 tertius
2763 4563 3174 4625 interveniens

561 4676 671 4737 erit
721 4675 1101 4753 CatholicuS,
1151 4675 1400 4736 adlectis
1449 4694 1523 4734 ex
1575 4688 1836 4753 utraque
1891 4671 2216 4751 Religione
2264 4670 2394 4752 pari
2444 4689 2708 4731 numero
2742 4670 3174 4731 Assessoribus

560 4782 964 4844 discutiantur
1015 4797 1072 4842 et
1123 4781 1490 4843 iudicentur.
1553 4779 1678 4840 Sed
1729 4779 1895 4839 idem
1941 4777 2120 4838 etiam
2169 4778 2236 4839 in
2267 4777 2500 4838 Iudicio
2532 4775 2758 4838 Aulico
2792 4779 3173 4853 observetur,
3214 4834 3230 4851 ,

561 4891 831 4970 huicque
877 4888 988 4949 fini
1039 4887 1273 4969 aliquot
1305 4892 1704 4965 Augustanae
1744 4884 2171 4947 Confessionis
2218 4885 2436 4945 doctos
2467 4898 2525 4943 et
2558 4902 2761 4944 rerum
2796 4881 3035 4964 Imperii
3066 4902 3173 4964 pe·-
