3684 5416
294 1531 348 1563 10

286 3267 340 3307 25

1049 367 1314 421 Potestas
1351 367 1733 422 ecclesiastica
1775 379 1831 422 et
1870 366 2172 438 imperium
2211 366 2386 422 civile.
2951 366 3020 438 87

411 548 517 609 sed
566 548 666 609 dei
711 565 1036 630 praecepto
1086 567 1405 630 reguntur.
1465 551 1720 616 audiant
1767 571 1866 612 me
1899 552 2127 632 itaque,
2160 551 2211 613 si
2245 551 2402 613 iusta
2436 551 2875 633 persuadeam3
2928 551 3023 612 sin

413 671 564 715 uero
596 656 883 735 peruersa
915 674 974 718 et
1006 658 1302 732 nocitura,
1334 674 1751 719 contemnant.

622 761 697 826 V.
729 763 1070 826 Martianus
1101 765 1214 826 ait:
1268 765 1576 827 Omnium
1605 766 1779 827 trade
1813 765 1968 827 mihi
2003 765 2274 828 nomina.
2336 765 2655 847 respondit
2687 765 3015 826 Achatius:

412 868 681 930 Nomina
732 890 952 932 eorum
1003 871 1245 932 caelesti
1291 871 1448 933 libro
1493 888 1552 933 et
1595 872 1828 934 diuinis
1876 872 2118 954 paginis
2149 887 2296 933 sunt
2327 887 2632 933 annotata.
2694 872 3022 952 quomodo

412 993 560 1055 ergo
592 976 756 1038 oculi
788 977 1079 1040 mortales
1107 978 1401 1059 aspicient
1432 980 1605 1060 quod
1638 978 2003 1041 immortalis
2036 979 2233 1041 uirtus
2265 979 2362 1040 dei
2385 978 2789 1040 erinnisibilis
2820 998 3020 1039 anno-

410 1084 594 1144 tauit?
651 1103 706 1145 2.
737 1083 1074 1147 Martianus
1091 1084 1198 1146 ait:
1239 1085 1352 1146 Vbi
1373 1101 1517 1147 sunt
1535 1087 1721 1165 magi,
1755 1085 1907 1148 socii
1927 1085 2068 1147 artis
2087 1100 2228 1147 tuae
2248 1085 2351 1146 uel
2370 1086 2654 1147 doctores
2674 1084 2864 1146 huius
2881 1085 3023 1147 arti-

409 1188 653 1252 ficiosae
689 1190 994 1252 fallaciae?
1056 1192 1375 1273 respondit
1405 1195 1735 1255 Achatius:
1792 1195 1924 1255 Nos
1955 1191 2166 1254 omnia
2200 1192 2545 1254 meruimus
2575 1214 2608 1254 a
2642 1193 2764 1254 deo
2796 1207 2853 1253 et
2888 1211 3019 1252 me-

411 1316 637 1374 remur,
671 1314 897 1359 sectam
930 1317 1085 1362 uero
1116 1300 1386 1380 magicae
1417 1301 1563 1362 artis
1597 1302 1942 1363 horremus.
2030 1319 2085 1380 3.
2120 1299 2456 1362 Martianus
2486 1299 2599 1360 ait:
2650 1299 2796 1360 Ideo
2827 1298 3022 1378 magis

409 1402 551 1465 estis
595 1405 743 1484 quia
789 1424 1032 1467 nouum
1065 1407 1271 1468 nescio
1304 1409 1475 1487 quod
1508 1427 1708 1488 genus
1739 1406 2055 1488 religionis
2090 1406 2400 1468 inducitis.
2466 1405 2784 1488 respondit
2817 1406 3020 1468 Acha-

411 1510 563 1574 tius:
615 1512 755 1572 Illos
801 1512 1179 1575 destruimus
1224 1532 1385 1593 quos
1433 1534 1549 1576 uos
1594 1514 1764 1595 prius
1812 1513 2007 1575 facitis
2039 1530 2099 1574 et
2129 1535 2164 1574 a
2199 1513 2379 1575 uobis
2412 1513 2603 1575 factos
2635 1513 2749 1594 ipsi
2780 1512 3022 1574 timetis.

411 1616 695 1680 deficient
739 1618 904 1680 enim
951 1618 1132 1680 uobis
1178 1619 1281 1696 dii,
1327 1619 1378 1679 si
1410 1620 1620 1681 artifex
1652 1640 1818 1696 sam,
1865 1635 1973 1681 aut
2002 1639 2220 1682 saxum
2251 1639 2382 1681 non
2413 1622 2758 1682 abundaret
2787 1620 3019 1682 artifici.

411 1724 702 1786 timemus
733 1724 902 1786 enim
935 1744 1051 1787 nos
1082 1724 1279 1803 illum,
1316 1744 1448 1787 non
1479 1745 1667 1806 quem
1705 1725 2090 1806 fabricamus,
2124 1728 2233 1788 sed
2267 1748 2300 1788 a
2324 1746 2455 1808 quo
2474 1726 2744 1789 fabricati
2764 1747 3018 1803 sumus;

412 1832 520 1910 qui
553 1852 667 1893 nos
700 1831 931 1894 creauit
963 1847 1028 1893 ut
1061 1832 1380 1911 dominus,
1413 1834 1647 1894 amauit
1680 1849 1747 1895 ut
1778 1848 1969 1914 pater,
2003 1850 2061 1894 et
2082 1850 2361 1896 aeternae
2383 1835 2588 1910 morti,
2620 1835 2798 1916 quasi
2818 1837 3025 1896 bonus

414 1953 731 2018 patronus,
764 1939 1007 2020 eripuit.
1068 1960 1130 2018 4.
1161 1940 1501 2002 Martianus
1533 1941 1641 2002 ait:
1678 1942 1771 2003 Da
1806 1941 2079 2020 nomina,
2113 1962 2190 2003 ne
2223 1962 2458 2024 poenae
2489 1942 2620 2024 ipse
2640 1947 3023 2005 succumbas.

409 2047 729 2128 respondit
761 2047 1089 2109 Achatius:
1127 2054 1287 2110 Ante
1319 2048 1584 2111 tribunal
1617 2048 1747 2131 ipse
1781 2050 2016 2127 assistO,
2050 2065 2109 2111 et
2129 2069 2364 2112 nomen
2385 2050 2684 2130 inquiris?
2716 2068 2795 2110 an
2815 2068 3022 2129 speras

410 2154 582 2234 quod
612 2155 845 2216 multos
875 2158 1082 2218 ualeas
1116 2158 1378 2236 uincere,
1411 2177 1599 2238 quem
1635 2177 1753 2241 ego
1774 2157 1947 2220 solus
1968 2159 2339 2237 exstinguo?
2371 2157 2421 2219 si
2442 2157 2613 2219 cordi
2633 2173 2745 2218 tuo
2767 2156 3023 2217 nomina

408 2278 573 2340 sunt,
606 2263 906 2324 Achatius
936 2263 1127 2342 dicor,
1162 2280 1219 2325 et
1252 2265 1301 2325 si
1334 2265 1654 2346 proprium
1677 2284 1912 2326 nomen
1932 2284 2143 2326 meum
2168 2265 2469 2346 exploras,
2490 2282 2688 2324 uocor
2707 2254 3023 2342 Agathan-

406 2367 602 2445 gelus,
633 2384 693 2431 et
724 2369 865 2430 Piso
895 2370 1317 2433 Troianorum
1352 2372 1702 2454 episcopus,
1737 2389 1794 2433 et
1830 2372 2171 2434 Menander
2204 2374 2534 2453 presbyter.
2569 2369 2663 2431 fac
2694 2369 2814 2430 iam
2848 2368 3022 2448 quod

411 2473 623 2554 placet.
672 2496 726 2555 5.
764 2477 1104 2540 Martianus
1120 2477 1226 2539 ait:
1260 2479 1597 2560 Recipieris
1617 2479 1680 2539 in
1703 2497 2030 2555 carcerem,
2066 2494 2135 2540 ut
2155 2480 2485 2560 imperator
2504 2493 2671 2556 gesta
2693 2489 3026 2555 cognoscat

409 2597 467 2641 et
496 2581 631 2643 eius
661 2598 822 2644 nutu
854 2584 1006 2665 quid
1039 2586 1116 2647 de
1147 2602 1207 2647 te
1239 2585 1336 2664 agi
1357 2586 1574 2647 debeat
1593 2587 1977 2647 decernatur.
2015 2588 2079 2648 6.
2110 2586 2280 2647 lectis
2300 2586 2506 2665 itaque
2527 2584 2822 2645 omnibus
2839 2581 3024 2661 gestis

411 2689 635 2751 Decius
681 2690 1028 2773 imperator,
1081 2693 1499 2755 alterationem
1534 2693 1653 2755 iam
1688 2693 1958 2755 redditae
1992 2691 2414 2776 responsionis
2446 2691 2773 2769 admirans,
2807 2706 3023 2751 uersus

409 2795 470 2856 in
499 2796 695 2858 risum
722 2814 813 2859 est
839 2814 898 2860 et
919 2798 1223 2862 Martiano
1239 2799 1684 2882 praefecturam
1706 2800 2102 2882 Pamphyliae
2128 2819 2270 2862 mox
2305 2800 2491 2878 dedit,
2516 2799 2851 2861 Achatium
2868 2815 3024 2857 uero

410 2903 814 2966 uehementer
857 2906 1171 2968 admirans
1217 2906 1622 2968 aestimationi
1670 2908 1954 2988 propriae
1988 2922 2048 2968 et
2078 2906 2199 2986 legi
2232 2926 2380 2968 suae
2412 2905 2694 2967 reddidit.
2763 2924 2821 2971 7.
2872 2903 3023 2963 haec

409 3008 562 3070 facta
593 3027 740 3072 sunt
771 3032 805 3072 a
837 3012 1143 3074 Martiano
1176 3014 1501 3092 consulari,
1536 3014 1906 3096 imperatore
1941 3013 2152 3089 Decio,
2194 3030 2418 3094 quarto
2454 3012 2739 3073 kalendas
2773 3008 3020 3090 Aprilis,

813 3254 906 3312 21.
963 3256 1301 3313 EDICTUM
1340 3257 1850 3314 CONSTANTINI
1886 3258 1983 3313 m·
2022 3258 2319 3313 LICINII.
2363 3256 2445 3325 [a.
2471 3254 2602 3325 8181

621 3416 650 3443 ‘
689 3419 773 3471 De
797 3421 1062 3473 mortibus
1078 3424 1512 3491 persecutorum.
1552 3436 1600 3473 c.
1624 3419 1715 3488 48.
1763 3420 2000 3492 (Corpus
2025 3421 2210 3492 script.
2238 3421 2755 3474 ecclesiastzcorum.
2796 3414 3022 3483 XXVII,

409 3514 456 3550 2.
493 3515 548 3567 p.
579 3496 682 3551 228
709 3505 832 3570 sq.).
873 3499 973 3553 Eu
993 3497 1206 3554 sebiu
1225 3517 1280 3569 S,
1319 3500 1564 3556 Historia
1590 3503 1973 3554 ecclesiastica.
2003 3500 2071 3557 X.
2101 3517 2128 3570 5
2159 3499 2357 3570 (2—3).
2410 3499 2460 3551 Κ
2480 3496 2652 3565 eim,
2678 3498 2797 3551 Der
2828 3498 3020 3550 Ueber-

408 3580 535 3631 tritt
568 3578 916 3633 Constantius
953 3580 1047 3633 des
1085 3580 1335 3636 Grossen
1373 3598 1498 3651 zum
1538 3579 1961 3634 Christenthum.
2014 3578 2222 3633 Zurich
2276 3578 2422 3633 1862.
2490 3576 2835 3646 Brieger‚
2879 3575 3018 3628 Con-

406 3659 613 3713 stantin
648 3660 750 3714 der
786 3661 1000 3714 Grosse
1036 3663 1123 3715 als
1159 3662 1701 3733 Relxgionspolitiker.
1755 3660 1949 3715 Gotha
2001 3658 2147 3715 1880.
2213 3657 2556 3727 (Zeitschrifl
2584 3657 2705 3725 fur
2743 3655 3007 3709 Kirchen·

285 3747 345 3791 30
399 3737 731 3809 geschichte.
772 3740 864 3795 IV.
897 3740 1037 3815 163).
1087 3741 1139 3795 D
1160 3757 1375 3812 uruy,
1415 3741 1470 3795 in
1501 3742 1750 3813 Comptes
1787 3742 1991 3795 rendus
2027 3742 2094 3793 de
2130 3740 2359 3793 I'Acad.
2397 3739 2492 3791 des
2530 3738 2775 3791 Sciences
2816 3736 3015 3787 moral.

286 4158 340 4201 35

415 3816 568 3889 1882,
603 3821 714 3890 185.
768 3819 935 3874 Criv
959 3819 1052 3875 el]
1073 3819 1264 3891 ucci,
1305 3824 1485 3876 Storia
1525 3823 1661 3875 delle
1700 3823 1963 3892 relazioni
1994 3825 2095 3874 etc.
2135 3819 2171 3872 1.
2198 3837 2253 3887 p.
2279 3820 2344 3888 85
2377 3835 2457 3889 sq.
2514 3817 2585 3870 Id
2607 3833 2745 3883 em,
2787 3813 2843 3868 in
2869 3815 3025 3867 δίκαι’

406 3900 618 3953 Storici.
657 3899 709 3954 X
738 3900 934 3970 (1892),
961 3918 1084 3975 239·
1133 3899 1173 3957 S
1193 3918 1223 3955 e
1242 3920 1277 3955 u
1297 3900 1326 3954 f
1334 3900 1364 3955 f
1372 3918 1402 3955 e
1420 3918 1446 3955 r
1463 3914 1506 3960 t.
1551 3902 1901 3956 Constantins
1938 3901 2170 3970 Gesetze
2196 3918 2247 3952 u.
2275 3900 2327 3952 d.
2358 3897 2781 3952 Christenthum.
2812 3895 3020 3947 Wurz-

409 3981 557 4050 burg
593 3978 738 4052 1891.
806 3981 846 4035 S
864 3998 896 4035 e
915 3997 946 4035 e
966 3981 1079 4045 ck,
1131 3981 1462 4035 Geschichte
1496 3982 1592 4035 des
1637 3982 1994 4049 Untergangs
2030 3981 2132 4034 der
2170 3981 2384 4032 antae'ken
2422 3980 2580 4032 Welt.
2634 3975 2824 4031 Berlin
2872 3974 3022 4047 1897.

407 4058 481 4112 Id
499 4075 530 4113 e
546 4075 606 4114 m
620 4100 636 4128 ,
673 4059 730 4114 in
756 4062 1205 4131 Zeitschriftfis'r
1230 4060 1793 4132 Kirclaengescluchte.
1834 4059 1976 4113 XIII.
2005 4063 2123 4130 381.
2176 4059 2226 4113 G
2243 4075 2279 4113 ο
2300 4074 2329 4112 e
2348 4076 2374 4112 r
2389 4075 2415 4111 r
2432 4074 2462 4111 e
2484 4074 2537 4127 S,
2575 4055 3022 4126 Zeitschrfftfizr

406 4143 542 4194 ποίεε.
596 4140 886 4211 UeeoIogie.
927 4142 1160 4209 XXXV,
1201 4160 1248 4215 3.
1317 4139 1500 4196 Vict.
1543 4140 1857 4197 Schultz
1878 4157 1933 4198 e.
1991 4139 2320 4194 Gesclu'chte
2369 4139 2463 4191 des
2509 4138 2891 4206 Unterganges
2929 4136 3023 4189 des

406 4221 898 4277 Griechisch-rt‘im.
939 4222 1345 4276 Heidentlzums.
1386 4222 1522 4277 Jena
1559 4220 1706 4294 1887.
1735 4222 1770 4278 1.
1800 4238 1930 4293 pag.
1961 4220 2027 4274 28
2038 4220 2188 4288 -67,
2239 4220 2311 4273 ld
2333 4236 2363 4272 e
2381 4236 2468 4288 m,
2494 4216 2551 4271 in
2579 4215 3024 4287 Zeitschrg‘ftfi'lr

407 4301 971 4372 Kirchengesclzichte.
1011 4302 1157 4357 XIV.
1187 4321 1305 4375 503.
1371 4303 1416 4356 Β
1436 4320 1471 4356 u
1490 4319 1517 4355 r
1531 4319 1560 4356 c
1578 4303 1615 4356 k
1631 4319 1662 4356 a
1679 4319 1706 4356 r
1723 4303 1760 4356 d
1777 4315 1825 4371 t,
1876 4305 1980 4356 Die
2005 4304 2125 4357 Zcit
2146 4302 2513 4356 Constantius.
2569 4296 2802 4368 Leipzig
2839 4296 3019 4369 ¹899⁸·

407 4383 447 4437 S
465 4399 496 4436 e
515 4398 546 4436 e
563 4382 675 4451 ck,
713 4383 1042 4438 Gesclu‘chte
1079 4385 1174 4437 des
1207 4384 1562 4453 Untergangs
1587 4384 1687 4437 der
1711 4388 1823 4437 ant.
1864 4385 2020 4436 Welt.
2066 4380 2251 4436 Berlin
2288 4380 2437 4452 1897.
2490 4379 2531 4433 F
2548 4396 2585 4432 u
2602 4395 2638 4432 n
2657 4378 2723 4442 k,
2763 4377 3020 4432 Abhand-

406 4466 607 4534 langen
645 4464 762 4517 und
801 4463 1309 4535 Untersucleungcn.
1350 4463 1411 4517 11.
1449 4480 1488 4519 1.
1557 4463 1737 4518 Gala
1756 4481 1793 4517 n
1812 4476 1832 4517 t
1851 4480 1909 4533 e,
1963 4466 2037 4516 La
2076 4464 2381 4533 condizione
2412 4462 2689 4532 giuridt'ca
2728 4461 2865 4514 delle
2901 4476 3022 4513 cose

408 4561 584 4600 sacre.
619 4542 845 4599 Torino
883 4561 1029 4617 ¹903·
1056 4544 1093 4597 I.
1121 4562 1176 4615 p.
1206 4562 1269 4618 35
1299 4561 1421 4615 seq.

619 4710 763 4773 Eus.
797 4710 854 4771 X
892 4731 921 4789 5
942 4752 995 4790 2.
1023 4703 1209 4786 Ἤδη
1243 4705 1362 4788 μὲν
1393 4708 1598 4769 πάλαι
1633 4709 2053 4783 σκοποῦντες
2086 4703 2205 4783 τὴν
2239 4701 2637 4780 ἐλευθερίαν
2667 4704 2788 4781 τῆς
2820 4701 3021 4779 θρησ-

406 4813 598 4892 κείας
643 4816 774 4876 οὐκ
818 4814 1160 4893 ἀρνητέαν
1207 4812 1396 4885 εἶναι,
1431 4813 1576 4875 ἀλλ’
1616 4812 1776 4889 ἑνὸς
1807 4811 2106 4874 ἑκάστου
2136 4813 2215 4891 τῇ
2249 4808 2521 4888 διανοίᾳ
2550 4806 2662 4869 καὶ
2702 4806 3023 4893 βουλήσει

409 4921 730 4996 ἐξουσίαν
774 4918 1020 4983 δοτέον
1069 4922 1189 4982 τοῦ
1222 4920 1308 4982 τὰ
1338 4920 1494 4982 θεῖα
1524 4920 1895 5000 πράγματα
1926 4919 2230 5000 τημελεῖν
2261 4917 2441 4979 κατὰ
2470 4914 2589 4995 τὴν
2621 4916 2834 4978 αὑτοῦ
2866 4934 3021 4992 προ-
