3684 5416
496 1564 546 1595 10

495 2101 541 2144 ¹5

488 2634 543 2666 20

487 3168 537 3210 25

478 4239 528 4282 35

602 393 742 455 2927
903 454 914 457 -
1093 456 1120 457 j
1233 378 1498 459 Potestas
1517 378 1918 462 5901‘ssP5Q
1960 393 2016 434 et
2054 379 2356 451 imperium
2397 380 2571 434 civile.

603 560 814 621 russici
851 562 1035 640 Regis
1069 562 1404 640 voluntate,
1440 563 1847 641 decernimuS,
1880 584 1947 624 ac
1980 565 2324 639 statuimus,
2358 566 2532 646 quod
2553 565 2823 626 Ecclesia
2855 569 2971 627 sub
3006 566 3221 627 Titulo

600 666 820 727 Beatae
854 668 1081 729 Mariae
1114 669 1385 748 Virginis
1435 685 1609 731 antea
1642 670 2027 732 Cathedralis
2073 673 2137 733 in
2172 674 2577 753 Collegiatam
2623 674 3007 748 immutetur,
3058 671 3219 750 ejus-

600 793 722 854 que
755 773 1092 857 Collegiale
1125 776 1488 857 Capitulum
1537 794 1774 838 constet
1821 799 1894 839 ex
1945 781 2124 841 unica
2173 796 2412 841 tantum
2449 781 2785 862 Praepositi
2817 781 3129 858 dignitate,
3161 795 3221 840 et

600 880 718 943 Sex
752 883 1238 944 Canonicatibus
1271 883 1466 963 cujus,
1498 900 1556 945 et
1589 903 1864 964 quorum
1902 885 2170 947 Collatio
2203 906 2448 967 semper
2480 888 2692 967 quoad
2726 887 3218 968 Praeposituram

601 989 992 1069 Apostolicae
1027 990 1190 1066 Sedi,
1237 1008 1294 1052 et
1339 993 1552 1071 quoad
1584 992 2006 1054 Canonicatus
2039 994 2240 1055 eidem
2276 993 2417 1055 Sedi
2453 995 2842 1076 Apostolicae
2875 994 3217 1055 alternatim

600 1115 745 1156 cum
779 1097 1142 1158 Coloniensi
1190 1100 1676 1180 Archiepiscopo
1727 1116 2005 1181 spectare
2059 1100 2276 1161 debeat
2327 1121 2396 1161 ac
2450 1102 2771 1183 pertinere.
2837 1100 3218 1179 Huiusmodi

599 1218 802 1264 autem
842 1205 1314 1285 Capitularibus,
1364 1226 1435 1266 ex
1483 1207 1775 1287 peculiari
1827 1209 2021 1289 gratia
2067 1208 2376 1270 licentiam
2422 1208 2738 1270 deferendi
2774 1210 3053 1289 Cappam
3087 1227 3219 1268 ma-

599 1330 786 1390 gnam
818 1314 1092 1389 sericam,
1122 1314 1376 1376 violacei
1409 1316 1635 1378 coloris
1667 1317 1940 1378 cordulis
1974 1317 2180 1377 sericis
2201 1319 2523 1377 subsutam
2546 1336 2691 1378 cum
2714 1318 2977 1397 pellibus
2998 1317 3218 1378 armel-

598 1418 739 1479 linis
772 1421 1060 1502 hyemali,
1109 1424 1339 1483 aestivo
1372 1438 1579 1484 autem
1613 1439 1894 1506 tempore
1930 1425 2295 1485 Mozzettam
2328 1442 2513 1503 supra
2549 1423 2963 1485 Rocchettum
2996 1443 3218 1487 conce-

599 1528 807 1588 dimus
859 1544 916 1589 et
966 1530 1387 1608 indulgemus,
1441 1548 1624 1611 atque
1673 1532 1930 1593 ulterius
1982 1531 2334 1592 facultatem
2389 1532 2699 1592 condendi
2746 1547 2968 1593 statuta
2998 1533 3217 1594 iisdem

602 1635 814 1711 mod0,
860 1651 920 1695 et
967 1636 1164 1698 forma
1211 1638 1439 1718 quibus
1471 1639 1547 1699 de
1583 1639 1885 1720 Capitulis
1918 1638 2385 1701 Cathedralium
2420 1637 2830 1699 Ecclesiarum
2867 1658 3052 1719 supra
3086 1639 3219 1700 elu-

600 1741 876 1803 culenter
909 1744 1141 1805 dictum
1176 1761 1264 1806 est
1295 1746 1642 1821 tribuimuS,
1678 1762 1737 1807 et
1768 1747 2175 1827 impertimur.

814 1851 1006 1929 (XLI.)
1082 1852 1149 1913 In
1201 1853 1661 1934 Exequutotem
1717 1855 1927 1935 itaque
1981 1854 2395 1935 praesentium
2450 1854 2821 1914 Nostrarum
2873 1853 3217 1913 Literarum

600 1959 982 2039 praedictum
1018 1961 1443 2023 venerabilem
1492 1963 1766 2023 Fratrem
1813 1963 2161 2042 Josephum
2210 1961 2589 2042 Episcopum
2626 1959 3105 2037 Warmiensem,
3141 1962 3216 2020 de

599 2065 777 2144 cujus
823 2069 1167 2149 prudentia,
1214 2070 1511 2137 doctrina,
1549 2086 1733 2149 atque
1766 2069 2112 2149 integritate
2147 2069 2485 2149 plurimum
2521 2068 2582 2129 in
2617 2067 2895 2128 Domino
2927 2067 3219 2128 fiduciam

598 2173 920 2255 habemuS,
955 2196 1235 2256 expresse
1269 2177 1688 2254 nominamus,
1712 2176 2017 2255 eligimus,
2042 2176 2494 2251 constituimus,
2516 2191 2573 2235 et
2595 2176 2964 2255 deputamus
2984 2173 3217 2236 eidem-

598 2301 719 2361 que
770 2284 1233 2359 commiffimm,
1284 2299 1352 2344 ut
1400 2284 1751 2363 supradicta
1803 2283 2032 2353 omnia,
2087 2299 2143 2343 et
2187 2282 2432 2361 singula
2478 2303 2511 2341 a
2558 2281 2753 2342 Nobis
2801 2280 3095 2362 disposita
3141 2281 3215 2338 ad

601 2392 1027 2470 praestitutum
1077 2391 1264 2452 finem
1312 2393 1622 2471 perducat,
1669 2405 1855 2471 atque
1906 2391 2125 2471 pariter
2171 2391 2246 2450 ad
2282 2389 2570 2450 effectum
2605 2404 2887 2450 vacantes
2920 2386 3219 2448 Ecclesias

598 2497 674 2556 de
707 2498 947 2559 idoneis
982 2498 1352 2567 PastoribuS‚
1386 2518 1544 2577 quae
1569 2498 1771 2558 Prima
1804 2498 2132 2557 necessitas
2165 2511 2271 2569 est,
2306 2497 2428 2556 cito
2462 2496 2842 2576 providendi,
2875 2511 2933 2555 et
2967 2509 3219 2555 cunctas

598 2623 692 2665 res
727 2605 1175 2666 Ecclesiasticas
1208 2606 1282 2665 ad
1320 2605 1642 2666 meliorem
1683 2619 1937 2681 statum,
1992 2620 2048 2665 et
2081 2605 2365 2665 ordinem
2403 2603 2731 2664 revocandi
2767 2603 3069 2683 quaslibet
3104 2602 3216 2662 Ec-

597 2713 809 2774 clesias
841 2733 1138 2791 congrua,
1175 2729 1232 2774 et
1267 2713 1441 2774 firma
1476 2715 1790 2775 dotatione
1825 2714 2062 2775 muniri
2097 2714 2355 2788 studeat,
2389 2713 2593 2772 media
2627 2712 2702 2772 ad
2738 2712 2857 2772 hoc
2880 2711 3217 2772 necessaria

597 2820 1190 2896 benevolentissime,
1225 2841 1293 2880 ac
1328 2820 1651 2881 liberaliter
1682 2820 2009 2881 exhibente
2046 2819 2441 2900 praelaudato
2462 2817 2872 2878 Serenissimo
2891 2818 3217 2879 Borussiae

595 2926 783 3004 Rege,
816 2927 924 3005 qui
959 2928 1336 3006 magnanimi
1373 2927 1676 3007 Principis
1710 2929 2014 3002 animum,
2038 2943 2096 2988 et
2119 2926 2667 3008 propensissimam
2692 2944 2833 3005 erga
2856 2925 3213 2987 Catholicos

594 3029 728 3108 ejus
774 3031 1037 3111 Imperio
1083 3031 1390 3108 subjectos
1438 3034 1818 3094 voluntatem
1852 3051 1966 3113 pro
2001 3032 2361 3093 ordinandis
2394 3034 2625 3112 absque
2662 3032 2787 3092 ulla
2822 3051 2995 3092 mora
3029 3032 3216 3092 Dioe-

594 3137 837 3197 cesibus
882 3139 1177 3199 omnibus
1212 3139 1413 3218 Regni
1446 3139 1770 3199 Borussiae
1817 3155 2022 3220 aperte
2073 3139 2415 3214 declaravit,
2451 3155 2508 3199 et
2542 3139 2948 3219 sequentibus
2982 3138 3215 3199 ratione

594 3263 663 3303 ac
695 3245 888 3305 modo
919 3245 1298 3322 stabilienda,
1330 3260 1390 3306 et
1421 3247 1782 3326 applicanda
1816 3247 2163 3327 proposuit.

819 3353 1032 3428 (XLII.)
1095 3353 1293 3434 Super
1324 3353 1584 3434 publicis
1618 3355 1818 3433 Regni
1856 3354 2057 3435 Sylvis
2091 3356 2458 3415 nominatim
2492 3355 2892 3433 designandis
2925 3369 3014 3415 tot
3048 3353 3212 3414 Cen—

591 3482 696 3523 sus
745 3462 1099 3524 auctoritate
1148 3461 1336 3540 Regia
1387 3460 1809 3541 imponentur,
1865 3479 2019 3542 quot
2070 3479 2250 3522 erunt
2298 3462 2626 3523 Dioeceses
2673 3462 2996 3534 dotandae,
3045 3477 3101 3522 et
3146 3461 3211 3521 in

591 3571 920 3653 respectiva
968 3569 1326 3649 quantitate,
1377 3583 1445 3629 ut
1477 3589 1549 3628 ex
1584 3570 1655 3629 iis
1688 3571 1876 3631 annui
1914 3571 2150 3631 fructus
2182 3573 2256 3630 ab
2290 3571 2585 3631 omnibus
2618 3567 3071 3648 cujuscumque
3102 3587 3211 3648 ge-

510 3711 534 3735 o
589 3678 750 3739 neris
795 3679 1088 3739 oneribus
1132 3696 1386 3757 prorsus
1417 3676 1602 3738 libere
1638 3678 1868 3758 percipi
1910 3679 2145 3758 possint
2180 3679 2287 3758 qui
2322 3678 2463 3739 satis
2498 3677 2635 3752 sint,
2672 3677 2767 3736 vel
2800 3677 2875 3737 ad
2911 3677 3207 3756 integram

589 3788 863 3867 ipsarum
888 3785 1696 3848 Dioecesiumfdotationem
1729 3785 1778 3844 si
1815 3786 2051 3845 nullam
2085 3800 2223 3845 actu
2259 3785 2543 3860 habeant,
2583 3785 2680 3844 vel
2700 3784 2775 3843 ad
2799 3783 3211 3863 Supplemen-

586 3911 721 3955 tum
768 3892 1044 3972 ejusdem
1093 3891 1425 3953 dotationis
1457 3892 1504 3951 si
1542 3907 1776 3972 partem
1809 3891 2089 3971 aliquam
2123 3912 2382 3953 suorum
2414 3893 2739 3954 Bonorum
2775 3892 2979 3952 adhuc
3012 3890 3210 3972 possi-

587 4003 789 4076 deant,
836 4002 913 4061 ita
964 4016 1029 4060 ut
1061 3998 1352 4078 Singulae
1387 3998 1732 4059 Dioeceses
1763 4017 1876 4058 eos
1924 4018 2171 4061 annuos
2219 3999 2450 4060 reditus
2483 4001 2889 4080 imposterum
2924 3999 3208 4064 habeant,

586 4108 693 4188 qui
740 4107 1034 4167 reditibus
1080 4126 1194 4186 pro
1227 4106 1771 4186 Archiepiscopali,
1806 4105 1907 4165 vel
1945 4106 2291 4186 Episcopali
2328 4125 2557 4176 mensa,
2596 4126 2710 4186 pro
2747 4107 3057 4186 CapituIO,
3096 4124 3209 4185 pro

587 4214 928 4275 Seminario
976 4213 1380 4286 DioecesanO,
1435 4232 1672 4293 proque
1724 4212 2120 4294 suffraganeo
2172 4214 2407 4274 statutis
2454 4214 2518 4274 in
2566 4212 2900 4293 quantitate
2947 4209 3208 4292 singulis

586 4320 842 4381 inferius
890 4321 1263 4398 designanda
1311 4319 1574 4400 perfecte
1610 4320 2051 4399 respondeant,
2085 4336 2269 4399 atque
2305 4318 2667 4397 hujusmodi
2703 4321 3029 4380 Censuum
3062 4337 3208 4398 pro-

584 4426 808 4507 prietas
855 4446 962 4506 per
994 4426 1400 4487 Instrumenta
1449 4424 1512 4484 in
1545 4425 1814 4504 legitima
1854 4424 2176 4504 validaque
2214 4426 2413 4505 Regni
2448 4425 2644 4487 forma
2678 4425 3047 4505 stipulanda,
3083 4440 3141 4483 et
3172 4445 3204 4483 a

582 4535 978 4614 praelaudato
1014 4535 1180 4611 Rege
1213 4533 1648 4594 subscribenda
1684 4533 2031 4613 unicuique
2058 4534 2359 4594 Ecclesiae
2393 4534 2762 4595 conferetur.
2800 4539 2869 4593 Et
2903 4533 3205 4612 quoniam

581 4640 942 4708 enunciatae
974 4639 1212 4719 Sylvae,
1268 4655 1450 4719 prout
1500 4656 1557 4700 et
1609 4640 1855 4719 publica
1903 4641 2075 4701 Bona
2129 4642 2335 4702 omnia
2373 4641 2572 4721 Regni
2612 4642 2953 4714 Borussiae,
2989 4642 3071 4700 ob
3102 4660 3206 4700 aes

581 4749 875 4822 alienum,
906 4768 938 4807 a
973 4747 1317 4824 GuberniO,
1367 4747 1675 4808 bellorum
1724 4767 1905 4809 causa
1942 4764 2346 4824 contractum,
2380 4750 2727 4831 hypotheca
2762 4762 3004 4828 gravata
3037 4763 3204 4820 sunt,

582 4870 765 4934 atque
801 4856 883 4914 ob
917 4854 975 4913 id
1011 4873 1197 4934 super
1229 4853 1401 4915 nulla
1438 4873 1651 4915 earum
1685 4871 1853 4935 parte
1877 4855 2122 4916 Census
2154 4855 2392 4936 imponi
2426 4874 2773 4935 eorumque
2808 4854 3042 4915 fructus
3063 4873 3201 4934 per-

579 4962 713 5042 cipi,
762 4961 925 5022 salva
977 4961 1117 5039 fide,
1171 4979 1453 5042 possunt,
1503 4959 1833 5041 antequam
1889 4963 2233 5038 imminuta,
2283 4983 2388 5044 per
2432 4963 2777 5025 solutiones
2811 4985 2842 5022 a
2876 4960 3203 5022 Gubernio
