3684 5416
357 1577 409 1610 10

357 2110 404 2153 ¹5

349 2644 405 2676 20

346 3177 398 3222 25

346 3712 401 3757 30

345 4244 397 4290 35

1467 407 1734 463 Pontifex
1774 426 2068 464 romanus.
2974 432 3082 487 439

463 592 617 669 Deo,
653 608 712 653 et
744 592 1122 666 hominibus,
1157 612 1189 651 a
1226 591 1525 669 Domino,
1560 593 1738 654 cuius
1774 594 2098 672 negotium
2128 609 2373 673 gerunt,
2407 596 2690 678 supplicii
2722 598 2818 659 vel
2848 598 3080 679 gloriae

460 698 867 780 sempiternae
902 697 1367 760 retributionem
1399 698 1683 760 citissime
1714 700 1964 761 laturos.

673 815 703 877 5
743 826 842 884 24.
879 806 1027 867 Non
1060 805 1463 884 obstantibus,
1495 822 1804 886 quatenus
1835 825 1995 889 opus
2026 807 2118 884 sit,
2150 807 2337 869 felicis
2358 810 2797 872 recordationis
2817 811 3080 874 Alexan·

460 913 552 975 dri
585 914 782 995 Papae
816 913 887 974 111
920 913 1366 994 predecessoris
1398 913 1590 974 nostri
1623 913 1686 974 in
1720 914 1984 975 concilio
2005 915 2401 978 Lateranensi
2434 918 2612 996 edita,
2648 939 2808 1000 quae
2842 919 3077 1002 incipit:

458 1021 631 1083 Licet
674 1022 749 1081 de
794 1021 1071 1094 vitanda,
1120 1035 1180 1081 et
1210 1020 1478 1081 aliorum
1512 1020 1948 1082 Romanorum
1981 1022 2350 1102 Pontificum
2386 1024 2931 1104 praedecessorum
2964 1045 3081 1089 no-

460 1143 750 1198 strorum,
796 1126 978 1188 etiam
1026 1127 1088 1187 in
1130 1126 1406 1187 conciliis
1436 1127 1826 1204 generalibus
1859 1129 2283 1211 promulgatis,
2317 1129 2858 1193 constitutionibus
2890 1149 2948 1193 et
2980 1151 3080 1194 or-

461 1234 875 1296 dinationibus
920 1233 1289 1314 apostolicis,
1336 1233 1519 1294 etiam
1567 1233 1630 1294 in
1677 1252 1939 1315 corpore
1985 1235 2131 1296 iuris
2164 1236 2402 1315 clausis,
2434 1237 2661 1317 quibus
2694 1238 2993 1300 omnibus
3024 1254 3083 1300 et

460 1340 734 1421 singulis,
782 1354 1091 1420 quatenus
1138 1340 1360 1421 pariter
1392 1359 1555 1421 opus
1587 1342 1681 1419 sit,
1715 1361 1937 1403 eorum
1969 1343 2261 1404 omnium
2294 1360 2352 1404 et
2383 1344 2779 1425 singulorum
2810 1360 3078 1423 tenores,

461 1448 711 1528 perinde
760 1465 832 1508 ac
875 1447 925 1507 si
972 1448 1048 1508 ad
1081 1448 1341 1508 verbum
1375 1448 1886 1529 exprimerentur,
1919 1469 2034 1531 pro
2067 1451 2365 1532 expressis
2396 1466 2456 1512 et
2487 1451 2729 1513 insertis
2763 1452 3077 1532 habentes,

461 1573 574 1636 pro
620 1556 734 1616 hac
781 1555 910 1616 vice
955 1554 1288 1630 dumtaxat,
1336 1554 1450 1615 illis
1494 1554 1639 1615 alias
1671 1555 1733 1616 in
1765 1576 1886 1618 suo
1920 1559 2142 1618 robore
2176 1558 2613 1639 permansuris,
2648 1558 2990 1640 specialiter
3021 1573 3082 1619 et

460 1681 740 1744 expresse
775 1661 1164 1741 derogamus,
1195 1664 1534 1744 ceterisque
1568 1665 1887 1727 contrariis
1921 1665 2439 1746 quibuscumque.

673 1779 702 1839 5
741 1790 775 1831 2
788 1791 839 1849 5.
893 1771 1206 1832 Volumus
1240 1790 1519 1851 quoque,
1555 1787 1906 1853 praesentes
1940 1787 2181 1833 nostras
2214 1791 2418 1834 coram
2455 1773 2752 1834 omnibus
2784 1773 2848 1834 in
2883 1774 3080 1855 prima

461 1877 940 1958 congregatione
991 1893 1129 1958 post
1173 1879 1413 1940 obitum
1451 1879 1766 1940 Pontificis
1813 1879 1944 1940 fieri
1992 1879 2191 1956 solita,
2239 1895 2298 1940 et
2342 1879 2567 1940 deinde
2601 1896 2737 1960 post
2768 1881 3080 1942 conclavis

462 1984 829 2064 ingressum,
861 1999 920 2044 et
952 2003 1098 2045 cum
1131 1984 1270 2065 quis
1302 1987 1380 2046 ad
1414 1986 1819 2047 cardinalatus
1853 1987 2162 2047 honorem
2195 2001 2521 2067 promotus
2552 1984 2751 2063 fuerit,
2775 2006 2919 2047 cum
2951 1986 3080 2048 aliis

461 2091 763 2152 similibus
813 2091 1358 2153 constitutionibus
1408 2092 1549 2173 legi,
1602 2108 1661 2154 et
1709 2092 2136 2154 iuramentum
2186 2112 2372 2174 super
2421 2091 2586 2153 illius
2649 2093 3079 2156 observatione

461 2198 766 2278 praestari,
803 2214 859 2258 et
892 2197 971 2258 ita
1006 2199 1416 2280 praecipimus
1450 2214 1510 2260 et
1544 2200 1935 2261 mandamus

672 2314 701 2374 5
740 2306 838 2368 26.
901 2305 1151 2381 Quibus
1198 2306 1744 2368 constitutionibus
1792 2323 1852 2367 et
1899 2305 2118 2388 poenis
2152 2306 2215 2367 in
2247 2306 2334 2367 eis
2367 2307 2691 2382 contentis,
2726 2306 2840 2366 nisi
2875 2306 2940 2367 in
2974 2326 3079 2367 su-

458 2412 664 2494 perius
696 2412 1013 2492 expressis,
1048 2432 1158 2495 per
1189 2412 1350 2474 hanc
1387 2429 1661 2474 nostram
1693 2414 1990 2495 derogare
2024 2432 2155 2474 non
2190 2412 2592 2491 intendimus,
2623 2413 2729 2474 sed
2752 2431 2853 2473 eas
2885 2412 2950 2473 in
2983 2411 3081 2473 sui

458 2518 695 2582 roboris
740 2517 1021 2580 firmitate
1068 2518 1433 2602 relinquere.
1500 2519 1826 2600 Sperantes
1861 2519 2045 2580 etiam
2078 2519 2404 2580 Romanos
2436 2518 2786 2598 Pontifices,
2822 2519 2933 2599 qui
2965 2538 3079 2600 pro

453 2641 731 2705 tempore
778 2624 1075 2686 canonice
1120 2626 1441 2705 eligentur,
1474 2624 1652 2687 omni
1682 2624 1891 2686 studio
1924 2640 2265 2700 curaturos,
2300 2641 2363 2685 ut
2395 2645 2556 2706 quae
2592 2624 2812 2686 nostris
2849 2624 3075 2687 huius-

455 2737 626 2797 modi
669 2752 727 2796 et
758 2736 823 2796 in
856 2735 940 2795 eis
973 2735 1296 2796 salubriter
1325 2749 1544 2795 statuta
1577 2748 1743 2811 sunt,
1778 2734 2231 2812 inviolabiliter,
2264 2754 2334 2795 ac
2366 2733 2567 2810 etiarn,
2600 2735 2648 2795 si
2682 2753 2843 2815 opus
2878 2733 3079 2812 fuerit,

457 2861 565 2924 per
612 2860 959 2922 poenarum
1008 2842 1279 2922 ipsarum
1328 2857 1541 2902 contra
1590 2857 2071 2921 transgressores
2117 2841 2623 2921 exequutionem,
2655 2843 3078 2905 observentur.

669 2958 698 3016 5
749 2968 848 3013 27.
914 2948 1197 3028 Denique
1259 2950 1572 3024 volumus,
1637 2948 1885 3009 easdem
1938 2963 2282 3029 praesentes
2333 2948 2397 3009 in
2449 2948 2638 3009 valvis
2690 2949 3074 3010 basilicarum

454 3055 643 3116 sancti
676 3054 921 3116 Ioannis
956 3055 1383 3117 Lateranensis
1415 3075 1483 3115 ac
1508 3055 1802 3137 Principis
1834 3055 2267 3136 apostolorum
2288 3055 2363 3116 de
2386 3054 2573 3134 Urbe,
2596 3075 2665 3117 ac
2685 3056 3076 3118 cancellariae

454 3162 843 3242 apostolicae,
880 3180 992 3222 nec
1023 3181 1153 3222 non
1188 3160 1253 3222 in
1286 3162 1413 3222 acie
1446 3162 1646 3242 campi
1685 3162 1904 3223 Florae
1937 3182 2046 3243 per
2079 3180 2360 3223 cursores
2394 3178 2637 3223 nostros
2671 3161 2835 3242 affigi
2866 3177 2925 3223 et
2957 3183 3074 3243 pu·-

455 3269 681 3346 blicari,
730 3289 798 3329 ac
844 3286 1061 3328 eorum
1099 3268 1378 3348 exempla
1412 3268 1643 3328 ibidem
1677 3267 1858 3328 affixa
1892 3267 2131 3345 dimitti,
2167 3284 2225 3329 et
2257 3269 2481 3330 deinde
2516 3288 2738 3329 omnes
2770 3283 2829 3329 et
2861 3269 3074 3349 singu-

453 3375 547 3436 los
578 3374 934 3453 cardinales,
966 3388 1090 3435 tam
1123 3376 1402 3435 absentes
1435 3392 1623 3454 quam
1660 3389 2028 3454 praesentes,
2061 3373 2397 3435 modernos
2431 3390 2489 3434 et
2521 3375 2630 3455 qui
2663 3395 2776 3456 pro
2799 3391 3076 3457 tempore

454 3496 653 3557 erunt,
699 3496 759 3542 et
808 3481 958 3542 alios
994 3500 1448 3562 quoscumque,
1484 3499 1760 3560 quorum
1794 3481 2061 3556 interest,
2096 3480 2191 3540 vel
2224 3481 2510 3541 interesse
2548 3482 2768 3561 poterit
2800 3501 3073 3561 quomo-

454 3587 688 3650 dolibet
734 3588 799 3649 in
847 3587 1146 3663 futurum,
1192 3587 1434 3648 afficere
1467 3603 1524 3648 et
1558 3586 1765 3664 ligare,
1803 3587 2165 3667 nullamque
2198 3587 2417 3647 harum
2450 3586 2862 3665 ignorantiam
2896 3606 3074 3667 prae-

451 3694 702 3756 tendere
749 3715 953 3776 posse,
1001 3714 1071 3756 ac
1101 3696 1150 3755 si
1186 3694 1272 3755 eis
1304 3694 1705 3776 personaliter
1739 3693 2048 3754 intimatae
2084 3693 2312 3763 forent:
2367 3692 2734 3774 praemissiS,
2769 3693 3075 3755 ceteteris-

452 3820 575 3882 que
608 3803 927 3864 contrariis
960 3802 1461 3884 quibuscumque
1500 3821 1630 3862 non
1662 3802 2072 3863 obstantibus.

667 3918 696 3978 5
733 3911 833 3971 28.
898 3909 1069 3970 Nulli
1114 3928 1262 3988 ergo
1307 3909 1571 3970 omnino
1620 3909 1956 3970 hominum
1993 3909 2169 3969 liceat
2203 3909 2360 3968 hanc
2392 3907 2679 3989 paginam
2715 3923 3074 3968 nostrorum

453 4030 842 4092 statutorum,
892 4018 1305 4093 decretorum,
1338 4016 1845 4093 declarationum,
1880 4016 2339 4092 mandatorum,
2374 4014 2812 4090 innodationis,
2847 4014 3073 4074 volun-

452 4122 613 4199 tatis,
643 4123 1102 4201 admonitionis,
1137 4124 1518 4201 hortationis,
1540 4123 2001 4201 obsecrationis,
2021 4121 2420 4198 inhibitionis,
2440 4120 2878 4199 derogationis,
2901 4139 3075 4200 prae-

453 4229 610 4310 cepti
656 4245 715 4291 et
759 4230 1187 4311 suspensionis
1237 4231 1585 4311 infringere,
1634 4231 1727 4291 vel
1776 4231 1832 4291 ei
1878 4250 2033 4292 ausu
2082 4230 2405 4292 temerario
2450 4228 2774 4290 contraire.
2840 4226 2904 4288 Si
2937 4227 3075 4307 quis

452 4354 659 4397 autern
691 4338 812 4397 hoc
844 4352 1133 4398 attentare
1166 4338 1657 4418 praesumpserit,
1690 4337 2185 4416 indignationem
2218 4337 2661 4417 omnipotentis
2695 4335 2807 4396 Dei
2841 4350 2900 4396 et
2931 4336 3075 4395 bea-

452 4456 663 4504 torum
697 4443 856 4504 Petri
890 4459 947 4504 et
980 4442 1151 4504 Pauli
1185 4445 1612 4523 apostolorum
1646 4444 1777 4505 eius
1810 4465 1875 4505 se
1910 4445 2147 4505 noverit
2177 4443 2597 4505 incursurum.

667 4568 896 4630 Datum
934 4569 1192 4643 Romae,
1227 4569 1392 4649 apud
1424 4585 1708 4630 sanctum
1744 4570 2015 4647 Petrum,
2050 4588 2217 4631 anno
2253 4569 2686 4631 Incarnationis
2710 4568 3070 4630 Dominicae

453 4674 801 4753 MDCXXI,
847 4676 1356 4756 decimoseptimo
1405 4677 1692 4738 kalendas
1739 4677 2105 4756 decembriS‚
2157 4676 2545 4758 pontificatus
2595 4676 2788 4737 nostri
2834 4695 2997 4735 anno
3030 4673 3068 4734 1.

668 4800 802 4862 Dat.
835 4801 934 4862 die
980 4822 1047 4881 15
1088 4802 1440 4863 novembris
1487 4803 1666 4880 1621,
1701 4802 1918 4884 pontif.
1952 4823 2051 4864 an.
2087 4803 2124 4864 Ι.
2197 4801 2254 4882 [1.
2292 4823 2340 4865 c.
2376 4823 2508 4884 pag.
2546 4798 2935 4881 619—625.]
