3684 5416
311 1527 366 1558 lo

313 2061 361 2104 ¹5

304 2603 365 2636 20

301 3137 361 3181 25

305 4204 360 4249 35

1601 359 1863 430 Capituli.
2939 380 3031 434 59¹

418 560 542 620 ant,
576 544 749 624 quod
782 542 1054 621 juniores
1086 544 1434 604 secundum
1469 543 1671 603 Deum
1706 558 1904 621 agant.
1953 543 2026 604 Et
2058 543 2119 603 in
2155 544 2281 625 ipsa
2304 544 2561 605 claustra
2586 546 2754 607 nulla
2777 545 3038 608 faemina

417 652 703 724 introeat,
734 671 847 712 nec
880 652 1069 712 laicus
1103 651 1322 726 homo,
1358 665 1594 730 praeter
1625 664 1886 726 tantum,
1922 651 1971 711 si
2005 650 2365 731 EpiscopuS,
2393 666 2498 712 aut
2519 652 3033 726 Archidiaconus‚

419 760 516 820 vel
563 758 955 820 Primicerius
1005 756 1324 835 jusserint:
1377 759 1459 820 Ut
1510 757 1573 818 in
1614 757 1936 818 refectorio
1989 777 2100 838 pro
2151 758 2497 819 refectionis
2544 780 2726 821 causa
2772 759 3039 836 veniant,

420 866 771 947 relinquant
816 886 983 926 arma
1031 885 1140 926 sua
1187 881 1326 926 ante
1362 864 1776 942 refectorium,
1811 879 1870 925 et
1901 865 2106 926 statim
2138 884 2279 926 cum
2314 864 2569 941 exierint
2603 867 2679 927 de
2711 867 3039 929 refectorio

420 974 727 1035 ducantur
774 973 936 1034 foras
981 972 1274 1046 claustra;
1325 987 1383 1032 et
1427 972 1479 1032 si
1527 991 1773 1032 necesse
1823 972 2003 1032 fuerit
2036 973 2112 1032 ad
2147 990 2335 1053 opera
2368 972 2663 1050 facienda,
2700 974 2925 1037 intrent
2956 976 3039 1037 ibi

419 1081 555 1142 laici
603 1081 920 1142 homines:
971 1094 1030 1140 at
1077 1080 1180 1140 ubi
1230 1079 1570 1160 perfectum
1619 1078 1947 1140 habuerint
1980 1099 2142 1159 opus
2174 1098 2380 1158 suum,
2416 1099 2560 1142 cum
2594 1100 2837 1143 summa
2875 1082 3039 1144 festi-

422 1189 675 1250 natione
719 1187 1110 1268 egrediantur
1158 1186 1351 1247 foras:
1403 1200 1462 1246 et
1507 1201 1745 1266 praeter
1790 1205 2039 1246 causam
2093 1187 2483 1264 necessitatis,
2514 1188 2564 1248 si
2597 1189 2783 1267 coqui
2818 1190 3039 1251 Clerici

421 1295 661 1373 desunt,
714 1309 773 1355 et
822 1313 983 1374 opus
1033 1292 1230 1370 fuerit,
1272 1292 1409 1354 laici
1456 1293 1642 1372 coqui
1690 1293 1766 1353 ad
1813 1294 2289 1373 coquinandum
2320 1308 2564 1355 tantum
2596 1295 3039 1373 ingrediantur,

419 1400 664 1481 expleto
698 1399 1038 1460 ministerio
1071 1419 1187 1460 suo
1221 1417 1366 1459 cum
1398 1398 1699 1459 celeritate
1733 1414 1948 1460 exeant
1981 1399 2159 1460 foras.

632 1506 709 1567 Et
755 1526 863 1587 per
909 1505 1042 1567 illas
1074 1506 1432 1567 mansiones
1463 1506 1579 1587 ipsi
1612 1505 1834 1566 Clerici
1869 1506 2155 1568 canonici
2188 1507 2433 1568 nullum
2469 1506 2781 1570 Clericum
2817 1529 3038 1571 eorum

420 1615 682 1676 habeant
731 1613 862 1674 sine
916 1629 1244 1694 praecepto
1295 1613 1584 1693 Episcopi
1636 1613 1765 1673 sui:
1818 1629 1877 1673 et
1927 1614 1977 1674 si
2030 1614 2391 1695 permiserit,
2428 1630 2495 1675 ut
2528 1616 2814 1691 habeant,
2850 1616 2934 1677 sic
2968 1617 3042 1677 sit

421 1721 801 1781 conversatio
848 1720 1097 1781 illorum
1152 1739 1296 1780 cum
1350 1719 1689 1780 humilitate
1740 1734 1800 1779 et
1834 1719 1948 1781 Dei
2000 1720 2240 1796 timore,
2292 1721 2555 1800 qualiter
2587 1741 2699 1783 nec
2734 1723 2890 1801 De0‚
2929 1743 3041 1785 nec

420 1828 732 1909 Episcopo
783 1827 1144 1908 displiceant
1194 1845 1309 1887 nec
1359 1826 1496 1901 illis,
1547 1826 1654 1906 qui
1701 1828 1816 1886 sub
1864 1847 1975 1890 sua
2023 1846 2211 1887 manu
2247 1827 2443 1906 ipsam
2476 1828 3040 1908 Congregationem

421 1950 658 2015 regunt.
726 1935 800 1995 Et
844 1935 896 1994 si
942 1934 1112 1995 aliter
1160 1933 1429 2008 fecerint,
1481 1932 1601 2011 ille,
1650 1933 1758 2014 qui
1806 1948 2061 2014 praeest,
2108 1949 2212 1994 aut
2243 1935 2743 1995 excommunicet
2776 1954 2904 2010 eOS,
2936 1950 3041 1996 aut

421 2041 808 2124 corporalem
840 2041 1226 2122 disciplinam
1258 2040 1573 2121 accipiant,
1614 2041 1688 2100 Et
1722 2041 1786 2101 in
1820 2040 1981 2120 ipsas
2015 2039 2372 2101 mansiones
2408 2041 2563 2102 intra
2597 2041 2726 2121 ipsa
2760 2043 3039 2120 claustra,

421 2168 533 2210 nec
567 2148 860 2226 Clericus,
909 2167 1022 2209 nec
1069 2147 1257 2208 laicus
1305 2148 1531 2227 bibere,
1581 2167 1693 2209 nec
1739 2149 2135 2222 manducare,
2173 2167 2288 2209 nec
2320 2148 2588 2209 dormire
2623 2169 2754 2209 non
2787 2168 3040 2230 praesu-

420 2271 611 2332 mant,
666 2256 783 2316 nisi
831 2256 945 2337 ipsi
980 2256 1220 2334 Clerici,
1270 2256 1380 2336 qui
1411 2256 1478 2316 in
1513 2256 1643 2336 ipsa
1675 2256 2176 2337 Congregatione
2208 2273 2368 2334 sunt,
2401 2272 2504 2317 aut
2536 2256 2621 2317 illi
2656 2257 2900 2336 Clerici,
2935 2259 3042 2340 qui

419 2362 652 2423 ibidem
702 2363 763 2423 in
810 2363 947 2443 ipso
980 2363 1268 2425 Claustro
1316 2382 1423 2443 per
1457 2362 1792 2440 jussionem
1826 2363 2117 2444 Episcopi
2151 2364 2246 2424 sui
2280 2362 2639 2425 Senioribus
2670 2365 2797 2425 suis
2831 2365 3037 2427 deser—

418 2469 611 2530 viunt.
673 2470 751 2530 Et
796 2470 902 2549 qui
951 2470 1027 2529 de
1076 2469 1211 2550 ipso
1243 2469 1430 2531 Clero
1479 2489 1677 2530 unum
1711 2470 2025 2532 Clericum
2071 2470 2135 2530 in
2172 2471 2299 2551 ipsa
2333 2472 2615 2547 claustra,
2647 2486 2718 2532 ut
2750 2472 3038 2551 diximUS,

421 2576 721 2654 habuerit,
769 2576 888 2637 hoc
937 2575 1304 2656 praevideat,
1356 2591 1422 2636 ut
1468 2576 1771 2656 planetam
1821 2596 1967 2638 cum
2014 2577 2266 2657 reliquis
2299 2579 2678 2639 vestimentis
2711 2580 2951 2652 habeat,
2985 2596 3042 2641 et

422 2682 640 2744 diebus
675 2682 1038 2761 Dominicis,
1088 2683 1181 2745 vel
1231 2682 1481 2763 reliquis
1527 2682 1950 2745 festivitatibus
1997 2684 2059 2745 in
2096 2684 2364 2746 Ecclesia
2400 2684 2514 2747 Dei
2547 2686 2745 2747 vestiti
2782 2687 2842 2748 in
2876 2687 3041 2749 ordi-

423 2790 606 2850 nibus
638 2791 766 2851 suis
800 2806 979 2855 stent.

634 2897 791 2977 Gap.
827 2898 925 2958 IV.
990 2897 1092 2957 De
1141 2899 1551 2980 completorio,
1602 2899 1701 2959 vel
1743 2901 2184 2962 taciturnitate.
2280 2900 2362 2962 Ut
2423 2900 2500 2960 ad
2565 2900 3043 2981 completorium

420 3004 625 3065 omnis
658 3004 898 3081 CleruS,
948 3006 1056 3085 qui
1103 3006 1170 3065 in
1204 3006 1333 3086 ipsa
1367 3005 1866 3085 Congregatione
1901 3023 2008 3084 est,
2041 3007 2260 3083 veniat,
2292 3024 2351 3068 et
2382 3008 2644 3069 omnino
2679 3008 2854 3094 omni
2886 3026 3041 3069 tem-

421 3130 566 3192 pore
599 3110 929 3192 incipiente
961 3128 1143 3174 nocte
1179 3113 1449 3194 primum
1483 3113 1732 3192 signum
1765 3114 1840 3173 ad
1877 3114 2352 3195 completorium
2387 3131 2597 3177 sonet:
2650 3132 2708 3176 et
2740 3135 2884 3177 cum
2918 3116 3043 3196 pri-

420 3217 607 3279 mitus
659 3218 811 3279 illud
865 3218 1136 3298 signum,
1185 3220 1294 3299 qui
1343 3221 1420 3281 ad
1467 3221 1589 3281 hoc
1637 3221 1960 3281 ordinatus
2009 3220 2209 3299 fuerit,
2243 3222 2523 3284 auditum
2558 3222 2784 3299 fecerit,
2817 3222 3040 3301 statim,

419 3326 778 3405 ubicunque
827 3325 1069 3401 fuerint,
1116 3326 1191 3387 ad
1241 3346 1463 3388 eorum
1509 3327 1770 3387 claustra
1820 3329 2102 3388 veniant:
2169 3344 2226 3388 et
2279 3349 2425 3390 cum
2457 3330 2684 3390 iterum
2718 3330 2926 3409 ipsum
2957 3330 3038 3389 si-

418 3451 616 3510 gnum
660 3433 983 3511 audierint,
1032 3434 1116 3495 sic
1164 3453 1385 3495 omnes
1431 3435 1494 3495 in
1528 3434 1796 3495 Ecclesia
1829 3436 2023 3496 sancti
2059 3435 2356 3515 Stephani
2389 3435 2525 3509 sint,
2559 3451 2617 3496 et
2652 3452 2798 3496 tunc
2830 3436 2891 3496 in
2926 3436 3041 3497 Dei

421 3540 675 3601 nomine
723 3540 1205 3621 completorium
1253 3555 1518 3602 cantent.
1582 3542 1657 3601 Et
1704 3557 2038 3622 postquam
2073 3541 2552 3622 completorium
2584 3556 2898 3602 cantatum
2933 3543 3042 3601 ha-

421 3647 692 3720 buerint;
765 3663 977 3728 postea
1029 3668 1157 3709 non
1212 3648 1439 3726 bibant,
1489 3666 1603 3708 nec
1649 3648 2027 3708 manducent
2062 3647 2356 3727 usquein
2403 3648 2737 3708 crastinum
2769 3646 3043 3726 legitima

421 3753 605 3828 hora;
668 3770 728 3815 et
777 3773 998 3815 omnes
1047 3754 1359 3815 silentium
1409 3769 1676 3831 teneant,
1725 3770 1782 3815 et
1830 3772 2020 3814 nemo
2067 3772 2214 3814 cum
2264 3755 2454 3816 altero
2500 3755 2795 3834 loquatur
2839 3774 3041 3834 usque

417 3879 598 3921 mane
647 3877 784 3942 post
830 3862 1092 3942 primam
1140 3877 1464 3938 cantatam,
1509 3861 1642 3937 nisi,
1688 3861 1736 3921 si
1783 3880 2031 3921 necesse
2080 3860 2278 3940 fuerit,
2328 3877 2385 3922 et
2418 3862 2538 3923 hoc
2570 3880 2717 3922 cum
2750 3881 3040 3942 suppres-

418 3966 592 4028 sione
624 3969 790 4029 vocis
823 3988 965 4029 cum
997 3969 1212 4048 grandi
1247 3969 1499 4044 cautela,
1533 3984 1603 4029 ut
1634 3968 1711 4029 de
1742 3967 1844 4028 illa
1876 3967 1990 4028 alia
2023 3968 2365 4045 mansione,
2386 3988 2546 4048 quae
2580 3967 2742 4045 juxta
2778 3982 2886 4045 est,
2921 3987 3032 4028 sua

417 4092 538 4135 vox
573 4092 701 4135 non
735 4075 1050 4150 audiatur3
1102 4090 1161 4135 et
1194 4076 1301 4155 qui
1336 4076 1412 4135 de
1447 4074 1566 4135 illis
1597 4075 1674 4135 ad
1708 4073 2186 4155 completorium
2224 4094 2349 4135 non
2385 4075 2583 4152 suerit,
2629 4074 3039 4155 posteaillam

423 4195 668 4241 noctem
722 4201 851 4242 non
904 4197 1254 4262 praesumat
1304 4182 1405 4243 illa
1453 4183 1606 4243 ostia
1653 4182 1934 4261 tundere,
1983 4201 2097 4242 nec
2144 4202 2251 4263 per
2294 4180 2494 4241 ullum
2543 4181 2758 4244 locum
2811 4182 2877 4242 in
2910 4181 3040 4262 ipsa

422 4287 680 4349 claustra
726 4288 987 4367 ingredi,
1038 4305 1373 4369 antequam
1406 4289 1481 4350 ad
1516 4306 1850 4350 nocturnas
1884 4290 2147 4351 veniant.
2215 4290 2344 4350 Nec
2376 4290 2892 4360 ArchidiaconuS,
2929 4310 3042 4351 nec

423 4394 832 4472 Primiceriu5‚
882 4416 993 4457 nec
1041 4396 1140 4457 ille
1173 4395 1474 4457 Ostiarius
1527 4396 1724 4457 ullum
1772 4411 2193 4457 commeatum
2248 4397 2469 4457 exinde
2518 4398 2750 4459 donare
2785 4398 3039 4479 possint,

421 4514 489 4560 ut
523 4517 658 4581 post
691 4502 1166 4582 completorium
1201 4501 1421 4582 aliquis
1453 4502 1536 4563 ibi
1571 4502 1966 4581 ingrediatur,
2003 4503 2117 4563 nisi
2137 4504 2210 4563 ad
2239 4519 2606 4575 nocturnas;
2642 4505 2757 4566 nisi
2782 4520 3040 4578 tantum,

421 4607 471 4667 si
519 4607 653 4668 talis
687 4628 866 4669 causa
901 4609 1189 4679 evenerit,
1239 4610 1412 4690 quod
1449 4629 1696 4670 necesse
1730 4610 1822 4687 sit,
1857 4626 1922 4670 ut
1954 4610 2074 4671 hoc
2105 4609 2207 4670 ille
2241 4610 2749 4690 Archidiaconus,
2782 4611 2877 4671 vel
2912 4611 3043 4671 Pri·-

421 4712 727 4790 micetius,
760 4717 852 4776 vel
887 4715 996 4795 qui
1029 4730 1179 4775 tunc
1208 4714 1505 4796 temporis
1538 4714 1756 4775 exinde
1788 4714 2152 4796 praeviderit
2184 4717 2262 4776 ad
2295 4715 2472 4777 illum
2495 4717 2875 4798 Episcopum
2897 4736 3048 4797 pos-

420 4820 496 4880 sit
542 4821 763 4898 dicere,
811 4841 925 4903 pro
962 4842 1087 4904 qua
1120 4843 1303 4884 causa
1338 4824 1457 4883 hoc
1492 4822 1722 4883 factum
1755 4822 1985 4901 fuisset,
2017 4839 2075 4884 et
2106 4822 2155 4883 si
2191 4823 2272 4884 ita
2305 4841 2412 4905 est,
2450 4825 2621 4905 quod
2655 4845 2903 4886 necesse
2937 4824 3031 4903 sit,

422 4942 569 4989 tunc
601 4927 913 4989 licentiam
947 4930 1210 4991 habeant
1242 4929 1601 4991 introeundi
1634 4944 1693 4991 et
1725 4929 2012 4991 exeundi.
