<?xml version="1.0" encoding="UTF-8"?>
<!DOCTYPE html PUBLIC "-//W3C//DTD XHTML 1.0 Transitional//EN"
    "http://www.w3.org/TR/xhtml1/DTD/xhtml1-transitional.dtd">
<html xmlns="http://www.w3.org/1999/xhtml" xml:lang="en" lang="en">
 <head>
  <title>
</title>
<meta http-equiv="Content-Type" content="text/html;charset=utf-8" />
  <meta name='ocr-system' content='tesseract 3.04.00' />
  <meta name='ocr-capabilities' content='ocr_page ocr_carea ocr_par ocr_line ocrx_word'/>
</head>
<body>
  <div class='ocr_page' id='page_1' title='image "./fontesiuriscano00unkngoog/fontesiuriscano00unkngoog_0212.png"; bbox 0 0 3684 5416; ppageno 0'>
   <div class='ocr_carea' id='block_1_1' title="bbox 524 1522 580 1554">
    <p class='ocr_par' dir='ltr' id='par_1_1' title="bbox 524 1522 580 1554">
     <span class='ocr_line' id='line_1_1' title="bbox 524 1522 580 1554; baseline -0.018 0"><span class='ocrx_word' id='word_1_1' title='bbox 524 1522 580 1554; x_wconf 65' lang='grc'><em>10</em></span> 
     </span>
    </p>
   </div>
   <div class='ocr_carea' id='block_1_2' title="bbox 524 2054 579 2098">
    <p class='ocr_par' dir='ltr' id='par_1_2' title="bbox 524 2054 579 2098">
     <span class='ocr_line' id='line_1_2' title="bbox 524 2054 579 2098; baseline 0 0"><span class='ocrx_word' id='word_1_2' title='bbox 524 2054 579 2098; x_wconf 73' lang='lat'><em>⁴5</em></span> 
     </span>
    </p>
   </div>
   <div class='ocr_carea' id='block_1_3' title="bbox 527 2590 585 2622">
    <p class='ocr_par' dir='ltr' id='par_1_3' title="bbox 527 2590 585 2622">
     <span class='ocr_line' id='line_1_3' title="bbox 527 2590 585 2622; baseline -0.017 0"><span class='ocrx_word' id='word_1_3' title='bbox 527 2590 585 2622; x_wconf 72' lang='lat'><em>20</em></span> 
     </span>
    </p>
   </div>
   <div class='ocr_carea' id='block_1_4' title="bbox 531 3106 581 3150">
    <p class='ocr_par' dir='ltr' id='par_1_4' title="bbox 531 3106 581 3150">
     <span class='ocr_line' id='line_1_4' title="bbox 531 3106 581 3150; baseline 0 0"><span class='ocrx_word' id='word_1_4' title='bbox 531 3106 581 3150; x_wconf 82' lang='lat'><em>25</em></span> 
     </span>
    </p>
   </div>
   <div class='ocr_carea' id='block_1_5' title="bbox 529 3647 584 3693">
    <p class='ocr_par' dir='ltr' id='par_1_5' title="bbox 529 3647 584 3693">
     <span class='ocr_line' id='line_1_5' title="bbox 529 3647 584 3693; baseline 0 -14"><span class='ocrx_word' id='word_1_5' title='bbox 529 3647 584 3693; x_wconf 67' lang='lat'><em>30</em></span> 
     </span>
    </p>
   </div>
   <div class='ocr_carea' id='block_1_6' title="bbox 523 4182 578 4228">
    <p class='ocr_par' dir='ltr' id='par_1_6' title="bbox 523 4182 578 4228">
     <span class='ocr_line' id='line_1_6' title="bbox 523 4182 578 4228; baseline -0.018 0"><span class='ocrx_word' id='word_1_6' title='bbox 523 4182 578 4228; x_wconf 78' lang='lat'><em>35</em></span> 
     </span>
    </p>
   </div>
   <div class='ocr_carea' id='block_1_7' title="bbox 635 347 2593 420">
    <p class='ocr_par' dir='ltr' id='par_1_7' title="bbox 635 347 2593 420">
     <span class='ocr_line' id='line_1_7' title="bbox 635 347 2593 420; baseline 0 -20"><span class='ocrx_word' id='word_1_7' title='bbox 635 363 734 417; x_wconf 72' lang='lat'><em>³72</em></span> <span class='ocrx_word' id='word_1_8' title='bbox 1261 350 1524 404; x_wconf 84' lang='lat' dir='ltr'>Potestas</span> <span class='ocrx_word' id='word_1_9' title='bbox 1564 348 1944 404; x_wconf 89' lang='lat' dir='ltr'><em>ecclesiastica</em></span> <span class='ocrx_word' id='word_1_10' title='bbox 1983 361 2040 403; x_wconf 91' lang='lat' dir='ltr'><em>et</em></span> <span class='ocrx_word' id='word_1_11' title='bbox 2076 347 2379 420; x_wconf 88' lang='lat' dir='ltr'><em>imperium</em></span> <span class='ocrx_word' id='word_1_12' title='bbox 2418 347 2593 403; x_wconf 81' lang='lat' dir='ltr'><em>civile.</em></span> 
     </span>
    </p>
   </div>
   <div class='ocr_carea' id='block_1_8' title="bbox 629 531 3308 4673">
    <p class='ocr_par' dir='ltr' id='par_1_8' title="bbox 629 531 3308 4673">
     <span class='ocr_line' id='line_1_8' title="bbox 634 531 3236 614; baseline 0.002 -24"><span class='ocrx_word' id='word_1_13' title='bbox 634 549 889 592; x_wconf 83' lang='lat' dir='ltr'>censura</span> <span class='ocrx_word' id='word_1_14' title='bbox 950 531 1127 593; x_wconf 91' lang='lat' dir='ltr'><em>vobis</em></span> <span class='ocrx_word' id='word_1_15' title='bbox 1188 531 1607 613; x_wconf 89' lang='lat' dir='ltr'><em>omnibusque</em></span> <span class='ocrx_word' id='word_1_16' title='bbox 1658 532 1998 594; x_wconf 86' lang='lat' dir='ltr'><em>christianis</em></span> <span class='ocrx_word' id='word_1_17' title='bbox 2048 532 2332 614; x_wconf 87' lang='lat' dir='ltr'><em>propriae</em></span> <span class='ocrx_word' id='word_1_18' title='bbox 2381 531 2732 594; x_wconf 88' lang='lat' dir='ltr'><em>hereditatis</em></span> <span class='ocrx_word' id='word_1_19' title='bbox 2782 533 3236 613; x_wconf 88' lang='lat' dir='ltr'><em>possessionem</em></span> 
     </span>
     <span class='ocr_line' id='line_1_9' title="bbox 629 636 3235 721; baseline 0 -23"><span class='ocrx_word' id='word_1_20' title='bbox 629 636 901 699; x_wconf 83' lang='lat' dir='ltr'><strong>illaesam</strong></span> <span class='ocrx_word' id='word_1_21' title='bbox 952 657 1314 719; x_wconf 87' lang='lat' dir='ltr'><em>permanere</em></span> <span class='ocrx_word' id='word_1_22' title='bbox 1359 638 1564 701; x_wconf 84' lang='lat' dir='ltr'><em>velint.</em></span> <span class='ocrx_word' id='word_1_23' title='bbox 1626 638 1936 721; x_wconf 88' lang='lat' dir='ltr'>Scriptum</span> <span class='ocrx_word' id='word_1_24' title='bbox 1983 639 2151 700; x_wconf 88' lang='lat' dir='ltr'><em>enim</em></span> <span class='ocrx_word' id='word_1_25' title='bbox 2195 655 2286 700; x_wconf 87' lang='lat' dir='ltr'><em>est</em></span> <span class='ocrx_word' id='word_1_26' title='bbox 2331 639 2394 700; x_wconf 89' lang='lat' dir='ltr'><em>in</em></span> <span class='ocrx_word' id='word_1_27' title='bbox 2437 639 2598 700; x_wconf 90' lang='lat' dir='ltr'><em>libro</em></span> <span class='ocrx_word' id='word_1_28' title='bbox 2630 639 3091 701; x_wconf 86' lang='lat' dir='ltr'>Institutionum</span> <span class='ocrx_word' id='word_1_29' title='bbox 3124 639 3235 700; x_wconf 89' lang='lat' dir='ltr'><em>ita:</em></span> 
     </span>
     <span class='ocr_line' id='line_1_10' title="bbox 631 745 3237 829; baseline 0 -23"><span class='ocrx_word' id='word_1_30' title='bbox 631 745 856 806; x_wconf 88' lang='lat' dir='ltr'><em>Omnis</em></span> <span class='ocrx_word' id='word_1_31' title='bbox 888 745 1197 806; x_wconf 82' lang='lat' dir='ltr'><em>hereditas</em></span> <span class='ocrx_word' id='word_1_32' title='bbox 1228 753 1339 807; x_wconf 90' lang='lat' dir='ltr'><em>aut</em></span> <span class='ocrx_word' id='word_1_33' title='bbox 1367 753 1721 808; x_wconf 88' lang='lat' dir='ltr'><em>testamento</em></span> <span class='ocrx_word' id='word_1_34' title='bbox 1752 753 1863 808; x_wconf 91' lang='lat' dir='ltr'><em>aut</em></span> <span class='ocrx_word' id='word_1_35' title='bbox 1890 749 2271 808; x_wconf 80' lang='lat' dir='ltr'><em>successione</em></span> <span class='ocrx_word' id='word_1_36' title='bbox 2301 746 2381 808; x_wconf 86' lang='lat' dir='ltr'><em>ab</em></span> <span class='ocrx_word' id='word_1_37' title='bbox 2413 749 2700 808; x_wconf 89' lang='lat' dir='ltr'><em>intestato</em></span> <span class='ocrx_word' id='word_1_38' title='bbox 2732 755 2841 808; x_wconf 85' lang='lat' dir='ltr'><em>aut</em></span> <span class='ocrx_word' id='word_1_39' title='bbox 2858 749 3046 808; x_wconf 85' lang='lat' dir='ltr'><em>tacito</em></span> <span class='ocrx_word' id='word_1_40' title='bbox 3050 753 3237 829; x_wconf 87' lang='lat' dir='ltr'><em>pacto</em></span> 
     </span>
     <span class='ocr_line' id='line_1_11' title="bbox 631 852 3235 934; baseline 0.001 -22"><span class='ocrx_word' id='word_1_41' title='bbox 631 855 862 913; x_wconf 84' lang='lat' dir='ltr'><em>transit</em></span> <span class='ocrx_word' id='word_1_42' title='bbox 888 853 973 914; x_wconf 87' lang='lat' dir='ltr'><em>ad</em></span> <span class='ocrx_word' id='word_1_43' title='bbox 1000 852 1296 913; x_wconf 80' lang='lat' dir='ltr'><em>heredem.</em></span> <span class='ocrx_word' id='word_1_44' title='bbox 1329 853 1397 914; x_wconf 92' lang='lat' dir='ltr'><em>ln</em></span> <span class='ocrx_word' id='word_1_45' title='bbox 1429 854 1685 915; x_wconf 88' lang='lat' dir='ltr'><em>eodem:</em></span> <span class='ocrx_word' id='word_1_46' title='bbox 1719 853 2153 915; x_wconf 89' lang='lat' dir='ltr'><em>Intestatorum</em></span> <span class='ocrx_word' id='word_1_47' title='bbox 2186 860 2384 915; x_wconf 87' lang='lat' dir='ltr'><em>autem</em></span> <span class='ocrx_word' id='word_1_48' title='bbox 2416 853 2788 915; x_wconf 78' lang='lat' dir='ltr'><em>hereditates</em></span> <span class='ocrx_word' id='word_1_49' title='bbox 2819 875 2891 913; x_wconf 87' lang='lat' dir='ltr'><em>ex</em></span> <span class='ocrx_word' id='word_1_50' title='bbox 2920 853 3056 934; x_wconf 86' lang='lat' dir='ltr'><em>lege</em></span> <span class='ocrx_word' id='word_1_51' title='bbox 3083 853 3235 914; x_wconf 84' lang='lat' dir='ltr'><em>duo-</em></span> 
     </span>
     <span class='ocr_line' id='line_1_12' title="bbox 632 959 3237 1042; baseline 0 -23"><span class='ocrx_word' id='word_1_52' title='bbox 632 959 824 1019; x_wconf 84' lang='lat' dir='ltr'><em>decim</em></span> <span class='ocrx_word' id='word_1_53' title='bbox 878 959 1225 1021; x_wconf 89' lang='lat' dir='ltr'><em>tabularum</em></span> <span class='ocrx_word' id='word_1_54' title='bbox 1267 963 1540 1041; x_wconf 86' lang='lat' dir='ltr'><em>primum</em></span> <span class='ocrx_word' id='word_1_55' title='bbox 1591 961 1677 1021; x_wconf 91' lang='lat' dir='ltr'><em>ad</em></span> <span class='ocrx_word' id='word_1_56' title='bbox 1719 981 1862 1021; x_wconf 89' lang='lat' dir='ltr'><em>suos</em></span> <span class='ocrx_word' id='word_1_57' title='bbox 1907 960 2157 1021; x_wconf 82' lang='lat' dir='ltr'><em>heredes</em></span> <span class='ocrx_word' id='word_1_58' title='bbox 2188 963 2522 1042; x_wconf 79' lang='lat' dir='ltr'><em>pertinent.</em></span> <span class='ocrx_word' id='word_1_59' title='bbox 2592 961 2708 1022; x_wconf 86' lang='lat' dir='ltr'><em>Sui</em></span> <span class='ocrx_word' id='word_1_60' title='bbox 2747 967 2945 1021; x_wconf 87' lang='lat' dir='ltr'><em>autem</em></span> <span class='ocrx_word' id='word_1_61' title='bbox 2992 960 3237 1021; x_wconf 79' lang='lat' dir='ltr'><em>heredes</em></span> 
     </span>
     <span class='ocr_line' id='line_1_13' title="bbox 630 1066 3235 1148; baseline 0.001 -23"><span class='ocrx_word' id='word_1_62' title='bbox 630 1069 1057 1139; x_wconf 82' lang='lat' dir='ltr'><em>aestimantur,</em></span> <span class='ocrx_word' id='word_1_63' title='bbox 1102 1068 1213 1148; x_wconf 87' lang='lat' dir='ltr'><em>qui</em></span> <span class='ocrx_word' id='word_1_64' title='bbox 1253 1069 1317 1127; x_wconf 89' lang='lat' dir='ltr'><em>in</em></span> <span class='ocrx_word' id='word_1_65' title='bbox 1348 1074 1655 1148; x_wconf 81' lang='lat' dir='ltr'><em>potestate</em></span> <span class='ocrx_word' id='word_1_66' title='bbox 1700 1070 2020 1130; x_wconf 85' lang='lat' dir='ltr'><em>morientis</em></span> <span class='ocrx_word' id='word_1_67' title='bbox 2047 1070 2263 1148; x_wconf 88' lang='lat' dir='ltr'><em>patris</em></span> <span class='ocrx_word' id='word_1_68' title='bbox 2284 1070 2556 1146; x_wconf 82' lang='lat' dir='ltr'><em>suerint,</em></span> <span class='ocrx_word' id='word_1_69' title='bbox 2601 1067 2795 1128; x_wconf 85' lang='lat' dir='ltr'><em>veluti</em></span> <span class='ocrx_word' id='word_1_70' title='bbox 2811 1067 3033 1145; x_wconf 88' lang='lat' dir='ltr'><em>filius,</em></span> <span class='ocrx_word' id='word_1_71' title='bbox 3057 1066 3235 1146; x_wconf 86' lang='lat' dir='ltr'><em>filia,</em></span> 
     </span>
     <span class='ocr_line' id='line_1_14' title="bbox 632 1173 3239 1256; baseline 0.001 -25"><span class='ocrx_word' id='word_1_72' title='bbox 632 1180 840 1253; x_wconf 88' lang='lat' dir='ltr'><em>nepos,</em></span> <span class='ocrx_word' id='word_1_73' title='bbox 885 1175 1082 1254; x_wconf 87' lang='lat' dir='ltr'><em>neptis</em></span> <span class='ocrx_word' id='word_1_74' title='bbox 1128 1180 1189 1232; x_wconf 88' lang='lat' dir='ltr'><em>et</em></span> <span class='ocrx_word' id='word_1_75' title='bbox 1231 1174 1530 1256; x_wconf 64' lang='lat' dir='ltr'><em>deinceps</em></span> <span class='ocrx_word' id='word_1_76' title='bbox 1595 1173 1662 1235; x_wconf 92' lang='lat' dir='ltr'><em>ln</em></span> <span class='ocrx_word' id='word_1_77' title='bbox 1713 1173 1969 1235; x_wconf 90' lang='lat' dir='ltr'><em>eodem:</em></span> <span class='ocrx_word' id='word_1_78' title='bbox 2035 1175 2156 1235; x_wconf 86' lang='lat' dir='ltr'><em>Sui</em></span> <span class='ocrx_word' id='word_1_79' title='bbox 2196 1180 2394 1234; x_wconf 89' lang='lat' dir='ltr'><em>autem</em></span> <span class='ocrx_word' id='word_1_80' title='bbox 2441 1177 2623 1235; x_wconf 86' lang='lat' dir='ltr'><em>etiam</em></span> <span class='ocrx_word' id='word_1_81' title='bbox 2674 1177 3036 1255; x_wconf 78' lang='lat' dir='ltr'><em>ignorantes</em></span> <span class='ocrx_word' id='word_1_82' title='bbox 3059 1174 3239 1252; x_wconf 85' lang='lat' dir='ltr'><em>fiunt</em></span> 
     </span>
     <span class='ocr_line' id='line_1_15' title="bbox 631 1277 3232 1361; baseline 0.001 -24"><span class='ocrx_word' id='word_1_83' title='bbox 631 1277 905 1351; x_wconf 79' lang='lat' dir='ltr'><em>heredes,</em></span> <span class='ocrx_word' id='word_1_84' title='bbox 932 1285 992 1338; x_wconf 90' lang='lat' dir='ltr'><em>et</em></span> <span class='ocrx_word' id='word_1_85' title='bbox 1019 1282 1227 1340; x_wconf 91' lang='lat' dir='ltr'><em>statim</em></span> <span class='ocrx_word' id='word_1_86' title='bbox 1261 1287 1453 1341; x_wconf 89' lang='lat' dir='ltr'><em>morte</em></span> <span class='ocrx_word' id='word_1_87' title='bbox 1471 1283 1758 1361; x_wconf 87' lang='lat' dir='ltr'><em>parentis</em></span> <span class='ocrx_word' id='word_1_88' title='bbox 1790 1283 1976 1361; x_wconf 84' lang='lat' dir='ltr'><em>quasi</em></span> <span class='ocrx_word' id='word_1_89' title='bbox 2002 1283 2399 1341; x_wconf 84' lang='lat' dir='ltr'><em>continuatur</em></span> <span class='ocrx_word' id='word_1_90' title='bbox 2429 1281 2782 1342; x_wconf 89' lang='lat' dir='ltr'><em>dominium.</em></span> <span class='ocrx_word' id='word_1_91' title='bbox 2866 1280 2933 1341; x_wconf 92' lang='lat' dir='ltr'><em>In</em></span> <span class='ocrx_word' id='word_1_92' title='bbox 2979 1281 3232 1342; x_wconf 88' lang='lat' dir='ltr'><em>eodem:</em></span> 
     </span>
     <span class='ocr_line' id='line_1_16' title="bbox 635 1382 3235 1469; baseline 0 -24"><span class='ocrx_word' id='word_1_93' title='bbox 635 1382 837 1445; x_wconf 90' lang='lat' dir='ltr'><em>Cuius</em></span> <span class='ocrx_word' id='word_1_94' title='bbox 881 1405 1026 1465; x_wconf 87' lang='lat' dir='ltr'><em>ergo</em></span> <span class='ocrx_word' id='word_1_95' title='bbox 1072 1385 1322 1447; x_wconf 81' lang='lat' dir='ltr'><em>heredes</em></span> <span class='ocrx_word' id='word_1_96' title='bbox 1346 1389 1523 1466; x_wconf 89' lang='lat' dir='ltr'><em>sacti</em></span> <span class='ocrx_word' id='word_1_97' title='bbox 1562 1390 1726 1460; x_wconf 88' lang='lat' dir='ltr'><em>sitis,</em></span> <span class='ocrx_word' id='word_1_98' title='bbox 1757 1390 1886 1449; x_wconf 83' lang='lat' dir='ltr'><em>sive</em></span> <span class='ocrx_word' id='word_1_99' title='bbox 1915 1391 2090 1449; x_wconf 88' lang='lat' dir='ltr'><em>cuius</em></span> <span class='ocrx_word' id='word_1_100' title='bbox 2124 1386 2415 1448; x_wconf 88' lang='lat' dir='ltr'><em>bonorum</em></span> <span class='ocrx_word' id='word_1_101' title='bbox 2432 1389 2881 1469; x_wconf 88' lang='lat' dir='ltr'><em>possessionem</em></span> <span class='ocrx_word' id='word_1_102' title='bbox 2901 1388 3235 1467; x_wconf 86' lang='lat' dir='ltr'><em>petieritis,</em></span> 
     </span>
     <span class='ocr_line' id='line_1_17' title="bbox 634 1492 3234 1555; baseline 0 -3"><span class='ocrx_word' id='word_1_103' title='bbox 634 1510 839 1552; x_wconf 87' lang='lat' dir='ltr'><em>omnes</em></span> <span class='ocrx_word' id='word_1_104' title='bbox 884 1511 984 1552; x_wconf 90' lang='lat' dir='ltr'><em>res</em></span> <span class='ocrx_word' id='word_1_105' title='bbox 1029 1493 1115 1552; x_wconf 90' lang='lat' dir='ltr'><em>ad</em></span> <span class='ocrx_word' id='word_1_106' title='bbox 1153 1513 1256 1553; x_wconf 83' lang='lat' dir='ltr'><em>vos</em></span> <span class='ocrx_word' id='word_1_107' title='bbox 1303 1501 1636 1554; x_wconf 88' lang='lat' dir='ltr'><em>transeunt.</em></span> <span class='ocrx_word' id='word_1_108' title='bbox 1701 1494 1769 1554; x_wconf 92' lang='lat' dir='ltr'><em>In</em></span> <span class='ocrx_word' id='word_1_109' title='bbox 1800 1495 1979 1555; x_wconf 88' lang='lat' dir='ltr'><em>tertio</em></span> <span class='ocrx_word' id='word_1_110' title='bbox 2013 1493 2170 1554; x_wconf 90' lang='lat' dir='ltr'><em>libro</em></span> <span class='ocrx_word' id='word_1_111' title='bbox 2205 1493 2453 1554; x_wconf 83' lang='lat' dir='ltr'><em>Codicis</em></span> <span class='ocrx_word' id='word_1_112' title='bbox 2483 1493 2595 1554; x_wconf 91' lang='lat' dir='ltr'><em>ita:</em></span> <span class='ocrx_word' id='word_1_113' title='bbox 2660 1493 3033 1554; x_wconf 85' lang='lat' dir='ltr'><em>Parentibus</em></span> <span class='ocrx_word' id='word_1_114' title='bbox 3065 1492 3234 1553; x_wconf 85' lang='lat' dir='ltr'><em>arbi-</em></span> 
     </span>
     <span class='ocr_line' id='line_1_18' title="bbox 635 1599 3233 1661; baseline 0.002 -5"><span class='ocrx_word' id='word_1_115' title='bbox 635 1600 822 1657; x_wconf 80' lang='lat' dir='ltr'><em>trium</em></span> <span class='ocrx_word' id='word_1_116' title='bbox 870 1599 1230 1660; x_wconf 84' lang='lat' dir='ltr'><em>dividendae</em></span> <span class='ocrx_word' id='word_1_117' title='bbox 1274 1599 1634 1661; x_wconf 82' lang='lat' dir='ltr'><em>hereditatis</em></span> <span class='ocrx_word' id='word_1_118' title='bbox 1681 1604 1745 1661; x_wconf 90' lang='lat' dir='ltr'><em>in</em></span> <span class='ocrx_word' id='word_1_119' title='bbox 1794 1600 2021 1661; x_wconf 82' lang='lat' dir='ltr'><em>liberos</em></span> <span class='ocrx_word' id='word_1_120' title='bbox 2053 1601 2445 1661; x_wconf 89' lang='lat' dir='ltr'><em>adimendum</em></span> <span class='ocrx_word' id='word_1_121' title='bbox 2478 1621 2597 1660; x_wconf 88' lang='lat' dir='ltr'><em>non</em></span> <span class='ocrx_word' id='word_1_122' title='bbox 2630 1607 2738 1661; x_wconf 86' lang='lat' dir='ltr'><em>est.</em></span> <span class='ocrx_word' id='word_1_123' title='bbox 2800 1600 2951 1661; x_wconf 87' lang='lat' dir='ltr'><em>Item</em></span> <span class='ocrx_word' id='word_1_124' title='bbox 2986 1600 3050 1661; x_wconf 92' lang='lat' dir='ltr'><em>in</em></span> <span class='ocrx_word' id='word_1_125' title='bbox 3082 1599 3233 1660; x_wconf 88' lang='lat' dir='ltr'><em>libro</em></span> 
     </span>
     <span class='ocr_line' id='line_1_19' title="bbox 636 1702 3235 1788; baseline 0.002 -26"><span class='ocrx_word' id='word_1_126' title='bbox 636 1702 1098 1765; x_wconf 84' lang='lat' dir='ltr'>Institutionum</span> <span class='ocrx_word' id='word_1_127' title='bbox 1149 1706 1587 1788; x_wconf 88' lang='lat' dir='ltr'><em>principalibus</em></span> <span class='ocrx_word' id='word_1_128' title='bbox 1636 1706 2180 1768; x_wconf 84' lang='lat' dir='ltr'><em>constitutionibus</em></span> <span class='ocrx_word' id='word_1_129' title='bbox 2229 1705 2617 1788; x_wconf 87' lang='lat' dir='ltr'><em>prospicitur,</em></span> <span class='ocrx_word' id='word_1_130' title='bbox 2671 1726 2748 1767; x_wconf 90' lang='lat' dir='ltr'><em>ne</em></span> <span class='ocrx_word' id='word_1_131' title='bbox 2798 1706 2898 1768; x_wconf 90' lang='lat' dir='ltr'><em>cui</em></span> <span class='ocrx_word' id='word_1_132' title='bbox 2948 1707 3132 1787; x_wconf 85' lang='lat' dir='ltr'><em>longa</em></span> <span class='ocrx_word' id='word_1_133' title='bbox 3176 1721 3235 1767; x_wconf 90' lang='lat' dir='ltr'><em>et</em></span> 
     </span>
     <span class='ocr_line' id='line_1_20' title="bbox 635 1809 3237 1893; baseline 0.002 -24"><span class='ocrx_word' id='word_1_134' title='bbox 635 1809 969 1871; x_wconf 87' lang='lat' dir='ltr'><em>indubitata</em></span> <span class='ocrx_word' id='word_1_135' title='bbox 1014 1813 1323 1893; x_wconf 88' lang='lat' dir='ltr'><em>possessio</em></span> <span class='ocrx_word' id='word_1_136' title='bbox 1369 1812 1591 1875; x_wconf 87' lang='lat' dir='ltr'><em>auferri</em></span> <span class='ocrx_word' id='word_1_137' title='bbox 1635 1815 1870 1875; x_wconf 88' lang='lat' dir='ltr'><em>debeat.</em></span> <span class='ocrx_word' id='word_1_138' title='bbox 1932 1814 2000 1876; x_wconf 93' lang='lat' dir='ltr'><em>In</em></span> <span class='ocrx_word' id='word_1_139' title='bbox 2033 1831 2203 1875; x_wconf 86' lang='lat' dir='ltr'><em>sexto</em></span> <span class='ocrx_word' id='word_1_140' title='bbox 2236 1813 2394 1874; x_wconf 90' lang='lat' dir='ltr'><em>libro</em></span> <span class='ocrx_word' id='word_1_141' title='bbox 2426 1813 2677 1875; x_wconf 90' lang='lat' dir='ltr'><em>Codicis</em></span> <span class='ocrx_word' id='word_1_142' title='bbox 2710 1813 2866 1874; x_wconf 89' lang='lat' dir='ltr'><em>inter</em></span> <span class='ocrx_word' id='word_1_143' title='bbox 2895 1830 3126 1875; x_wconf 88' lang='lat' dir='ltr'><em>caetera</em></span> <span class='ocrx_word' id='word_1_144' title='bbox 3155 1813 3237 1874; x_wconf 89' lang='lat' dir='ltr'><em>sic</em></span> 
     </span>
     <span class='ocr_line' id='line_1_21' title="bbox 633 1917 3235 2001; baseline 0.001 -24"><span class='ocrx_word' id='word_1_145' title='bbox 633 1917 931 1998; x_wconf 90' lang='lat' dir='ltr'><em>scriptum</em></span> <span class='ocrx_word' id='word_1_146' title='bbox 970 1934 1089 1978; x_wconf 89' lang='lat' dir='ltr'><em>est:</em></span> <span class='ocrx_word' id='word_1_147' title='bbox 1154 1919 1416 1998; x_wconf 79' lang='lat' dir='ltr'><em>Auser-ri</em></span> <span class='ocrx_word' id='word_1_148' title='bbox 1445 1919 1584 1993; x_wconf 88' lang='lat' dir='ltr'><em>tibi,</em></span> <span class='ocrx_word' id='word_1_149' title='bbox 1628 1920 1794 2001; x_wconf 86' lang='lat' dir='ltr'><em>quod</em></span> <span class='ocrx_word' id='word_1_150' title='bbox 1822 1922 1958 1979; x_wconf 86' lang='lat' dir='ltr'><em>iure</em></span> <span class='ocrx_word' id='word_1_151' title='bbox 1987 1919 2328 2000; x_wconf 87' lang='lat' dir='ltr'><em>quaesitum</em></span> <span class='ocrx_word' id='word_1_152' title='bbox 2363 1925 2479 1993; x_wconf 89' lang='lat' dir='ltr'><em>est,</em></span> <span class='ocrx_word' id='word_1_153' title='bbox 2511 1940 2630 1980; x_wconf 88' lang='lat' dir='ltr'><em>non</em></span> <span class='ocrx_word' id='word_1_154' title='bbox 2654 1926 2873 2000; x_wconf 87' lang='lat' dir='ltr'><em>potest.</em></span> <span class='ocrx_word' id='word_1_155' title='bbox 2938 1920 3059 1982; x_wconf 87' lang='lat' dir='ltr'><em>Sed</em></span> <span class='ocrx_word' id='word_1_156' title='bbox 3093 1939 3235 2001; x_wconf 88' lang='lat' dir='ltr'><em>pru-</em></span> 
     </span>
     <span class='ocr_line' id='line_1_22' title="bbox 635 2025 3239 2109; baseline 0.001 -23"><span class='ocrx_word' id='word_1_157' title='bbox 635 2025 906 2086; x_wconf 84' lang='lat' dir='ltr'><em>dentiam</em></span> <span class='ocrx_word' id='word_1_158' title='bbox 940 2043 1221 2105; x_wconf 89' lang='lat' dir='ltr'><em>vestram,</em></span> <span class='ocrx_word' id='word_1_159' title='bbox 1255 2027 1547 2106; x_wconf 81' lang='lat' dir='ltr'><em>Saxones,</em></span> <span class='ocrx_word' id='word_1_160' title='bbox 1593 2027 1836 2108; x_wconf 89' lang='lat' dir='ltr'><em>liquido</em></span> <span class='ocrx_word' id='word_1_161' title='bbox 1871 2027 2109 2109; x_wconf 87' lang='lat' dir='ltr'><em>expedit</em></span> <span class='ocrx_word' id='word_1_162' title='bbox 2139 2027 2291 2088; x_wconf 91' lang='lat' dir='ltr'><em>scire</em></span> <span class='ocrx_word' id='word_1_163' title='bbox 2323 2026 2682 2106; x_wconf 85' lang='lat' dir='ltr'><em>legislatoris</em></span> <span class='ocrx_word' id='word_1_164' title='bbox 2715 2026 3076 2107; x_wconf 80' lang='lat' dir='ltr'><em>religionem</em></span> <span class='ocrx_word' id='word_1_165' title='bbox 3105 2047 3239 2089; x_wconf 91' lang='lat' dir='ltr'><em>om-</em></span> 
     </span>
     <span class='ocr_line' id='line_1_23' title="bbox 631 2132 3238 2215; baseline 0.001 -22"><span class='ocrx_word' id='word_1_166' title='bbox 631 2152 743 2194; x_wconf 90' lang='lat' dir='ltr'><em>nes</em></span> <span class='ocrx_word' id='word_1_167' title='bbox 777 2132 871 2194; x_wconf 89' lang='lat' dir='ltr'><em>his</em></span> <span class='ocrx_word' id='word_1_168' title='bbox 902 2134 1318 2196; x_wconf 87' lang='lat' dir='ltr'><em>sacratissimis</em></span> <span class='ocrx_word' id='word_1_169' title='bbox 1347 2135 1587 2215; x_wconf 88' lang='lat' dir='ltr'><em>legibus</em></span> <span class='ocrx_word' id='word_1_170' title='bbox 1619 2134 1979 2214; x_wconf 86' lang='lat' dir='ltr'><em>subiugasse</em></span> <span class='ocrx_word' id='word_1_171' title='bbox 1999 2150 2235 2213; x_wconf 57' lang='lat' dir='ltr'><em>genta,</em></span> <span class='ocrx_word' id='word_1_172' title='bbox 2271 2149 2357 2212; x_wconf 91' lang='lat' dir='ltr'><em>ut,</em></span> <span class='ocrx_word' id='word_1_173' title='bbox 2393 2134 2565 2215; x_wconf 90' lang='lat' dir='ltr'><em>quod</em></span> <span class='ocrx_word' id='word_1_174' title='bbox 2585 2133 2717 2196; x_wconf 90' lang='lat' dir='ltr'><em>aliis</em></span> <span class='ocrx_word' id='word_1_175' title='bbox 2734 2134 3074 2197; x_wconf 88' lang='lat' dir='ltr'><em>litterarum</em></span> <span class='ocrx_word' id='word_1_176' title='bbox 3095 2137 3238 2196; x_wconf 84' lang='lat' dir='ltr'><em>sub-</em></span> 
     </span>
     <span class='ocr_line' id='line_1_24' title="bbox 633 2239 3234 2323; baseline 0.001 -23"><span class='ocrx_word' id='word_1_177' title='bbox 633 2239 936 2302; x_wconf 89' lang='lat' dir='ltr'><em>ministrat</em></span> <span class='ocrx_word' id='word_1_178' title='bbox 981 2240 1182 2314; x_wconf 88' lang='lat' dir='ltr'><em>lecti0,</em></span> <span class='ocrx_word' id='word_1_179' title='bbox 1230 2243 1292 2303; x_wconf 92' lang='lat' dir='ltr'><em>id</em></span> <span class='ocrx_word' id='word_1_180' title='bbox 1338 2242 1471 2303; x_wconf 86' lang='lat' dir='ltr'><em>aliis</em></span> <span class='ocrx_word' id='word_1_181' title='bbox 1520 2262 1629 2323; x_wconf 90' lang='lat' dir='ltr'><em>per</em></span> <span class='ocrx_word' id='word_1_182' title='bbox 1673 2262 1861 2304; x_wconf 89' lang='lat' dir='ltr'><em>usum</em></span> <span class='ocrx_word' id='word_1_183' title='bbox 1909 2258 1968 2303; x_wconf 92' lang='lat' dir='ltr'><em>et</em></span> <span class='ocrx_word' id='word_1_184' title='bbox 2000 2241 2517 2304; x_wconf 88' lang='lat' dir='ltr'><em>consuetudinem</em></span> <span class='ocrx_word' id='word_1_185' title='bbox 2550 2258 2833 2323; x_wconf 90' lang='lat' dir='ltr'><em>prompte</em></span> <span class='ocrx_word' id='word_1_186' title='bbox 2866 2241 3079 2303; x_wconf 87' lang='lat' dir='ltr'><em>reddat</em></span> <span class='ocrx_word' id='word_1_187' title='bbox 3110 2261 3234 2303; x_wconf 90' lang='lat' dir='ltr'><em>me-</em></span> 
     </span>
     <span class='ocr_line' id='line_1_25' title="bbox 629 2347 3237 2429; baseline 0.001 -21"><span class='ocrx_word' id='word_1_188' title='bbox 629 2347 849 2409; x_wconf 89' lang='lat' dir='ltr'><em>moria.</em></span> <span class='ocrx_word' id='word_1_189' title='bbox 915 2348 1096 2411; x_wconf 91' lang='lat' dir='ltr'><em>Unde</em></span> <span class='ocrx_word' id='word_1_190' title='bbox 1129 2348 1214 2426; x_wconf 86' lang='lat' dir='ltr'><em>fit,</em></span> <span class='ocrx_word' id='word_1_191' title='bbox 1250 2365 1317 2411; x_wconf 90' lang='lat' dir='ltr'><em>ut</em></span> <span class='ocrx_word' id='word_1_192' title='bbox 1349 2349 1758 2427; x_wconf 89' lang='lat' dir='ltr'><em>consuetud0,</em></span> <span class='ocrx_word' id='word_1_193' title='bbox 1794 2369 1985 2429; x_wconf 89' lang='lat' dir='ltr'><em>quam</em></span> <span class='ocrx_word' id='word_1_194' title='bbox 2019 2348 2329 2426; x_wconf 88' lang='lat' dir='ltr'><em>legislator</em></span> <span class='ocrx_word' id='word_1_195' title='bbox 2360 2349 2773 2426; x_wconf 84' lang='lat' dir='ltr'><em>commendat,</em></span> <span class='ocrx_word' id='word_1_196' title='bbox 2804 2350 3016 2428; x_wconf 84' lang='lat' dir='ltr'><em>legum</em></span> <span class='ocrx_word' id='word_1_197' title='bbox 3048 2349 3237 2410; x_wconf 83' lang='lat' dir='ltr'><em>vicem</em></span> 
     </span>
     <span class='ocr_line' id='line_1_26' title="bbox 635 2455 3234 2536; baseline 0 -21"><span class='ocrx_word' id='word_1_198' title='bbox 635 2455 702 2515; x_wconf 90' lang='lat' dir='ltr'><em>in</em></span> <span class='ocrx_word' id='word_1_199' title='bbox 747 2455 1016 2516; x_wconf 88' lang='lat' dir='ltr'><em>iudiciali</em></span> <span class='ocrx_word' id='word_1_200' title='bbox 1063 2455 1467 2536; x_wconf 83' lang='lat' dir='ltr'><em>amplectatur</em></span> <span class='ocrx_word' id='word_1_201' title='bbox 1512 2475 1709 2522; x_wconf 88' lang='lat' dir='ltr'><em>causa.</em></span> <span class='ocrx_word' id='word_1_202' title='bbox 1774 2457 1935 2534; x_wconf 89' lang='lat' dir='ltr'><em>Nam</em></span> <span class='ocrx_word' id='word_1_203' title='bbox 1986 2455 2052 2515; x_wconf 87' lang='lat' dir='ltr'><em>in</em></span> <span class='ocrx_word' id='word_1_204' title='bbox 2083 2471 2302 2516; x_wconf 83' lang='lat' dir='ltr'><em>octavo</em></span> <span class='ocrx_word' id='word_1_205' title='bbox 2334 2455 2492 2517; x_wconf 89' lang='lat' dir='ltr'><em>libro</em></span> <span class='ocrx_word' id='word_1_206' title='bbox 2525 2455 2773 2517; x_wconf 90' lang='lat' dir='ltr'><em>Codicis</em></span> <span class='ocrx_word' id='word_1_207' title='bbox 2803 2456 3102 2536; x_wconf 89' lang='lat' dir='ltr'><em>scriptum</em></span> <span class='ocrx_word' id='word_1_208' title='bbox 3132 2457 3234 2517; x_wconf 87' lang='lat' dir='ltr'><em>ha-</em></span> 
     </span>
     <span class='ocr_line' id='line_1_27' title="bbox 637 2560 3232 2644; baseline -0.001 -21"><span class='ocrx_word' id='word_1_209' title='bbox 637 2563 847 2623; x_wconf 89' lang='lat' dir='ltr'><em>betur:</em></span> <span class='ocrx_word' id='word_1_210' title='bbox 915 2560 1400 2624; x_wconf 88' lang='lat' dir='ltr'><em>Consuetudinis</em></span> <span class='ocrx_word' id='word_1_211' title='bbox 1433 2584 1695 2644; x_wconf 80' lang='lat' dir='ltr'><em>ususque</em></span> <span class='ocrx_word' id='word_1_212' title='bbox 1727 2563 2019 2642; x_wconf 88' lang='lat' dir='ltr'><em>longaevi</em></span> <span class='ocrx_word' id='word_1_213' title='bbox 2046 2583 2167 2624; x_wconf 90' lang='lat' dir='ltr'><em>non</em></span> <span class='ocrx_word' id='word_1_214' title='bbox 2200 2562 2342 2623; x_wconf 87' lang='lat' dir='ltr'><em>vilis</em></span> <span class='ocrx_word' id='word_1_215' title='bbox 2372 2565 2710 2624; x_wconf 89' lang='lat' dir='ltr'><em>auctoritas</em></span> <span class='ocrx_word' id='word_1_216' title='bbox 2741 2571 2846 2625; x_wconf 85' lang='lat' dir='ltr'><em>est.</em></span> <span class='ocrx_word' id='word_1_217' title='bbox 2880 2563 2949 2625; x_wconf 92' lang='lat' dir='ltr'><em>In</em></span> <span class='ocrx_word' id='word_1_218' title='bbox 2981 2563 3232 2625; x_wconf 89' lang='lat' dir='ltr'><em>eodem:</em></span> 
     </span>
     <span class='ocr_line' id='line_1_28' title="bbox 634 2669 3236 2752; baseline -0 -21"><span class='ocrx_word' id='word_1_219' title='bbox 634 2669 823 2750; x_wconf 84' lang='lat' dir='ltr'><em>Leges</em></span> <span class='ocrx_word' id='word_1_220' title='bbox 872 2690 1106 2751; x_wconf 86' lang='lat' dir='ltr'><em>quoque</em></span> <span class='ocrx_word' id='word_1_221' title='bbox 1158 2672 1325 2751; x_wconf 75' lang='lat' dir='ltr'><em>ipsas</em></span> <span class='ocrx_word' id='word_1_222' title='bbox 1372 2671 1715 2752; x_wconf 84' lang='lat' dir='ltr'><em>antiquitus</em></span> <span class='ocrx_word' id='word_1_223' title='bbox 1751 2670 2016 2752; x_wconf 86' lang='lat' dir='ltr'><em>probata</em></span> <span class='ocrx_word' id='word_1_224' title='bbox 2064 2676 2125 2731; x_wconf 90' lang='lat' dir='ltr'><em>et</em></span> <span class='ocrx_word' id='word_1_225' title='bbox 2164 2676 2520 2732; x_wconf 86' lang='lat' dir='ltr'><em>conservata</em></span> <span class='ocrx_word' id='word_1_226' title='bbox 2553 2672 2847 2732; x_wconf 84' lang='lat' dir='ltr'><em>tenaciter</em></span> <span class='ocrx_word' id='word_1_227' title='bbox 2876 2670 3236 2732; x_wconf 82' lang='lat' dir='ltr'><em>consuetudo</em></span> 
     </span>
     <span class='ocr_line' id='line_1_29' title="bbox 637 2776 3234 2859; baseline 0 -23"><span class='ocrx_word' id='word_1_228' title='bbox 637 2779 919 2837; x_wconf 86' lang='lat' dir='ltr'><em>imitatur</em></span> <span class='ocrx_word' id='word_1_229' title='bbox 949 2783 1009 2836; x_wconf 83' lang='lat' dir='ltr'><em>et</em></span> <span class='ocrx_word' id='word_1_230' title='bbox 1035 2776 1269 2836; x_wconf 86' lang='lat' dir='ltr'><em>obtinet</em></span> <span class='ocrx_word' id='word_1_231' title='bbox 1278 2800 1310 2851; x_wconf 92' lang='lat'><em>,·</em></span> <span class='ocrx_word' id='word_1_232' title='bbox 1341 2783 1401 2836; x_wconf 82' lang='lat' dir='ltr'><em>et</em></span> <span class='ocrx_word' id='word_1_233' title='bbox 1428 2778 1591 2857; x_wconf 85' lang='lat' dir='ltr'><em>quod</em></span> <span class='ocrx_word' id='word_1_234' title='bbox 1618 2778 1876 2855; x_wconf 78' lang='lat' dir='ltr'><em>officiis,</em></span> <span class='ocrx_word' id='word_1_235' title='bbox 1909 2778 2130 2851; x_wconf 84' lang='lat' dir='ltr'><em>curiis,</em></span> <span class='ocrx_word' id='word_1_236' title='bbox 2163 2777 2539 2851; x_wconf 86' lang='lat' dir='ltr'><em>civitatibus,</em></span> <span class='ocrx_word' id='word_1_237' title='bbox 2559 2777 2955 2859; x_wconf 87' lang='lat' dir='ltr'><em>principibus</em></span> <span class='ocrx_word' id='word_1_238' title='bbox 2985 2778 3085 2837; x_wconf 86' lang='lat' dir='ltr'><em>vel</em></span> <span class='ocrx_word' id='word_1_239' title='bbox 3109 2776 3234 2838; x_wconf 87' lang='lat' dir='ltr'><em>col-</em></span> 
     </span>
     <span class='ocr_line' id='line_1_30' title="bbox 636 2884 3292 2966; baseline 0 -23"><span class='ocrx_word' id='word_1_240' title='bbox 636 2885 819 2963; x_wconf 79' lang='lat' dir='ltr'><em>legiis</em></span> <span class='ocrx_word' id='word_1_241' title='bbox 852 2886 1223 2965; x_wconf 86' lang='lat' dir='ltr'><em>praestitum</em></span> <span class='ocrx_word' id='word_1_242' title='bbox 1251 2886 1462 2961; x_wconf 89' lang='lat' dir='ltr'><em>suisse</em></span> <span class='ocrx_word' id='word_1_243' title='bbox 1507 2888 1922 2965; x_wconf 78' lang='lat' dir='ltr'><em>cognoscitur,</em></span> <span class='ocrx_word' id='word_1_244' title='bbox 1945 2891 2276 2966; x_wconf 83' lang='lat' dir='ltr'><em>perpetuae</em></span> <span class='ocrx_word' id='word_1_245' title='bbox 2307 2884 2462 2965; x_wconf 83' lang='lat' dir='ltr'><em>legis</em></span> <span class='ocrx_word' id='word_1_246' title='bbox 2491 2888 2680 2945; x_wconf 87' lang='lat' dir='ltr'><em>vicem</em></span> <span class='ocrx_word' id='word_1_247' title='bbox 2714 2884 2986 2945; x_wconf 87' lang='lat' dir='ltr'><em>obtinere</em></span> <span class='ocrx_word' id='word_1_248' title='bbox 3014 2887 3234 2945; x_wconf 88' lang='lat' dir='ltr'><em>statui·</em></span> <span class='ocrx_word' id='word_1_249' title='bbox 3288 2890 3292 2892; x_wconf 69' lang='grc'>’</span> 
     </span>
     <span class='ocr_line' id='line_1_31' title="bbox 635 2990 3234 3073; baseline -0 -22"><span class='ocrx_word' id='word_1_250' title='bbox 635 3011 783 3051; x_wconf 86' lang='lat' dir='ltr'><em>mus.</em></span> <span class='ocrx_word' id='word_1_251' title='bbox 856 2990 1084 3067; x_wconf 86' lang='lat' dir='ltr'><em>Quare,</em></span> <span class='ocrx_word' id='word_1_252' title='bbox 1116 2990 1411 3070; x_wconf 84' lang='lat' dir='ltr'><em>Saxones,</em></span> <span class='ocrx_word' id='word_1_253' title='bbox 1450 2991 1895 3072; x_wconf 89' lang='lat' dir='ltr'><em>aequanimitas</em></span> <span class='ocrx_word' id='word_1_254' title='bbox 1927 3009 2122 3052; x_wconf 87' lang='lat' dir='ltr'><em>vestra</em></span> <span class='ocrx_word' id='word_1_255' title='bbox 2155 2991 2464 3072; x_wconf 85' lang='lat' dir='ltr'><em>intelligat,</em></span> <span class='ocrx_word' id='word_1_256' title='bbox 2509 3010 2698 3071; x_wconf 88' lang='lat' dir='ltr'><em>quam</em></span> <span class='ocrx_word' id='word_1_257' title='bbox 2732 2991 3004 3073; x_wconf 90' lang='lat' dir='ltr'><em>benigno</em></span> <span class='ocrx_word' id='word_1_258' title='bbox 3037 2991 3234 3053; x_wconf 84' lang='lat' dir='ltr'><em>favore</em></span> 
     </span>
     <span class='ocr_line' id='line_1_32' title="bbox 637 3096 3234 3178; baseline 0 -21"><span class='ocrx_word' id='word_1_259' title='bbox 637 3096 810 3159; x_wconf 88' lang='lat' dir='ltr'><em>vobis</em></span> <span class='ocrx_word' id='word_1_260' title='bbox 855 3098 1197 3177; x_wconf 86' lang='lat' dir='ltr'><em>vestrisque</em></span> <span class='ocrx_word' id='word_1_261' title='bbox 1232 3098 1560 3160; x_wconf 88' lang='lat' dir='ltr'><em>heredibus</em></span> <span class='ocrx_word' id='word_1_262' title='bbox 1590 3099 1746 3160; x_wconf 91' lang='lat' dir='ltr'><em>sicut</em></span> <span class='ocrx_word' id='word_1_263' title='bbox 1779 3099 2027 3160; x_wconf 87' lang='lat' dir='ltr'><em>caeteris</em></span> <span class='ocrx_word' id='word_1_264' title='bbox 2059 3098 2348 3178; x_wconf 85' lang='lat' dir='ltr'><em>gentibus</em></span> <span class='ocrx_word' id='word_1_265' title='bbox 2380 3098 2685 3177; x_wconf 86' lang='lat' dir='ltr'><em>legislator</em></span> <span class='ocrx_word' id='word_1_266' title='bbox 2715 3098 2811 3158; x_wconf 91' lang='lat' dir='ltr'><em>ius</em></span> <span class='ocrx_word' id='word_1_267' title='bbox 2845 3114 3112 3159; x_wconf 83' lang='lat' dir='ltr'><em>vestrum</em></span> <span class='ocrx_word' id='word_1_268' title='bbox 3145 3097 3234 3158; x_wconf 89' lang='lat' dir='ltr'><em>vel</em></span> 
     </span>
     <span class='ocr_line' id='line_1_33' title="bbox 633 3204 3238 3286; baseline 0 -23"><span class='ocrx_word' id='word_1_269' title='bbox 633 3204 782 3285; x_wconf 87' lang='lat' dir='ltr'><em>ipsis</em></span> <span class='ocrx_word' id='word_1_270' title='bbox 831 3204 1068 3283; x_wconf 85' lang='lat' dir='ltr'><em>legibus</em></span> <span class='ocrx_word' id='word_1_271' title='bbox 1118 3206 1213 3265; x_wconf 88' lang='lat' dir='ltr'><em>vel</em></span> <span class='ocrx_word' id='word_1_272' title='bbox 1263 3205 1710 3267; x_wconf 89' lang='lat' dir='ltr'><em>consuetudine</em></span> <span class='ocrx_word' id='word_1_273' title='bbox 1767 3206 2005 3286; x_wconf 86' lang='lat' dir='ltr'><em>legibus</em></span> <span class='ocrx_word' id='word_1_274' title='bbox 2068 3221 2478 3267; x_wconf 86' lang='lat' dir='ltr'><em>consentanea</em></span> <span class='ocrx_word' id='word_1_275' title='bbox 2540 3204 2847 3265; x_wconf 85' lang='lat' dir='ltr'><em>observari</em></span> <span class='ocrx_word' id='word_1_276' title='bbox 2910 3205 3238 3266; x_wconf 88' lang='lat' dir='ltr'><em>constituit.</em></span> 
     </span>
     <span class='ocr_line' id='line_1_34' title="bbox 638 3310 3232 3390; baseline 0 -20"><span class='ocrx_word' id='word_1_277' title='bbox 638 3310 871 3371; x_wconf 90' lang='lat' dir='ltr'><em>Verum</em></span> <span class='ocrx_word' id='word_1_278' title='bbox 919 3328 984 3372; x_wconf 91' lang='lat' dir='ltr'><em>ut</em></span> <span class='ocrx_word' id='word_1_279' title='bbox 1017 3312 1165 3373; x_wconf 89' lang='lat' dir='ltr'><em>haec</em></span> <span class='ocrx_word' id='word_1_280' title='bbox 1196 3311 1410 3373; x_wconf 89' lang='lat' dir='ltr'><em>omnia</em></span> <span class='ocrx_word' id='word_1_281' title='bbox 1443 3312 1680 3374; x_wconf 84' lang='lat' dir='ltr'><em>divinae</em></span> <span class='ocrx_word' id='word_1_282' title='bbox 1715 3314 1867 3390; x_wconf 79' lang='lat' dir='ltr'><em>legis</em></span> <span class='ocrx_word' id='word_1_283' title='bbox 1898 3312 2217 3374; x_wconf 88' lang='lat' dir='ltr'><em>sanctione</em></span> <span class='ocrx_word' id='word_1_284' title='bbox 2249 3315 2639 3374; x_wconf 88' lang='lat' dir='ltr'><em>corroborata</em></span> <span class='ocrx_word' id='word_1_285' title='bbox 2672 3332 2804 3372; x_wconf 90' lang='lat' dir='ltr'><em>esse</em></span> <span class='ocrx_word' id='word_1_286' title='bbox 2836 3312 3232 3390; x_wconf 87' lang='lat' dir='ltr'><em>cognoscatis,</em></span> 
     </span>
     <span class='ocr_line' id='line_1_35' title="bbox 636 3417 3233 3500; baseline 0.001 -23"><span class='ocrx_word' id='word_1_287' title='bbox 636 3417 793 3478; x_wconf 87' lang='lat' dir='ltr'><em>beati</em></span> <span class='ocrx_word' id='word_1_288' title='bbox 826 3418 1109 3500; x_wconf 86' lang='lat' dir='ltr'><em>Gregorii</em></span> <span class='ocrx_word' id='word_1_289' title='bbox 1141 3419 1506 3480; x_wconf 89' lang='lat' dir='ltr'><em>sententiam</em></span> <span class='ocrx_word' id='word_1_290' title='bbox 1537 3420 1865 3496; x_wconf 90' lang='lat' dir='ltr'><em>adtendite,</em></span> <span class='ocrx_word' id='word_1_291' title='bbox 1899 3420 2009 3500; x_wconf 90' lang='lat' dir='ltr'><em>qui</em></span> <span class='ocrx_word' id='word_1_292' title='bbox 2042 3420 2104 3481; x_wconf 91' lang='lat' dir='ltr'><em>in</em></span> <span class='ocrx_word' id='word_1_293' title='bbox 2137 3420 2394 3500; x_wconf 88' lang='lat' dir='ltr'><em>epistola</em></span> <span class='ocrx_word' id='word_1_294' title='bbox 2418 3420 2657 3480; x_wconf 87' lang='lat' dir='ltr'><em>Phocae</em></span> <span class='ocrx_word' id='word_1_295' title='bbox 2684 3418 3036 3500; x_wconf 89' lang='lat' dir='ltr'><em>imperatori</em></span> <span class='ocrx_word' id='word_1_296' title='bbox 3056 3418 3233 3479; x_wconf 86' lang='lat' dir='ltr'><em>missa</em></span> 
     </span>
     <span class='ocr_line' id='line_1_36' title="bbox 635 3523 3239 3607; baseline -0 -23"><span class='ocrx_word' id='word_1_297' title='bbox 635 3523 790 3584; x_wconf 91' lang='lat' dir='ltr'><em>inter</em></span> <span class='ocrx_word' id='word_1_298' title='bbox 834 3541 1066 3585; x_wconf 86' lang='lat' dir='ltr'><em>caetera</em></span> <span class='ocrx_word' id='word_1_299' title='bbox 1112 3526 1197 3585; x_wconf 91' lang='lat' dir='ltr'><em>sic</em></span> <span class='ocrx_word' id='word_1_300' title='bbox 1243 3526 1353 3586; x_wconf 88' lang='lat' dir='ltr'><em>ait:</em></span> <span class='ocrx_word' id='word_1_301' title='bbox 1420 3525 1656 3587; x_wconf 82' lang='lat' dir='ltr'><em>Redeat</em></span> <span class='ocrx_word' id='word_1_302' title='bbox 1684 3529 1922 3586; x_wconf 88' lang='lat' dir='ltr'><em>cunctis</em></span> <span class='ocrx_word' id='word_1_303' title='bbox 1956 3529 2019 3586; x_wconf 88' lang='lat' dir='ltr'><em>in</em></span> <span class='ocrx_word' id='word_1_304' title='bbox 2054 3525 2236 3586; x_wconf 84' lang='lat' dir='ltr'><em>rebus</em></span> <span class='ocrx_word' id='word_1_305' title='bbox 2251 3526 2538 3607; x_wconf 87' lang='lat' dir='ltr'><em>propriis</em></span> <span class='ocrx_word' id='word_1_306' title='bbox 2569 3545 2784 3586; x_wconf 88' lang='lat' dir='ltr'><em>secura</em></span> <span class='ocrx_word' id='word_1_307' title='bbox 2800 3528 3140 3606; x_wconf 88' lang='lat' dir='ltr'><em>possessi0,</em></span> <span class='ocrx_word' id='word_1_308' title='bbox 3173 3530 3239 3584; x_wconf 85' lang='lat' dir='ltr'><em>ut</em></span> 
     </span>
     <span class='ocr_line' id='line_1_37' title="bbox 635 3631 3232 3713; baseline -0.001 -22"><span class='ocrx_word' id='word_1_309' title='bbox 635 3633 768 3692; x_wconf 88' lang='lat' dir='ltr'><em>sine</em></span> <span class='ocrx_word' id='word_1_310' title='bbox 813 3634 1032 3693; x_wconf 89' lang='lat' dir='ltr'><em>timore</em></span> <span class='ocrx_word' id='word_1_311' title='bbox 1075 3631 1297 3693; x_wconf 79' lang='lat' dir='ltr'><em>habere</em></span> <span class='ocrx_word' id='word_1_312' title='bbox 1341 3654 1405 3694; x_wconf 92' lang='lat' dir='ltr'><em>se</em></span> <span class='ocrx_word' id='word_1_313' title='bbox 1439 3633 1778 3712; x_wconf 88' lang='lat' dir='ltr'><em>gaudeant,</em></span> <span class='ocrx_word' id='word_1_314' title='bbox 1815 3654 1970 3713; x_wconf 87' lang='lat' dir='ltr'><em>quae</em></span> <span class='ocrx_word' id='word_1_315' title='bbox 2001 3654 2120 3694; x_wconf 90' lang='lat' dir='ltr'><em>non</em></span> <span class='ocrx_word' id='word_1_316' title='bbox 2154 3639 2300 3693; x_wconf 84' lang='lat' dir='ltr'><em>sunt</em></span> <span class='ocrx_word' id='word_1_317' title='bbox 2327 3632 2404 3693; x_wconf 87' lang='lat' dir='ltr'><em>ab</em></span> <span class='ocrx_word' id='word_1_318' title='bbox 2442 3634 2530 3693; x_wconf 87' lang='lat' dir='ltr'><em>eis</em></span> <span class='ocrx_word' id='word_1_319' title='bbox 2543 3631 2887 3709; x_wconf 82' lang='lat' dir='ltr'><em>fraudibus</em></span> <span class='ocrx_word' id='word_1_320' title='bbox 2915 3634 3232 3712; x_wconf 86' lang='lat' dir='ltr'><em>acquisita.</em></span> 
     </span>
     <span class='ocr_line' id='line_1_38' title="bbox 636 3719 3308 3819; baseline 0 -22"><span class='ocrx_word' id='word_1_321' title='bbox 636 3737 962 3813; x_wconf 89' lang='lat' dir='ltr'><em>Quorsum</em></span> <span class='ocrx_word' id='word_1_322' title='bbox 995 3740 1144 3799; x_wconf 86' lang='lat' dir='ltr'><em>haec</em></span> <span class='ocrx_word' id='word_1_323' title='bbox 1175 3740 1488 3800; x_wconf 84' lang='lat' dir='ltr'><em>Saxones?</em></span> <span class='ocrx_word' id='word_1_324' title='bbox 1523 3740 1746 3800; x_wconf 92' lang='lat' dir='ltr'><em>Nonne</em></span> <span class='ocrx_word' id='word_1_325' title='bbox 1781 3740 1895 3800; x_wconf 88' lang='lat' dir='ltr'><em>hac</em></span> <span class='ocrx_word' id='word_1_326' title='bbox 1927 3740 2143 3800; x_wconf 88' lang='lat' dir='ltr'><em>eadem</em></span> <span class='ocrx_word' id='word_1_327' title='bbox 2178 3740 2389 3819; x_wconf 86' lang='lat' dir='ltr'><em>legum</em></span> <span class='ocrx_word' id='word_1_328' title='bbox 2422 3738 2774 3799; x_wconf 90' lang='lat' dir='ltr'><em>auctoritate</em></span> <span class='ocrx_word' id='word_1_329' title='bbox 2809 3739 3080 3800; x_wconf 88' lang='lat' dir='ltr'><em>Henrico</em></span> <span class='ocrx_word' id='word_1_330' title='bbox 3111 3737 3233 3817; x_wconf 82' lang='lat' dir='ltr'><em>regi</em></span> <span class='ocrx_word' id='word_1_331' title='bbox 3293 3719 3308 3730; x_wconf 43' lang='lat'><strong>³</strong></span> 
     </span>
     <span class='ocr_line' id='line_1_39' title="bbox 635 3844 3230 3926; baseline -0.001 -19"><span class='ocrx_word' id='word_1_332' title='bbox 635 3845 1065 3907; x_wconf 86' lang='lat' dir='ltr'><em>inviolabiliter</em></span> <span class='ocrx_word' id='word_1_333' title='bbox 1108 3862 1370 3925; x_wconf 83' lang='lat' dir='ltr'><em>regnum</em></span> <span class='ocrx_word' id='word_1_334' title='bbox 1418 3845 1751 3906; x_wconf 89' lang='lat' dir='ltr'><em>stabilitum</em></span> <span class='ocrx_word' id='word_1_335' title='bbox 1799 3866 1931 3907; x_wconf 89' lang='lat' dir='ltr'><em>esse</em></span> <span class='ocrx_word' id='word_1_336' title='bbox 1978 3848 2458 3926; x_wconf 84' lang='lat' dir='ltr'><em>comprobatur?</em></span> <span class='ocrx_word' id='word_1_337' title='bbox 2523 3846 2706 3906; x_wconf 87' lang='lat' dir='ltr'><em>Estne</em></span> <span class='ocrx_word' id='word_1_338' title='bbox 2741 3844 2895 3906; x_wconf 91' lang='lat' dir='ltr'><em>inter</em></span> <span class='ocrx_word' id='word_1_339' title='bbox 2927 3846 3230 3917; x_wconf 81' lang='lat' dir='ltr'><em>mortales,</em></span> 
     </span>
     <span class='ocr_line' id='line_1_40' title="bbox 635 3952 3227 4033; baseline -0.001 -20"><span class='ocrx_word' id='word_1_340' title='bbox 635 3952 742 4033; x_wconf 90' lang='lat' dir='ltr'><em>qui</em></span> <span class='ocrx_word' id='word_1_341' title='bbox 775 3953 1049 4015; x_wconf 88' lang='lat' dir='ltr'><em>habitant</em></span> <span class='ocrx_word' id='word_1_342' title='bbox 1079 3970 1319 4031; x_wconf 89' lang='lat' dir='ltr'><em>terram,</em></span> <span class='ocrx_word' id='word_1_343' title='bbox 1354 3955 1547 4015; x_wconf 89' lang='lat' dir='ltr'><em>homo</em></span> <span class='ocrx_word' id='word_1_344' title='bbox 1580 3952 1802 4033; x_wconf 89' lang='lat' dir='ltr'><em>aliquis</em></span> <span class='ocrx_word' id='word_1_345' title='bbox 1835 3968 1957 4013; x_wconf 91' lang='lat' dir='ltr'><em>tam</em></span> <span class='ocrx_word' id='word_1_346' title='bbox 1992 3952 2235 4030; x_wconf 89' lang='lat' dir='ltr'><em>inscius,</em></span> <span class='ocrx_word' id='word_1_347' title='bbox 2282 3969 2405 4013; x_wconf 91' lang='lat' dir='ltr'><em>tam</em></span> <span class='ocrx_word' id='word_1_348' title='bbox 2440 3953 2644 4028; x_wconf 90' lang='lat' dir='ltr'><em>hebes,</em></span> <span class='ocrx_word' id='word_1_349' title='bbox 2689 3968 2813 4012; x_wconf 87' lang='lat' dir='ltr'><em>tam</em></span> <span class='ocrx_word' id='word_1_350' title='bbox 2848 3952 3227 4032; x_wconf 86' lang='lat' dir='ltr'><em>imprudens,</em></span> 
     </span>
     <span class='ocr_line' id='line_1_41' title="bbox 634 4058 3231 4140; baseline -0.001 -20"><span class='ocrx_word' id='word_1_351' title='bbox 634 4073 761 4119; x_wconf 86' lang='lat' dir='ltr'><em>tam</em></span> <span class='ocrx_word' id='word_1_352' title='bbox 794 4079 1006 4140; x_wconf 85' lang='lat' dir='ltr'><em>expers</em></span> <span class='ocrx_word' id='word_1_353' title='bbox 1038 4060 1309 4139; x_wconf 73' lang='lat' dir='ltr'><em>rationis,</em></span> <span class='ocrx_word' id='word_1_354' title='bbox 1345 4076 1467 4120; x_wconf 87' lang='lat' dir='ltr'><em>tam</em></span> <span class='ocrx_word' id='word_1_355' title='bbox 1501 4060 1772 4135; x_wconf 76' lang='lat' dir='ltr'><em>demenS,</em></span> <span class='ocrx_word' id='word_1_356' title='bbox 1806 4059 1908 4119; x_wconf 87' lang='lat' dir='ltr'><em>cui</em></span> <span class='ocrx_word' id='word_1_357' title='bbox 1942 4058 2209 4140; x_wconf 87' lang='lat' dir='ltr'><em>cogitare</em></span> <span class='ocrx_word' id='word_1_358' title='bbox 2242 4075 2349 4120; x_wconf 90' lang='lat' dir='ltr'><em>aut</em></span> <span class='ocrx_word' id='word_1_359' title='bbox 2382 4059 2470 4120; x_wconf 92' lang='lat' dir='ltr'><em>fas</em></span> <span class='ocrx_word' id='word_1_360' title='bbox 2498 4058 2575 4120; x_wconf 91' lang='lat' dir='ltr'><em>sit</em></span> <span class='ocrx_word' id='word_1_361' title='bbox 2604 4060 2869 4135; x_wconf 89' lang='lat' dir='ltr'><em>credere,</em></span> <span class='ocrx_word' id='word_1_362' title='bbox 2902 4058 2966 4119; x_wconf 91' lang='lat' dir='ltr'><em>in</em></span> <span class='ocrx_word' id='word_1_363' title='bbox 2998 4073 3231 4120; x_wconf 83' lang='lat' dir='ltr'><em>tantum</em></span> 
     </span>
     <span class='ocr_line' id='line_1_42' title="bbox 637 4164 3289 4247; baseline -0.001 -21"><span class='ocrx_word' id='word_1_364' title='bbox 637 4185 845 4245; x_wconf 86' lang='lat' dir='ltr'><em>regem</em></span> <span class='ocrx_word' id='word_1_365' title='bbox 875 4166 1053 4227; x_wconf 91' lang='lat' dir='ltr'><em>licere</em></span> <span class='ocrx_word' id='word_1_366' title='bbox 1087 4166 1235 4239; x_wconf 80' lang='lat' dir='ltr'><em>fieri,</em></span> <span class='ocrx_word' id='word_1_367' title='bbox 1269 4166 1442 4247; x_wconf 90' lang='lat' dir='ltr'><em>quod</em></span> <span class='ocrx_word' id='word_1_368' title='bbox 1473 4167 1766 4247; x_wconf 87' lang='lat' dir='ltr'><em>cuiquam</em></span> <span class='ocrx_word' id='word_1_369' title='bbox 1802 4166 2038 4247; x_wconf 88' lang='lat' dir='ltr'><em>privato</em></span> <span class='ocrx_word' id='word_1_370' title='bbox 2073 4166 2313 4227; x_wconf 89' lang='lat' dir='ltr'><em>homini</em></span> <span class='ocrx_word' id='word_1_371' title='bbox 2346 4166 2556 4246; x_wconf 86' lang='lat' dir='ltr'><em>legum</em></span> <span class='ocrx_word' id='word_1_372' title='bbox 2588 4164 2899 4226; x_wconf 88' lang='lat' dir='ltr'><em>sanctione</em></span> <span class='ocrx_word' id='word_1_373' title='bbox 2933 4164 3060 4225; x_wconf 80' lang='lat' dir='ltr'><em>fieri</em></span> <span class='ocrx_word' id='word_1_374' title='bbox 3090 4183 3230 4245; x_wconf 91' lang='lat' dir='ltr'><em>pro·</em></span> <span class='ocrx_word' id='word_1_375' title='bbox 3284 4174 3289 4178; x_wconf 80' lang='grc'><strong><em>’</em></strong></span> 
     </span>
     <span class='ocr_line' id='line_1_43' title="bbox 635 4270 3231 4354; baseline -0.002 -20"><span class='ocrx_word' id='word_1_376' title='bbox 635 4272 898 4348; x_wconf 85' lang='lat' dir='ltr'><em>hibetur,</em></span> <span class='ocrx_word' id='word_1_377' title='bbox 932 4288 1038 4334; x_wconf 87' lang='lat' dir='ltr'><em>aut</em></span> <span class='ocrx_word' id='word_1_378' title='bbox 1068 4272 1212 4334; x_wconf 85' lang='lat' dir='ltr'><em>almi</em></span> <span class='ocrx_word' id='word_1_379' title='bbox 1246 4272 1606 4353; x_wconf 82' lang='lat' dir='ltr'><em>legislatoris</em></span> <span class='ocrx_word' id='word_1_380' title='bbox 1639 4273 2052 4353; x_wconf 89' lang='lat' dir='ltr'><em>perspicacem</em></span> <span class='ocrx_word' id='word_1_381' title='bbox 2088 4273 2540 4354; x_wconf 89' lang='lat' dir='ltr'><em>providentiam</em></span> <span class='ocrx_word' id='word_1_382' title='bbox 2572 4287 2696 4333; x_wconf 87' lang='lat' dir='ltr'><em>tam</em></span> <span class='ocrx_word' id='word_1_383' title='bbox 2730 4272 2915 4351; x_wconf 85' lang='lat' dir='ltr'><em>longe</em></span> <span class='ocrx_word' id='word_1_384' title='bbox 2947 4292 2980 4331; x_wconf 88' lang='lat' dir='ltr'><em>a</em></span> <span class='ocrx_word' id='word_1_385' title='bbox 3001 4270 3231 4333; x_wconf 91' lang='lat' dir='ltr'><em>ratione</em></span> 
     </span>
     <span class='ocr_line' id='line_1_44' title="bbox 636 4377 3231 4461; baseline -0.001 -21"><span class='ocrx_word' id='word_1_386' title='bbox 636 4378 842 4456; x_wconf 87' lang='lat' dir='ltr'><em>fuisse,</em></span> <span class='ocrx_word' id='word_1_387' title='bbox 893 4394 958 4440; x_wconf 91' lang='lat' dir='ltr'><em>ut</em></span> <span class='ocrx_word' id='word_1_388' title='bbox 990 4398 1055 4439; x_wconf 92' lang='lat' dir='ltr'><em>se</em></span> <span class='ocrx_word' id='word_1_389' title='bbox 1086 4398 1358 4460; x_wconf 89' lang='lat' dir='ltr'><em>suosque</em></span> <span class='ocrx_word' id='word_1_390' title='bbox 1394 4380 1648 4441; x_wconf 89' lang='lat' dir='ltr'><em>heredes</em></span> <span class='ocrx_word' id='word_1_391' title='bbox 1680 4399 1748 4441; x_wconf 90' lang='lat' dir='ltr'><em>ac</em></span> <span class='ocrx_word' id='word_1_392' title='bbox 1780 4395 2060 4461; x_wconf 90' lang='lat' dir='ltr'><em>posteros</em></span> <span class='ocrx_word' id='word_1_393' title='bbox 2093 4400 2267 4461; x_wconf 81' lang='lat' dir='ltr'><em>reges</em></span> <span class='ocrx_word' id='word_1_394' title='bbox 2298 4402 2330 4441; x_wconf 89' lang='lat' dir='ltr'><em>a</em></span> <span class='ocrx_word' id='word_1_395' title='bbox 2363 4395 2533 4441; x_wconf 70' lang='lat' dir='ltr'><em>tanto</em></span> <span class='ocrx_word' id='word_1_396' title='bbox 2563 4380 2772 4458; x_wconf 87' lang='lat' dir='ltr'><em>legum</em></span> <span class='ocrx_word' id='word_1_397' title='bbox 2805 4377 3099 4439; x_wconf 88' lang='lat' dir='ltr'><em>beneficio</em></span> <span class='ocrx_word' id='word_1_398' title='bbox 3131 4398 3231 4439; x_wconf 83' lang='lat' dir='ltr'><em>ex·-</em></span> 
     </span>
     <span class='ocr_line' id='line_1_45' title="bbox 636 4483 3232 4566; baseline -0.001 -21"><span class='ocrx_word' id='word_1_399' title='bbox 636 4486 839 4546; x_wconf 92' lang='lat' dir='ltr'><em>clusos</em></span> <span class='ocrx_word' id='word_1_400' title='bbox 884 4505 1014 4548; x_wconf 90' lang='lat' dir='ltr'><em>esse</em></span> <span class='ocrx_word' id='word_1_401' title='bbox 1046 4485 1375 4547; x_wconf 83' lang='lat' dir='ltr'><em>voluisset?</em></span> <span class='ocrx_word' id='word_1_402' title='bbox 1427 4486 1655 4547; x_wconf 87' lang='lat' dir='ltr'><em>Audite</em></span> <span class='ocrx_word' id='word_1_403' title='bbox 1688 4505 1836 4564; x_wconf 84' lang='lat' dir='ltr'><em>ergo</em></span> <span class='ocrx_word' id='word_1_404' title='bbox 1869 4502 1927 4546; x_wconf 92' lang='lat' dir='ltr'><em>et</em></span> <span class='ocrx_word' id='word_1_405' title='bbox 1959 4485 2159 4548; x_wconf 87' lang='lat' dir='ltr'><em>videte</em></span> <span class='ocrx_word' id='word_1_406' title='bbox 2194 4486 2677 4548; x_wconf 86' lang='lat' dir='ltr'><em>Constantinum</em></span> <span class='ocrx_word' id='word_1_407' title='bbox 2709 4485 3141 4566; x_wconf 90' lang='lat' dir='ltr'><em>imperatorem</em></span> <span class='ocrx_word' id='word_1_408' title='bbox 3172 4483 3232 4544; x_wconf 91' lang='lat' dir='ltr'><em>in</em></span> 
     </span>
     <span class='ocr_line' id='line_1_46' title="bbox 634 4590 3229 4673; baseline -0 -22"><span class='ocrx_word' id='word_1_409' title='bbox 634 4591 895 4673; x_wconf 85' lang='lat' dir='ltr'><em>septimo</em></span> <span class='ocrx_word' id='word_1_410' title='bbox 940 4593 1098 4655; x_wconf 89' lang='lat' dir='ltr'><em>libro</em></span> <span class='ocrx_word' id='word_1_411' title='bbox 1131 4593 1378 4654; x_wconf 89' lang='lat' dir='ltr'><em>Codicis</em></span> <span class='ocrx_word' id='word_1_412' title='bbox 1409 4594 1837 4654; x_wconf 89' lang='lat' dir='ltr'><em>mandantem:</em></span> <span class='ocrx_word' id='word_1_413' title='bbox 1891 4594 2107 4667; x_wconf 86' lang='lat' dir='ltr'><em>Nemo,</em></span> <span class='ocrx_word' id='word_1_414' title='bbox 2139 4592 2361 4673; x_wconf 90' lang='lat' dir='ltr'><em>inquit,</em></span> <span class='ocrx_word' id='word_1_415' title='bbox 2395 4592 2658 4673; x_wconf 75' lang='lat' dir='ltr'><em>ambigit</em></span> <span class='ocrx_word' id='word_1_416' title='bbox 2668 4592 3084 4673; x_wconf 88' lang='lat' dir='ltr'><em>possessionis</em></span> <span class='ocrx_word' id='word_1_417' title='bbox 3116 4590 3229 4650; x_wconf 88' lang='lat' dir='ltr'><em>du-</em></span> 
     </span>
    </p>
   </div>
   <div class='ocr_carea' id='block_1_9' title="bbox 526 4698 3227 4781">
    <p class='ocr_par' dir='ltr' id='par_1_9' title="bbox 526 4698 3227 4781">
     <span class='ocr_line' id='line_1_47' title="bbox 526 4698 3227 4781; baseline 0 -25"><span class='ocrx_word' id='word_1_418' title='bbox 526 4723 582 4765; x_wconf 80' lang='lat'><em>⁴0</em></span> <span class='ocrx_word' id='word_1_419' title='bbox 619 4698 850 4779; x_wconf 88' lang='lat' dir='ltr'><em>plicem</em></span> <span class='ocrx_word' id='word_1_420' title='bbox 913 4720 1042 4760; x_wconf 89' lang='lat' dir='ltr'><em>esse</em></span> <span class='ocrx_word' id='word_1_421' title='bbox 1090 4702 1412 4774; x_wconf 86' lang='lat' dir='ltr'><em>rationem,</em></span> <span class='ocrx_word' id='word_1_422' title='bbox 1460 4700 1674 4774; x_wconf 87' lang='lat' dir='ltr'><em>aliam,</em></span> <span class='ocrx_word' id='word_1_423' title='bbox 1725 4721 1879 4781; x_wconf 84' lang='lat' dir='ltr'><em>quae</em></span> <span class='ocrx_word' id='word_1_424' title='bbox 1928 4703 2064 4760; x_wconf 89' lang='lat' dir='ltr'><em>iure</em></span> <span class='ocrx_word' id='word_1_425' title='bbox 2113 4702 2419 4773; x_wconf 85' lang='lat' dir='ltr'><em>consistit,</em></span> <span class='ocrx_word' id='word_1_426' title='bbox 2468 4699 2682 4774; x_wconf 87' lang='lat' dir='ltr'><em>aliam,</em></span> <span class='ocrx_word' id='word_1_427' title='bbox 2733 4720 2885 4781; x_wconf 87' lang='lat' dir='ltr'><em>quae</em></span> <span class='ocrx_word' id='word_1_428' title='bbox 2933 4707 3182 4779; x_wconf 84' lang='lat' dir='ltr'><em>corpore</em></span> <span class='ocrx_word' id='word_1_429' title='bbox 3196 4719 3227 4770; x_wconf 87' lang='lat'><em>,·</em></span> 
     </span>
    </p>
   </div>
   <div class='ocr_carea' id='block_1_10' title="bbox 630 4803 3323 4992">
    <p class='ocr_par' dir='ltr' id='par_1_10' title="bbox 630 4803 3323 4992">
     <span class='ocr_line' id='line_1_48' title="bbox 635 4803 3323 4888; baseline -0.001 -22"><span class='ocrx_word' id='word_1_430' title='bbox 635 4813 952 4888; x_wconf 87' lang='lat' dir='ltr'><em>utramque</em></span> <span class='ocrx_word' id='word_1_431' title='bbox 997 4809 1083 4868; x_wconf 89' lang='lat' dir='ltr'><em>ita</em></span> <span class='ocrx_word' id='word_1_432' title='bbox 1130 4809 1364 4868; x_wconf 73' lang='lat' dir='ltr'><em>demum</em></span> <span class='ocrx_word' id='word_1_433' title='bbox 1415 4827 1544 4867; x_wconf 89' lang='lat' dir='ltr'><em>esse</em></span> <span class='ocrx_word' id='word_1_434' title='bbox 1587 4806 1949 4887; x_wconf 85' lang='lat' dir='ltr'><em>legitimam,</em></span> <span class='ocrx_word' id='word_1_435' title='bbox 1995 4827 2128 4867; x_wconf 88' lang='lat' dir='ltr'><em>cum</em></span> <span class='ocrx_word' id='word_1_436' title='bbox 2162 4808 2428 4867; x_wconf 87' lang='lat' dir='ltr'><em>omnium</em></span> <span class='ocrx_word' id='word_1_437' title='bbox 2463 4807 2956 4866; x_wconf 86' lang='lat' dir='ltr'><em>adversariorum</em></span> <span class='ocrx_word' id='word_1_438' title='bbox 2988 4803 3229 4864; x_wconf 87' lang='lat' dir='ltr'><em>silentio</em></span> <span class='ocrx_word' id='word_1_439' title='bbox 3322 4842 3323 4845; x_wconf 59' lang='lat'><em>=</em></span> 
     </span>
     <span class='ocr_line' id='line_1_49' title="bbox 630 4911 3229 4992; baseline -0.001 -19"><span class='ocrx_word' id='word_1_440' title='bbox 630 4921 694 4974; x_wconf 86' lang='lat' dir='ltr'><em>et</em></span> <span class='ocrx_word' id='word_1_441' title='bbox 721 4916 1145 4976; x_wconf 86' lang='lat' dir='ltr'><em>taciturnitate</em></span> <span class='ocrx_word' id='word_1_442' title='bbox 1177 4916 1473 4975; x_wconf 79' lang='lat' dir='ltr'><em>firmetur.</em></span> <span class='ocrx_word' id='word_1_443' title='bbox 1537 4912 1703 4988; x_wconf 87' lang='lat' dir='ltr'><em>Quid</em></span> <span class='ocrx_word' id='word_1_444' title='bbox 1737 4913 1958 4992; x_wconf 83' lang='lat' dir='ltr'><em>igitur?</em></span> <span class='ocrx_word' id='word_1_445' title='bbox 1992 4914 2220 4976; x_wconf 90' lang='lat' dir='ltr'><em>Nonne</em></span> <span class='ocrx_word' id='word_1_446' title='bbox 2253 4913 2560 4975; x_wconf 87' lang='lat' dir='ltr'><em>Henricus</em></span> <span class='ocrx_word' id='word_1_447' title='bbox 2592 4932 2694 4974; x_wconf 83' lang='lat' dir='ltr'><em>rex</em></span> <span class='ocrx_word' id='word_1_448' title='bbox 2726 4911 2857 4972; x_wconf 88' lang='lat' dir='ltr'><em>iure</em></span> <span class='ocrx_word' id='word_1_449' title='bbox 2888 4926 2946 4972; x_wconf 86' lang='lat' dir='ltr'><em>et</em></span> <span class='ocrx_word' id='word_1_450' title='bbox 2977 4928 3229 4990; x_wconf 89' lang='lat' dir='ltr'><em>corpore</em></span> 
     </span>
    </p>
   </div>
  </div>
 </body>
</html>
