3684 5416
1107 367 1363 423 Petestas
1403 368 1784 426 ecclesiastica
1823 382 1883 424 et
1920 367 2225 442 imperium
2264 367 2442 425 civile.
2978 389 3072 442 ¹09

465 567 871 631 resurgentes,
903 551 1160 631 quando
1190 551 1276 613 eis
1309 551 1686 633 promissum
1718 554 1966 616 dabitur
1996 572 2279 635 regnum,
2326 553 2433 614 ubi
2466 572 2613 615 cum
2643 574 2764 618 suo
2796 554 3069 637 principe

461 674 605 736 rege
637 658 1029 720 saeculorum
1061 658 1193 720 sine
1226 659 1355 720 ullo
1385 660 1681 740 temporis
1714 661 1834 722 fine
1869 663 2232 739 regnabunt.
2290 659 2357 740 [11
2412 680 2463 724 c.
2495 680 2631 742 pag.
2673 661 2966 742 58—60.]

678 764 838 826 Lib.
870 764 1080 827 XVIII.
1129 767 1305 848 Cap.
1338 766 1496 828 XXI.
1531 767 1632 828 An
1662 768 1993 828 secundum
2026 769 2418 848 definitiones
2449 770 2789 850 Sctpiont‘S,
2819 789 2973 849 quae
3005 772 3068 830 in

464 871 711 952 dialogo
743 871 1072 935 Ciceronis
1114 882 1282 949 sunt,
1326 895 1609 955 umquam
1636 876 1853 953 fuerit
1878 874 2156 938 Romana
2203 897 2304 937 res
2339 876 2613 957 publica.
2676 875 3074 956 Quapropter

381 999 407 1044 5
465 996 633 1039 nunc
661 994 751 1039 est
778 978 974 1057 locus,
1027 996 1094 1042 ut
1126 1000 1313 1062 quam
1349 995 1567 1061 potero
1600 980 1868 1042 breuiter
1898 1000 1969 1042 ac
2000 980 2266 1042 dilucide
2299 981 2640 1062 expediam,
2675 982 2847 1061 quod
2882 982 2946 1043 in
2976 1002 3071 1042 se·

461 1086 674 1146 cundo
707 1086 893 1147 huius
924 1087 1124 1168 operis
1155 1087 1313 1149 libro
1345 1106 1446 1148 me
1477 1086 2049 1150 demonstraturum
2080 1106 2210 1148 esse
2242 1086 2520 1168 promisi,
2551 1087 2899 1151 secundum
2923 1088 3071 1150 defi-

463 1191 751 1270 nitiones,
782 1193 1014 1273 quibus
1044 1209 1196 1276 aput
1227 1194 1602 1257 Ciceronem
1634 1193 1826 1255 utitur
1858 1193 2069 1275 Scipio
2103 1194 2167 1255 in
2197 1194 2363 1256 libris
2395 1194 2473 1256 de
2494 1214 2559 1256 re
2581 1195 2845 1277 publica,
2881 1215 3068 1257 num-

462 1318 653 1378 quam
685 1318 815 1361 rem
847 1300 1154 1382 publicam
1192 1301 1379 1362 fuisse
1412 1301 1781 1362 Romanam.
1833 1300 2113 1362 Breuiter
2143 1302 2314 1363 enim
2348 1321 2477 1363 rem
2509 1301 2823 1383 publicam
2855 1302 3070 1365 definit

461 1424 592 1466 esse
643 1424 773 1467 rem
821 1407 1058 1488 populi.
1125 1405 1307 1482 Quae
1354 1406 1633 1470 definitio
1679 1407 1728 1469 si
1775 1427 1917 1469 vera
1964 1423 2072 1486 est,
2119 1428 2469 1490 numquam
2516 1409 2630 1470 fuit
2662 1408 2943 1471 Romana
2976 1429 3071 1471 res

353 1533 404 1565 ιο
462 1510 726 1592 publica,
770 1513 916 1593 quia
967 1532 1297 1595 nunquam
1334 1513 1448 1575 fuit
1482 1533 1578 1575 res
1612 1513 1852 1595 populi,
1897 1534 2086 1595 quam
2121 1513 2547 1577 definitionem
2583 1515 2786 1578 uoluit
2818 1536 2950 1579 esse
2984 1518 3068 1578 rei
3154 1545 3159 1571 :

462 1619 758 1699 publicae.
817 1620 1129 1701 Populum
1173 1621 1337 1682 enim
1386 1640 1519 1682 esse
1556 1620 1838 1682 definiuit
1870 1635 2119 1683 coetum
2151 1621 2555 1684 multitudinis
2586 1622 2733 1684 iuris
2764 1642 3069 1686 consensu

460 1741 517 1786 et
569 1726 832 1787 utilitatis
881 1726 1322 1788 communione
1373 1727 1702 1788 sociatum.
1788 1725 1963 1801 Quid
2012 1743 2220 1788 autem
2271 1727 2430 1789 dicat
2479 1727 2626 1788 iuris
2674 1747 3072 1806 consensum,

460 1830 831 1913 disputando
864 1834 1136 1915 explicat,
1178 1853 1286 1915 per
1317 1835 1438 1895 hoc
1470 1835 1807 1896 ostendens
1839 1834 1970 1914 geri
2001 1834 2129 1896 sine
2162 1835 2382 1897 iustitia
2414 1854 2545 1898 non
2577 1855 2758 1916 posse
2789 1855 2921 1897 rem
2954 1857 3069 1919 pu·

461 1935 716 2007 blicam3
750 1937 856 1999 ubi
887 1956 1037 2019 ergo
1070 1938 1289 2000 iustitia
1323 1958 1469 2000 uera
1500 1958 1629 2000 non
1665 1955 1776 2015 est,
1814 1957 1931 2001 nec
1966 1938 2060 1999 ius
2093 1955 2291 2020 potest
2322 1959 2471 2001 esse.
2516 1940 2708 2016 Quod
2741 1943 2906 2004 enim
2939 1943 3068 2005 iure

349 2069 399 2114 ις
459 2043 546 2120 fit,
581 2044 856 2125 profecto
889 2045 1043 2106 iuste
1075 2044 1172 2118 fit;
1209 2046 1383 2126 quod
1414 2061 1623 2107 autem
1658 2044 1723 2107 fit
1759 2045 1999 2123 iniuste,
2033 2063 2148 2106 nec
2178 2039 2308 2107 iure
2340 2046 2470 2108 fieri
2490 2063 2705 2129 potest.
2739 2049 2884 2111 Non
2904 2050 3068 2111 enim

459 2150 592 2212 iura
622 2152 880 2214 dicenda
910 2167 1056 2213 sunt
1085 2151 1186 2214 uel
1220 2152 1491 2235 putanda
1524 2152 1733 2232 iniqua
1767 2151 2100 2214 hominum
2133 2151 2477 2226 constituta,
2527 2172 2671 2214 cum
2703 2153 2853 2215 illud
2886 2156 3068 2217 etiam

459 2258 574 2339 ipsi
603 2259 697 2320 ius
728 2279 860 2320 esse
891 2258 1113 2338 dicant,
1144 2259 1319 2339 quod
1351 2259 1428 2320 de
1462 2259 1718 2321 iustitiae
1752 2259 1922 2321 fonte
1945 2259 2304 2337 manauerit,
2341 2259 2688 2340 falsumque
2708 2280 2860 2338 esse,
2895 2263 3067 2341 quod

458 2387 492 2426 a
524 2365 899 2446 quibusdam
931 2385 1062 2427 non
1095 2382 1254 2428 recte
1286 2366 1690 2427 sentientibus
1722 2366 1841 2427 dici
1873 2365 2046 2437 solet,
2077 2365 2137 2426 id
2170 2385 2308 2428 esse
2343 2365 2457 2441 ius,
2489 2365 2660 2447 quod
2691 2366 2767 2444 ei,
2802 2367 2909 2447 qui
2929 2369 3068 2448 plus

458 2487 675 2554 potest,
719 2472 864 2534 utile
896 2489 1002 2534 est.
1064 2472 1373 2548 Quocirca
1406 2473 1510 2534 ubi
1543 2492 1672 2535 non
1706 2489 1795 2534 est
1827 2492 1973 2534 uera
2007 2472 2252 2549 iustitia,
2287 2472 2432 2534 iuris
2463 2492 2770 2535 consensu
2803 2474 3068 2536 sociatus

339 2603 401 2637 20
455 2595 669 2641 coetus
713 2580 1042 2642 hominum
1086 2599 1214 2642 non
1263 2595 1463 2662 potest
1491 2598 1623 2641 esse
1657 2594 1716 2642 et
1750 2579 1891 2641 ideo
1922 2599 2036 2641 nec
2069 2579 2339 2661 populus
2372 2580 2533 2641 iuxta
2566 2578 2731 2642 illam
2763 2580 3067 2661 Scipionis

457 2685 558 2748 uel
589 2687 901 2750 Ciceronis
949 2686 1401 2760 definitionem;
1459 2702 1518 2749 et
1561 2687 1613 2749 si
1658 2706 1786 2750 non
1822 2687 2109 2769 populus,
2160 2706 2274 2748 nec
2305 2706 2401 2748 res
2433 2687 2667 2770 populi,
2699 2688 2808 2750 sed
2841 2687 3065 2769 qualis·

457 2814 727 2875 cumque
773 2795 1197 2873 multitudinis,
1246 2814 1405 2876 quae
1453 2794 1666 2877 populi
1715 2795 1971 2856 nomine
2019 2794 2204 2875 digna
2248 2813 2379 2855 non
2410 2810 2516 2856 est.
2578 2800 2670 2857 Ac
2703 2815 2810 2876 per
2841 2795 2982 2871 hoc,
3018 2796 3066 2855 si

456 2921 553 2961 res
599 2902 844 2983 publica
887 2922 984 2963 res
1029 2918 1118 2963 est
1164 2902 1378 2983 populi
1424 2917 1483 2962 et
1531 2901 1802 2983 populus
1835 2921 1968 2963 non
2001 2917 2108 2977 est,
2160 2900 2269 2981 qui
2301 2920 2608 2963 consensu
2642 2920 2774 2963 non
2804 2902 3068 2964 sociatus

456 3025 547 3069 est
589 3008 757 3086 iuriS,
806 3028 934 3071 non
980 3025 1068 3070 est
1113 3025 1320 3071 autern
1352 3009 1465 3087 ius,
1498 3009 1604 3070 ubi
1637 3008 1809 3071 nulla
1842 3008 2065 3069 iustitia
2097 3024 2216 3069 est:
2270 3009 2485 3089 procul
2517 3007 2709 3069 dubio
2742 3009 3063 3090 colligitur,

339 3144 394 3187 25
455 3116 562 3176 ubi
595 3115 816 3177 iustitia
846 3134 975 3177 non
1009 3130 1118 3191 est,
1152 3135 1284 3177 non
1318 3136 1451 3177 esse
1483 3134 1614 3177 rem
1648 3115 1977 3197 publicam.
2010 3115 2235 3176 Iustitia
2255 3133 2442 3195 porro
2463 3134 2533 3176 ea
2553 3115 2747 3176 uirtus
2767 3131 2873 3193 est,
2908 3135 3065 3196 quae

455 3241 565 3283 sua
598 3222 820 3304 cuique
853 3222 1170 3284 distribuit.
1206 3221 1385 3298 Quae
1420 3222 1603 3303 igitur
1634 3222 1855 3284 iustitia
1887 3237 1976 3283 est
2007 3221 2297 3298 hominiS,
2329 3241 2487 3301 quae
2518 3221 2724 3303 ipsum
2744 3222 3066 3284 hominem

456 3329 593 3390 Deo
627 3348 779 3390 uero
810 3328 964 3391 tollit
996 3344 1053 3390 et
1085 3329 1404 3390 inmundis
1441 3330 1850 3391 daemonibus
1882 3329 2123 3391 subdit?
2176 3329 2416 3390 Hocine
2456 3344 2546 3389 est
2577 3349 2685 3390 sua
2719 3328 2941 3410 cuique
2974 3328 3065 3389 di-

455 3437 788 3499 stribuere?
826 3442 922 3499 An
952 3437 1060 3517 qui
1093 3437 1359 3499 fundum
1393 3437 1588 3498 aufert
1619 3437 1769 3513 eius,
1804 3459 1838 3497 a
1871 3457 2001 3517 quo
2033 3452 2233 3497 emtus
2265 3451 2374 3511 est,
2406 3450 2466 3496 et
2484 3436 2662 3497 tradit
2681 3436 2751 3512 ei,
2785 3436 2891 3516 qui
2913 3436 3065 3496 nihil

457 3545 639 3605 habet
669 3544 732 3606 in
764 3565 839 3606 eo
872 3545 1036 3623 iuriS‚
1071 3544 1329 3605 iniustus
1362 3560 1483 3615 est:
1521 3560 1577 3606 et
1617 3544 1723 3624 qui
1757 3564 1819 3605 se
1854 3545 2058 3625 ipsum
2090 3544 2284 3605 aufert
2316 3542 2658 3603 dominanti
2680 3543 2832 3609 Deo,
2870 3564 2901 3601 a
2936 3559 3065 3621 quo

336 3678 396 3724 30
458 3651 649 3713 sactus
682 3666 790 3725 est,
825 3666 881 3711 et
912 3650 1196 3730 malignis
1229 3651 1414 3712 seruit
1448 3651 1774 3734 spiritibuS‚
1806 3652 2002 3711 iustus
2034 3656 2160 3711 est?

669 3757 1026 3838 Disputatur
1069 3774 1228 3818 certe
1275 3758 1564 3819 acerrime
1615 3758 1816 3838 adque
1851 3757 2176 3820 fortissime
2213 3756 2271 3818 in
2304 3756 2536 3817 eisdem
2567 3753 2711 3836 ipsis
2742 3754 2818 3815 de
2852 3774 2915 3814 re
2948 3774 3063 3835 pu-

452 3865 607 3927 blica
640 3864 805 3926 libris
836 3863 1133 3926 aduersus
1166 3863 1520 3925 iniustitiam
1553 3884 1664 3946 pro
1697 3864 1938 3924 iustitia.
1974 3865 2048 3924 Et
2079 3863 2401 3943 quoniam,
2434 3881 2577 3922 cum
2598 3861 2765 3943 prius
2785 3876 3065 3942 ageretur

453 3992 564 4053 pro
608 3971 933 4033 iniustitiae
965 3970 1236 4051 partibus
1268 3987 1482 4033 contra
1514 3972 1805 4032 iustitiam
1840 3987 1898 4032 et
1931 3971 2233 4032 diceretur
2264 3969 2378 4030 nisi
2412 3989 2519 4050 per
2549 3967 2899 4030 iniustitiam
2931 3986 3062 4028 rem

452 4077 761 4159 publicam
791 4093 946 4138 stare
979 4077 1313 4158 augerique
1346 4096 1473 4138 non
1507 4097 1706 4159 posse,
1758 4078 1878 4138 hoc
1912 4075 2104 4138 ueluti
2136 4076 2583 4138 ualidissimum
2617 4074 2887 4157 positum
2918 4090 3061 4152 erat,

329 4212 388 4257 35
450 4183 748 4245 iniustum
780 4203 930 4260 esse,
966 4199 1033 4244 ut
1064 4184 1352 4245 homines
1384 4183 1755 4245 hominibus
1790 4183 2253 4245 dominantibus
2284 4182 2583 4257 seruiant;
2638 4200 2827 4262 quam
2858 4195 3063 4242 tamen

450 4291 803 4352 iniustitiam
836 4290 951 4351 nisi
983 4305 1276 4370 sequatur
1306 4289 1632 4371 imperiosa
1665 4289 1905 4365 ciuita8‚
1937 4289 2113 4350 cuius
2147 4305 2236 4350 est
2265 4308 2492 4370 magna
2522 4309 2618 4349 res
2639 4287 2901 4369 publica,
2934 4306 3062 4348 non

449 4417 585 4460 earn
618 4416 798 4480 posse
831 4398 1163 4479 prouinciis
1193 4397 1526 4478 imperare:
1576 4415 1954 4478 responsum
1985 4412 2075 4457 est
2106 4418 2140 4458 a
2173 4413 2337 4477 parte
2369 4396 2625 4456 iustitiae
2657 4395 2798 4456 ideo
2832 4394 3061 4455 iustum

449 4524 597 4581 esse,
643 4504 813 4588 quod
857 4504 1079 4566 talibus
1125 4504 1485 4566 hominibus
1516 4504 1591 4564 sit
1623 4504 1785 4565 utilis
1817 4504 2100 4584 seruitus,
2148 4519 2205 4564 et
2237 4523 2349 4585 pro
2382 4503 2633 4565 utilitate
2664 4521 2883 4563 eorum
2914 4501 3061 4579 fieri,

449 4631 592 4673 cum
637 4626 800 4672 recte
842 4610 926 4689 fit,
976 4611 1037 4672 id
1071 4627 1160 4671 est
1191 4629 1335 4671 cum
1370 4610 1645 4692 inprobis
1678 4609 1953 4672 aufertur
1984 4610 2269 4672 iniuriam
2303 4611 2560 4687 licentia,
2594 4626 2652 4670 et
2681 4609 2897 4671 domiti
2928 4628 3060 4670 me-

327 4747 390 4786 ⁴o
445 4718 564 4780 lius
592 4738 659 4780 se
691 4719 1024 4797 habebunt,
1057 4718 1201 4798 quia
1234 4717 1516 4779 indomiti
1548 4717 1819 4778 deterius
1850 4737 1916 4778 se
1949 4718 2331 4792 habuerunt;
2384 4717 2825 4798 subditumque
2858 4732 2964 4793 est,
2995 4731 3061 4776 ut

448 4826 553 4887 ista
587 4825 740 4887 ratio
773 4825 1137 4901 firmaretur,
1173 4824 1366 4885 ueluti
1398 4844 1431 4884 a
1464 4838 1678 4885 natura
1699 4839 1979 4885 sumtum
2000 4824 2208 4885 nobile
2228 4823 2583 4906 exemplum
2603 4824 2804 4903 adque
2827 4821 3060 4883 dictum

447 4950 566 4995 est:
623 4932 850 5007 ‹Quur
884 4931 1068 5011 igitur
1099 4931 1269 4993 Deus
1303 4930 1560 5011 homini,
1595 4931 1841 4992 animus
1876 4931 2131 5011 imperat
2161 4931 2421 5012 corpori,
2452 4930 2603 4992 ratio
2635 4929 2869 4991 libidini
2902 4944 3060 4989 cete-
