3684 5416
295 1605 351 1636 to

290 2265 344 2309 ¹5

284 3340 346 3383 25

288 3874 354 3919 30

294 4409 350 4453 35

294 4960 356 5002 ⁴0

1047 343 1311 397 Potestas
1351 341 1732 398 ecclesiastica
1772 356 1829 397 et
1865 342 2170 415 imperium
2209 340 2388 397 civile.
2921 355 3015 410 177

406 578 561 640 LVI.
626 580 923 642 Contra
970 599 1105 640 eos
1152 580 1286 660 qui
1333 579 1617 641 dicunt
1663 579 1845 640 ideo
1892 599 2036 641 nos
2084 583 2233 640 hoc
2277 579 2602 653 docere,
2648 592 2729 637 ut
2762 576 3018 636 honor

1364 686 1589 768 regni
1639 686 2063 751 minuatur.

624 829 756 891 Nos
800 831 987 909 igitur
1034 848 1166 892 non
1212 830 1353 894 ideo
1401 832 1519 893 hoc
1565 831 1849 909 dicimus,
1884 848 1951 894 ut
1985 832 2192 893 honor
2222 830 2395 910 regni
2430 828 2647 890 exinde
2683 826 3014 904 minuatur,

404 936 516 996 sed
564 952 631 997 ut
679 937 871 1016 magis
915 937 1057 1000 inde
1096 939 1484 1017 adaugeatur.
1546 939 1712 1001 quta
1747 938 2144 1021 euangelium
2179 937 2343 998 enim
2381 955 2539 1016 quae
2571 933 2824 995 caesaris
2855 949 3019 1010 sunt,

405 1059 476 1104 ut
522 1062 594 1104 ex
639 1044 839 1104 verbis
882 1045 1069 1107 sancti
1105 1045 1419 1108 Ambrosii
1466 1065 1649 1127 supra
1684 1047 2034 1120 docuimus,
2069 1043 2292 1106 caesari
2327 1042 2579 1104 reddere
2615 1042 2928 1116 volumus,
2962 1054 3019 1101 et

405 1169 569 1229 quae
605 1150 716 1212 Dei
753 1151 907 1213 Deo.
974 1152 1120 1213 Non
1169 1152 1335 1213 enim
1380 1151 1509 1215 sola
1544 1152 1800 1214 sacratio
1834 1152 1948 1215 Dei
1981 1169 2089 1226 est,
2125 1150 2234 1212 sed
2267 1166 2325 1211 et
2358 1169 2471 1224 res,
2508 1168 2666 1228 quae
2701 1148 2836 1210 Deo
2868 1146 3024 1208 offe·

405 1274 650 1335 runtur,
692 1259 803 1319 Dei
851 1259 1139 1320 veraciter
1184 1280 1315 1321 esse
1364 1277 1722 1322 noscuntur.
1787 1261 1927 1322 Hoc
1959 1260 2128 1321 enim
2160 1276 2346 1339 supra
2380 1254 2778 1338 probavimus
2810 1253 3021 1315 multis

407 1381 466 1425 et
498 1364 680 1425 variis
711 1366 1120 1427 documentis.
1156 1367 1582 1429 Possessiones
1614 1368 1893 1430 videlicet
1924 1367 2282 1448 aliquorum
2304 1363 2657 1437 hominum,
2690 1378 3019 1442 postquam

405 1473 597 1533 semel
633 1492 733 1532 eas
772 1473 903 1534 Deo
936 1473 1312 1550 devoverint,
1359 1474 1515 1535 nulli
1548 1475 1809 1537 omnino
1842 1473 2221 1556 imperatori,
2258 1470 2383 1551 regi
2418 1469 2513 1531 vel
2546 1468 2804 1551 principi
2836 1466 3022 1529 huius

406 1578 598 1639 seculi
645 1579 964 1660 pertinere,
1009 1580 1123 1642 uisi
1154 1581 1271 1642 soli
1307 1583 1440 1645 Deo
1475 1598 1532 1644 et
1564 1581 1696 1643 eius
1729 1582 2075 1643 aecclesiae.
2144 1579 2202 1661 [l.
2239 1599 2289 1641 c.
2327 1578 2394 1640 Il.
2431 1596 2568 1658 pag.
2611 1573 2780 1655 591.]

440 1783 704 1845 LXXIII.
766 1784 1095 1847 Nullum
1143 1787 1715 1868 episcoporum
1762 1788 2053 1849 debere
2101 1787 2452 1868 aliquam
2503 1781 3013 1843 aecclesiam·

1406 1894 1639 1955 laicis
1685 1894 2050 1956 subdere.

625 2026 888 2107 Spiritus
932 2028 1124 2088 sancti
1171 2028 1338 2090 dona
1384 2029 1726 2110 specialiter
1770 2027 1835 2090 in
1884 2028 2338 2090 aecclesiasticis
2385 2029 2604 2091 officiis
2639 2031 3021 2112 praefulgere

407 2132 807 2195 manifestum
852 2150 958 2195 est.
1022 2135 1185 2195 Inter
1229 2152 1388 2215 quae
1435 2135 1646 2196 omnia
1694 2135 2115 2216 supereminet
2160 2134 2522 2216 episcopalis
2567 2137 2777 2215 gratia.
2843 2136 3023 2213 Quae

409 2263 544 2304 non
579 2243 940 2305 inmissione
975 2263 1194 2325 regum
1225 2245 1320 2305 vel
1355 2244 1728 2325 principum,
1763 2243 1872 2304 sed
1906 2241 2207 2303 electione
2238 2242 2599 2305 clericorum
2637 2259 2695 2304 et
2729 2244 3024 2324 petitione

410 2368 524 2411 seu
558 2350 995 2412 acclamatione
1029 2352 1318 2414 omnium
1350 2351 1733 2433 populorum
1768 2350 1899 2410 fieri
1934 2350 2132 2410 debet.
2165 2349 2366 2411 Cuius
2386 2350 2702 2410 electionis
2723 2349 3025 2412 iudicium

408 2457 630 2518 domni
663 2457 985 2538 apostolici
1019 2474 1075 2519 et
1107 2458 1241 2519 eius
1273 2459 1640 2520 vicariorum
1675 2477 1785 2519 seu
1819 2457 2424 2537 archiepiscoporum
2461 2456 2538 2517 ita
2570 2457 2891 2538 proprium
2913 2474 3021 2530 est,

409 2580 480 2624 ut
512 2564 667 2624 nulli
702 2583 833 2625 non
866 2565 959 2625 sui
992 2563 1226 2625 ordinis
1258 2564 1393 2625 viro
1427 2564 1578 2626 haec
1611 2564 1953 2624 concedere
1986 2563 2111 2624 ulla
2143 2563 2381 2623 ratione
2430 2564 2712 2623 debeant.
2779 2563 2897 2623 Pro
2929 2583 3025 2623 sa-

408 2672 539 2734 lute
585 2671 752 2733 enim
798 2670 1145 2732 animarum
1191 2689 1445 2733 suarum
1499 2670 1806 2753 principes
1859 2669 2083 2750 eligere
2133 2669 2584 2752 speculatorem
2639 2671 2865 2732 debent
2913 2671 3023 2752 qui

408 2779 687 2861 gladium
736 2779 1082 2840 venientem
1130 2798 1316 2860 super
1361 2799 1425 2839 se
1459 2793 1517 2838 et
1548 2796 1733 2859 super
1766 2777 2073 2859 populum
2108 2778 2315 2839 videre
2350 2794 2406 2838 et
2439 2777 2815 2839 denunciare
2851 2798 3023 2859 prae-

412 2886 636 2957 valeat;
689 2887 848 2948 sicut
896 2902 953 2946 et
1002 2886 1207 2947 omnis
1261 2886 1531 2968 populus
1577 2886 1760 2946 debet
1807 2906 1939 2946 non
1987 2905 2097 2945 sua
2131 2883 2407 2966 potentia
2443 2885 2540 2946 vel
2571 2885 2929 2946 auctoritate
2963 2885 3024 2946 in

408 2992 761 3054 aecclesiam
811 2992 1079 3072 aliquem
1131 2992 1539 3053 introducere.
1604 2991 1753 3053 Non
1802 2991 1972 3052 enim
2005 2990 2270 3073 Spiritus
2320 3005 2567 3053 sanctus
2613 2992 2793 3054 alicui
2828 2991 3023 3054 subici

410 3115 634 3181 potest,
684 3116 750 3160 ut
783 3101 837 3161 ei
869 3099 1131 3180 spiritale
1165 3099 1408 3160 donum
1443 3098 1686 3176 tribuat,
1719 3098 1817 3159 cui
1856 3099 2139 3180 princeps
2171 3099 2449 3159 avaritiae
2484 3100 2753 3161 serviens
2787 3115 2845 3160 et
2876 3120 3023 3161 san·-

410 3208 716 3269 ctuarium
739 3208 851 3269 Dei
885 3207 1218 3269 hereditate
1252 3208 1565 3288 possidere
1598 3208 1952 3269 desiderans
1985 3227 2099 3289 pro
2131 3227 2251 3269 suo
2282 3225 2340 3269 et
2360 3226 2491 3270 non
2513 3228 2625 3289 pro
2648 3209 2760 3269 Dei
2784 3209 3024 3271 honore

410 3315 824 3396 praesulatum
860 3316 1183 3377 aecclesiae
1216 3317 1606 3378 investiendo
1637 3318 1781 3378 dare
1815 3317 2311 3399 praesumpserit.
2344 3318 2505 3378 Nam
2538 3320 2645 3397 qui
2681 3319 2800 3379 hoc
2833 3334 3022 3399 putat,

410 3422 658 3482 homini
704 3423 918 3503 utique
963 3424 1159 3485 subici
1210 3443 1391 3504 posse
1440 3440 1776 3486 creatorem
1822 3424 2113 3485 omnium
2146 3424 2443 3505 Spiritum
2490 3440 2772 3486 sanctum
2820 3426 3025 3499 credit,

410 3530 585 3610 quod
632 3530 725 3590 vel
772 3530 1112 3592 existimare
1159 3531 1512 3593 inauditum
1558 3532 1759 3592 scelus
1803 3548 1912 3607 est,
1948 3547 2006 3592 et
2041 3530 2364 3591 Arrianam
2399 3531 2774 3612 impietatem
2808 3551 3024 3612 super-

409 3637 604 3719 gredi,
660 3652 727 3698 ut
776 3653 1024 3698 sanctus
1070 3637 1362 3700 Urbanus
1408 3657 1565 3720 papa
1613 3639 1812 3713 docet,
1862 3638 2259 3698 manifestum
2307 3654 2410 3698 est.
2475 3638 2622 3698 Non
2669 3639 2875 3716 itaque
2922 3637 3024 3698 tali

410 3762 637 3805 manus
688 3744 1065 3826 imponenda
1116 3760 1224 3817 est,
1277 3745 1405 3819 sed,
1458 3744 1572 3805 nisi
1619 3764 1690 3805 ex
1738 3747 1926 3805 corde
1960 3743 2351 3824 poenituerit,
2387 3758 2628 3804 aeterna
2664 3744 3025 3824 dampnatio

409 3852 715 3913 inminere
749 3851 1156 3932 praedicanda
1189 3868 1294 3912 est.
1337 3851 1691 3913 Ostendunt
1722 3866 1928 3912 autem
1962 3866 2021 3911 et
2052 3851 2244 3911 sancti
2278 3850 2775 3911 Calcedonenses
2806 3866 3021 3931 patres,

409 3962 583 4040 quod
631 3973 838 4020 sancte
884 3974 942 4020 et
988 3978 1140 4040 pure
1185 3959 1619 4021 aecclesiastica
1666 3959 1977 4020 tractanda
2011 3959 2154 4033 sint,
2192 3959 2344 4018 dum
2377 3957 2582 4019 aiunt:
2620 3956 2730 4037 [Ex
2761 3957 3024 4019 concilio

409 4067 874 4129 Calcedonense
925 4088 975 4129 c.
1013 4066 1100 4148 II.]
1164 4069 1242 4129 Si
1283 4071 1420 4149 quis
1467 4071 1782 4149 episcopus
1799 4076 1924 4149 per
1942 4068 2273 4148 pecuniam
2287 4067 2527 4145 fecerit
2553 4066 3024 4136 ordinationem,

409 4182 475 4236 et
515 4175 627 4236 sub
659 4178 866 4258 pretio
913 4177 1222 4256 redegerit
1253 4178 1554 4257 gratiam,
1592 4195 1746 4256 quae
1777 4196 1897 4235 non
1918 4180 2127 4256 potest
2155 4175 2357 4247 vendi,
2389 4174 2887 4252 ordinaveritque
2904 4180 3027 4251 per

393 4288 701 4367 pecunias
732 4288 1075 4366 episcopum
1107 4291 1217 4344 aut
1230 4284 1648 4365 presbiterum
1682 4288 1791 4342 aut
1820 4283 2166 4355 diaconum,
2199 4281 2297 4340 vel
2322 4280 2653 4363 quemlibet
2679 4301 2750 4338 ex
2768 4278 2887 4351 his,
2918 4281 3031 4359 qui

408 4400 928 4455 connumerantur
977 4395 1042 4452 in
1093 4392 1281 4465 clero,
1331 4397 1441 4451 aut
1471 4393 1855 4471 promoverit
1887 4397 2012 4470 per
2041 4391 2349 4469 pecunias
2395 4387 2874 4468 dispensatorem
2920 4393 3029 4446 aut

409 4502 812 4580 defensorem,
860 4500 961 4559 vel
1003 4519 1382 4581 quemquam,
1432 4500 1543 4579 qui
1584 4497 1889 4557 subiectus
1933 4501 2026 4556 est
2068 4496 2342 4575 regulae,
2373 4504 2499 4575 pro
2539 4514 2648 4554 suo
2680 4495 3030 4574 turpissimi

411 4610 582 4670 lucri
608 4610 935 4680 commoda,
969 4610 1048 4679 is,
1081 4609 1186 4667 cui
1213 4606 1326 4666 hoc
1356 4606 1746 4685 attemptanti
1758 4603 2094 4685 probatum
2109 4605 2338 4681 suerit,
2374 4603 2629 4683 proprii
2647 4602 2891 4680 gradus
2910 4609 3022 4680 pe-

411 4716 611 4777 riculo
655 4715 990 4788 subiaceat,
1035 4721 1095 4774 et
1123 4716 1234 4795 qui
1260 4713 1582 4774 ordinatus
1615 4718 1726 4784 est,
1760 4710 1960 4770 nichil
1987 4731 2058 4769 ex
2088 4709 2204 4769 hac
2235 4710 2626 4770 ordinatione
2656 4708 2754 4767 vel
2772 4717 3024 4788 promo-

412 4825 600 4897 tione,
633 4843 786 4904 quae
814 4828 910 4883 est
926 4831 1045 4902 per
1074 4822 1543 4901 negotiationem
1556 4823 1762 4898 sacta,
1783 4820 2107 4898 preficiat,
2137 4818 2251 4877 sed
2278 4820 2366 4877 sit
2392 4816 2631 4876 alienus
2664 4838 2701 4875 a
2722 4815 3025 4895 dignitate

411 4932 513 4993 vel
551 4930 995 5002 sollicitudine,
1041 4947 1219 5009 quam
1247 4929 1536 5009 pecuniis
1568 4926 1885 5006 quaesivit.
1958 4924 2036 4983 Si
2062 4926 2201 5003 quis
2234 4944 2372 4982 vero
2405 4922 2705 4982 mediator
2738 4927 2861 4980 tam
2896 4926 3024 4979 tur-

629 5048 923 5092 Galante:
968 5048 1134 5091 Fontes
1163 5047 1244 5099 jur.
1274 5060 1369 5090 can.
2683 5039 2737 5074 12
