3684 5416
1603 393 1950 448 Cardinales.
2975 412 3074 466 471

685 588 714 649 S
749 580 823 640 8.-
854 578 938 640 Ut
968 596 1118 638 vero
1142 577 1454 639 Diaconos
1475 576 1853 654 Cardinales,
1889 579 1997 657 qui
2033 578 2096 638 in
2129 598 2240 640 sua
2275 579 2595 640 vocatione
2617 580 3084 661 permanserint,

472 705 528 750 et
559 689 624 749 in
656 685 1001 749 Ministerio
1036 685 1273 747 ordinis
1305 685 1399 747 sui
1433 685 1968 766 perseveraverint,
2003 686 2343 747 maioribus
2376 688 2722 749 honoribus
2746 708 3086 771 prosequa-

471 811 631 873 mur,
665 794 961 855 volumus
994 806 1063 853 ut
1094 811 1241 853 cum
1272 792 1544 873 aliquam
1576 812 1650 853 ex
1670 812 1776 853 sex
1808 792 2280 854 Cathedralibus
2312 793 2616 869 Ecclesiis,
2649 795 2876 875 quibus
2911 797 3087 879 Epis-

472 903 610 983 copi
643 900 1001 963 Cardinales
1034 914 1344 981 praesunt,
1378 899 1602 979 prim0,
1637 899 1937 978 secunde,
1991 914 2050 959 et
2080 898 2258 960 tertio
2292 918 2399 980 per
2431 901 2673 962 obitum
2697 902 2801 963 'vel
2831 905 3085 966 transla-

394 1026 415 1070 5
469 1010 726 1087 tionem,
762 1022 867 1069 aut
899 1006 1043 1069 alias
1075 1025 1191 1088 pro
1220 1021 1499 1088 tempore
1532 1025 1745 1066 vacare
1779 1005 2123 1087 contigerit,
2146 1005 2459 1086 antiquior
2491 1007 2744 1087 quidem
2766 1009 3087 1092 Presbyter

472 1116 814 1179 Cardinalis
868 1134 1176 1196 praesens,
1228 1115 1398 1175 salvo
1444 1113 1669 1195 cuique
1716 1112 2030 1195 Episcopo
2064 1112 2376 1174 Cardinali
2425 1112 2556 1192 jure
2600 1119 2963 1180 transeundi
3011 1117 3087 1181 ad

472 1242 628 1302 eam,
675 1222 924 1283 dimissa
970 1221 1174 1302 priore
1221 1220 1321 1282 cui
1372 1235 1662 1302 praeerat,
1712 1236 1779 1282 ut
1813 1221 2005 1281 moris
2037 1235 2145 1294 est,
2179 1236 2636 1301 promoveatur,
2667 1225 2774 1284 sed
2808 1225 2914 1285 ubi
2950 1243 3089 1308 post

471 1346 593 1391 tres
637 1329 1002 1408 vacationes,
1048 1345 1168 1389 tres
1212 1328 1425 1389 itidem
1476 1349 1548 1390 ex
1583 1328 1728 1410 ipsis
1764 1328 2139 1410 presbyteris
2174 1328 2606 1390 Cardinalibus
2641 1330 2707 1391 in
2740 1332 3086 1414 Episcopos

474 1434 759 1517 praefecti
787 1434 1029 1512 fuerint,
1073 1449 1224 1494 tunc
1271 1434 1322 1495 si
1367 1438 1580 1514 qu'arta
1627 1432 1889 1510 alicujus
1923 1434 2143 1494 harum
2180 1433 2590 1495 Ecclesiarum
2623 1438 2856 1500 vacatio
2888 1441 3089 1502 conti-

371 1559 419 1591 ¹0
471 1542 641 1622 gerit,
691 1541 962 1620 exclus0,
1015 1560 1084 1601 ea
1135 1555 1380 1602 tantum
1430 1542 1577 1620 vice,
1630 1541 1978 1621 antiquiore
2027 1541 2408 1623 Presbytero,
2461 1542 2629 1622 prior
2662 1543 3088 1609 Diaconorum

474 1648 897 1711 Cardinalium
932 1647 1040 1727 qui
1075 1667 1362 1729 praesens
1396 1647 1593 1726 fuerit,
1633 1663 1692 1708 et
1724 1647 1788 1708 in
1823 1663 2016 1708 aetate
2048 1648 2319 1728 legitima
2354 1649 2739 1728 constitutus,
2773 1652 2870 1712 vel
2902 1653 2951 1714 si
2987 1653 3088 1715 ille

473 1754 757 1832 noluerit,
790 1770 894 1815 aut
927 1753 1274 1834 nequiverit
1306 1753 1557 1832 assumi,
1591 1773 1860 1834 sequens
1882 1753 2201 1816 Diaconus
2234 1754 2465 1815 eisdem
2486 1756 2882 1836 qualitatibus
2915 1779 3091 1840 prae-

473 1861 656 1940 ditus,
708 1862 785 1922 ad
834 1881 970 1922 earn
1008 1865 1465 1942 promoveatur,
1512 1877 1570 1922 et
1603 1861 1683 1922 ita
1717 1861 2005 1941 deinceps
2036 1861 2102 1921 in
2135 1861 2502 1922 huiusmodi
2534 1864 2955 1928 vacationibus
2986 1887 3090 1930 sex

475 1968 887 2030 Ecclesiarum
920 1969 1369 2050 praedictarum
1402 1985 1702 2050 perpetuo
1736 1969 2113 2047 observetur,
2164 1983 2230 2027 ut
2261 1983 2401 2050 post
2432 1983 2552 2029 tres
2585 1970 3090 2052 Presbyterorum

371 2091 415 2134 15
475 2077 551 2137 ad
582 2076 774 2137 dictas
808 2076 1111 2138 Ecclesias
1147 2075 1591 2157 promotiones,
1641 2092 1857 2156 quarta
1889 2091 2251 2136 occurrente
2284 2075 2624 2153 vacatione,
2661 2077 2828 2158 prior
2864 2078 3087 2140 Diaco-

476 2201 703 2243 norum
735 2198 840 2244 aut
873 2201 1161 2264 sequens,
1199 2197 1266 2242 ut
1298 2183 1654 2263 praefertur,
1690 2183 1753 2243 in
1786 2181 2166 2263 Episcopum
2201 2182 2603 2263 praeficiatur.

688 2298 717 2358 S
753 2311 809 2368 9.
872 2289 1035 2350 Inter
1068 2291 1185 2351 hos
1217 2290 1603 2370 septuaginta
1637 2289 2012 2367 Cardinales,
2049 2303 2286 2370 praeter
2317 2289 2599 2371 egregios
2630 2290 2952 2371 utriusque
2984 2293 3088 2352 Ju-

475 2395 557 2455 ris
586 2411 692 2456 aut
723 2396 1110 2458 decretorum
1135 2396 1452 2474 Doctores,
1490 2415 1621 2457 non
1654 2396 1854 2457 desint
1886 2395 2123 2477 aliquot
2154 2395 2425 2475 insignes
2457 2396 2567 2456 viri
2603 2396 2666 2457 in
2687 2416 2854 2458 sacra
2873 2398 3091 2458 Theo-

476 2502 640 2580 logia
662 2503 936 2584 Magistri
972 2503 1327 2584 praesertim
1359 2523 1432 2564 ex
1467 2502 1897 2582 RegularibuS,
1930 2518 1988 2564 et
2021 2502 2513 2564 Mendicantium
2548 2503 2883 2565 Ordinibus
2916 2524 3088 2565 assu-

369 2634 423 2665 20
476 2609 704 2688 mendi,
735 2611 946 2671 saltem
982 2626 1272 2691 quatuor,
1308 2630 1435 2670 non
1470 2625 1679 2671 tamen
1712 2611 2052 2691 pauciores.

689 2727 718 2787 S
764 2736 857 2783 ιο.
904 2718 1260 2798 Antiquum
1289 2738 1439 2780 vero
1473 2718 1834 2796 Clementis,
1871 2718 2167 2796 Anacleti‚
2190 2718 2464 2796 Evaristi,
2486 2719 2815 2780 Alexandri
2850 2735 2907 2780 et
2940 2720 3092 2781 alio-

476 2843 615 2885 rum
649 2825 1019 2885 Sanctorum
1040 2824 1410 2886 Pontificum
1437 2824 1984 2887 Praedecessorum
2020 2840 2378 2887 nostrorum
2410 2845 2669 2903 morem,
2703 2846 2811 2908 per
2841 2846 3091 2889 sexcen-

477 2946 572 2991 tos
609 2947 665 2992 et
695 2930 963 3012 amplius
1008 2951 1205 2993 annos
1239 2932 1597 2993 continuata
1629 2933 1783 2994 serie
1817 2934 2212 2994 observatum
2245 2932 2423 3013 sequi
2450 2933 2746 3011 volentes,
2781 2953 2849 2994 ac
2883 2933 3091 2995 decre--

477 3052 609 3097 tum
656 3038 801 3099 alias
847 3058 958 3119 per
993 3058 1110 3099 nos
1144 3038 1205 3100 in
1239 3056 1450 3100 nostro
1485 3039 1876 3101 Consistorio
1909 3039 2140 3100 editum
2176 3039 2569 3118 innovantes,
2619 3056 2919 3121 perpetuo
2952 3062 3089 3103 san-

369 3167 420 3210 25
477 3144 674 3205 cimus
720 3159 965 3227 tempus
1010 3147 1421 3207 creandorum
1455 3146 1903 3221 Cardinalium,
1948 3166 2057 3208 seu
2093 3146 2510 3226 promotionis
2542 3147 2620 3207 ad
2655 3147 3091 3209 Cardinalatus

477 3252 783 3313 honorem
820 3252 1149 3327 faciendae,
1183 3273 1394 3314 mense
1418 3253 1744 3314 Decembri
1778 3254 2094 3314 dumtaxat
2124 3252 2191 3313 in
2223 3253 2369 3334 ipsis
2400 3255 2786 3334 temporibus
2817 3272 2923 3314 seu
2965 3253 3091 3314 die-

476 3360 592 3419 bus
624 3356 1024 3436 jejuniorum,
1060 3375 1117 3419 et
1151 3378 1279 3419 non
1314 3359 1446 3419 aliis
1479 3379 1609 3419 esse
1643 3359 1884 3419 debere.

689 3474 718 3534 S
762 3486 857 3526 11.
907 3464 992 3525 Ut
1034 3481 1239 3525 autem
1274 3464 1389 3545 ipsi
1421 3464 1781 3525 Cardinales
1815 3465 1879 3524 in
1914 3464 2211 3543 regimine
2248 3464 2606 3526 universalis
2640 3465 2945 3526 Ecclesiae
2979 3485 3092 3527 no-

476 3570 584 3649 bis,
632 3586 689 3632 et
735 3591 850 3653 pro
896 3586 1176 3654 tempore
1211 3570 1489 3632 existenti
1522 3571 1812 3632 Romano
1848 3570 2133 3632 Pontifici
2167 3570 2395 3631 utiliter
2426 3570 2699 3632 assistere
2733 3572 2989 3649 valeant,
3025 3592 3093 3632 ac

367 3709 422 3753 30
474 3677 551 3738 de
582 3678 875 3739 omnibus
907 3678 1407 3740 Christianorum
1442 3678 1806 3757 Regnorum
1838 3678 2430 3759 Provinciarumque
2478 3678 2775 3754 moribuS,
2822 3680 3002 3739 rebus
3036 3692 3092 3738 et

475 3788 734 3867 negotiis
781 3803 1062 3869 prompte
1109 3804 1167 3848 et
1212 3787 1472 3849 fideliter
1518 3804 1676 3848 certa
1724 3789 1799 3848 ab
1846 3787 1931 3847 eis
1977 3786 2211 3864 notitia,
2244 3806 2357 3867 pro
2393 3804 2600 3846 rerum
2633 3784 3084 3863 emergentium

475 3896 935 3978 opportunitate
988 3896 1302 3973 habeatur,
1354 3895 1644 3977 praedicti
1693 3894 1959 3956 Concilii
1991 3892 2342 3955 Tridentini
2394 3894 2639 3953 decreto
2685 3891 3093 3969 inhaerenteS,

474 4003 816 4082 statuimuS,
869 4019 937 4063 ut
988 4022 1059 4062 ex
1110 4003 1402 4063 omnibus
1453 4001 1928 4064 Christianitatis
1978 3999 2352 4076 nationibus,
2404 4013 2706 4078 quantum
2761 3999 3095 4058 commode

475 4108 603 4170 fieri
638 4108 873 4190 poterit,
905 4108 1114 4169 idonei
1147 4123 1560 4172 assumantur.

366 4243 415 4286 35
690 4225 718 4285 S
765 4235 857 4277 12.
911 4202 1242 4294 Praeterea,
1292 4216 1403 4295 qui
1434 4214 1792 4277 Cardinales
1838 4212 2088 4273 creandi
2135 4227 2330 4288 erunt,
2377 4211 2683 4291 legitimiS,
2735 4226 2793 4271 et
2825 4209 3095 4271 honestis

472 4325 595 4386 sint
641 4322 831 4385 exorti
881 4321 1203 4401 natalibus,
1250 4343 1453 4402 neque
1500 4321 1625 4384 ulla
1674 4340 1927 4402 prorsus
1966 4320 2121 4397 labe,
2158 4334 2263 4379 aut
2296 4318 2763 4397 illegitimorum
2800 4319 3096 4379 natalium

472 4429 828 4513 suspicione
861 4428 1089 4509 quovis
1120 4430 1316 4490 modo
1349 4429 1647 4505 laborent,
1697 4430 1802 4489 sed
1839 4425 2015 4488 omni
2048 4425 2311 4502 macula,
2360 4440 2418 4487 et
2451 4425 2800 4507 impuritate
2833 4441 3095 4503 careant,

472 4537 752 4618 alioquin
803 4537 880 4596 ad
931 4552 1058 4597 tam
1110 4535 1488 4597 eminentem
1538 4534 1842 4614 dignitatis
1888 4533 2173 4611 gradum,
2209 4531 2459 4614 penitus
2492 4532 2812 4607 inhabiIeS,
2845 4548 2901 4592 et
2935 4531 3096 4592 illius

470 4645 788 4726 incapaces
820 4642 961 4720 sint,
996 4658 1053 4703 et
1086 4662 1216 4703 esse
1249 4659 1633 4703 censeantur.
1701 4641 2011 4717 Quocirca
2045 4639 2523 4718 considerantes,
2557 4641 2728 4720 quod
2762 4638 2902 4699 licet
2933 4654 3096 4699 tanta

363 4776 418 4818 40
473 4751 547 4813 sit
599 4751 709 4829 viS,
756 4766 816 4811 et
859 4749 1130 4811 efficacia
1162 4749 1538 4810 Sacramenti
1573 4747 1972 4826 Matrimonii,
2019 4748 2193 4828 quod
2229 4746 2536 4828 Apostolo
2581 4760 2753 4823 teste,
2793 4747 3095 4823 Magnum

476 4873 565 4919 est
595 4858 660 4919 in
694 4856 969 4931 Christ0,
1001 4872 1058 4917 et
1090 4856 1153 4916 in
1187 4855 1486 4929 Ecclesia;
1537 4871 1605 4915 ut
1637 4854 1743 4935 qui
1778 4868 1956 4914 antea
1988 4853 2175 4933 geniti
2211 4868 2400 4929 erant,
2434 4872 2505 4912 ex
2538 4851 2764 4928 solutO,
2790 4865 2848 4910 et
2868 4849 3091 4927 soluta,

477 4966 633 5026 inter
679 4983 840 5045 quos
891 4962 999 5023 rite
1034 4963 1505 5024 Matrimonium
1555 4977 1829 5023 constare
1878 4975 2136 5041 poterat,
2172 4976 2309 5041 post
2340 4958 2495 5020 illud
2528 4973 2911 5019 contractum
2941 4956 3094 5036 legi-
