3684 5416
554 1487 602 1519 10

553 2020 599 2065 ¹5

540 2556 594 2588 20

539 3093 590 3138 25

531 3629 584 3672 30

529 4163 579 4207 35

519 4697 574 4736 ⁴0

675 313 767 370 162
1294 314 1557 367 Potestas
1596 313 1975 369 ecclesiastica
2016 327 2072 369 et
2108 313 2412 382 imperium
2452 313 2626 370 civile.

663 496 857 562 ‚voluit
868 498 1286 577 praeminere,
1316 502 1376 556 et
1405 495 1773 578 subsequens
1802 497 2098 558 ecclesiae
2119 499 2439 578 generalis
2457 501 2690 580 iugiter
2695 501 2904 581 pietas
2922 501 3269 565 celebravit.

669 601 796 664 Ubi
806 603 1145 684 prudentia
1177 609 1282 664 tua
1316 603 1625 664 evidenter
1642 605 1925 680 advertit,
1960 624 2267 684 nunquam
2290 605 2561 686 quolibet
2562 608 2818 687 penitus
2837 607 3100 671 humano
3118 631 3268 672 con-

660 710 805 770 silio
852 730 1115 791 aequare
1158 729 1225 770 se
1269 730 1626 791 quemquam
1657 718 1848 790 posse
1893 709 2069 770 illius
2100 710 2442 791 privilegio
2488 713 2589 772 vel
2626 716 3001 791 confessioni
3013 761 3035 790 ,
3095 737 3267 796 quem

664 815 916 877 Christi
941 837 1053 878 vox
1072 815 1379 899 praetulit
1406 819 1734 891 universis,
1765 837 1939 899 quem
1972 817 2228 879 ecclesia
2261 819 2605 880 veneranda
2622 823 2904 900 confessa
2923 831 3159 903 semper
3177 829 3271 883 est

660 930 722 983 et
749 923 933 984 habet
958 924 1170 985 devota
1188 926 1589 1005 primatem».
1624 923 1775 985 Item
1800 924 1993 986 Iulius
2014 945 2187 1006 papa,
2220 925 2621 987 orientalibus
2652 928 2961 1009 episcopis
2979 930 3263 1002 scribens,

659 1030 735 1094 de
769 1045 1064 1111 potestate
1097 1031 1376 1092 eiusdem
1409 1047 1650 1093 sanctae
1685 1048 1744 1093 et
1762 1032 2131 1112 apostolicae
2152 1033 2312 1094 sedis
2333 1033 2445 1094 ait:
2489 1032 2842 1096 «Decuerat
2855 1056 2981 1109 vos,
2993 1040 3261 1113 fratres,

656 1137 951 1220 adversus
990 1146 1267 1200 sanctam
1299 1137 1642 1199 Romanam
1672 1144 1734 1199 et
1759 1140 2158 1220 apostolicam
2191 1139 2510 1201 ecclesiam
2543 1140 2755 1202 limate
2784 1148 2846 1202 et
2872 1163 2993 1204 non
3010 1145 3263 1226 yronice

658 1243 871 1324 loqui,·
914 1247 1200 1325 quoniam
1245 1253 1308 1305 et
1350 1247 1482 1326 ipse
1512 1246 1794 1306 dominus
1824 1252 2031 1307 noster
2058 1245 2243 1315 Jesus
2276 1245 2595 1325 Christus.
2627 1269 2760 1308 eam
2792 1249 3075 1309 decenter
3102 1249 3259 1311 allo-

655 1357 856 1424 cutus,
885 1354 1013 1412 ait:
1063 1375 1079 1403 ‹
1100 1349 1180 1412 Tu
1210 1373 1275 1412 es
1300 1352 1543 1425 Petrus,
1573 1359 1635 1413 et
1662 1362 1845 1433 super
1874 1352 2033 1414 hanc
2048 1361 2295 1435 petram
2328 1355 2668 1434 aedificabo
2697 1354 3017 1416 ecclesiam
3049 1376 3259 1428 meam,

655 1465 716 1519 et
742 1466 968 1540 portae
1011 1461 1206 1537 inseri
1246 1480 1365 1519 non
1385 1458 1837 1540 praevalebunt
1879 1461 2170 1522 adversus
2204 1481 2332 1521 eam
2350 1487 2379 1534 ‚’
2430 1468 2492 1522 et
2520 1462 2641 1523 tibi
2666 1462 2822 1523 dabo
2854 1462 3054 1523 claves
3085 1465 3262 1542 regni

657 1565 991 1627 coelorum>
1011 1613 1025 1627 .
1086 1566 1297 1628 Habet
1325 1568 1485 1627 enim
1509 1573 1872 1648 potestatem
1903 1567 2220 1647 singulari
2231 1568 2570 1649 privilegio
2602 1589 2970 1643 concessam,
3014 1571 3255 1668 aperire

651 1679 716 1732 et
758 1673 1044 1734 claudere
1093 1676 1315 1733 ianuas
1363 1675 1548 1752 regni
1592 1673 1894 1747 coelestis,
1941 1673 2161 1755 quibus
2206 1674 2521 1735 voluerit.»
2591 1676 2712 1739 Cui
2763 1694 2911 1753 ergo
2944 1675 3250 1756 aperiendi

655 1779 1109 1859 claudendique
1139 1780 1297 1841 coeli
1329 1780 1465 1841 data
1497 1795 1762 1861 potestas
1794 1795 1900 1857 est,
1931 1780 2006 1841 de
2036 1795 2195 1842 terra
2214 1781 2481 1843 iudicare
2504 1800 2632 1843 non
2652 1781 2828 1842 licet?
2861 1783 3056 1843 Absit.
3088 1782 3253 1842 Num

654 1885 942 1964 retinetis,
977 1887 1150 1966 quod
1181 1886 1260 1948 ait
1292 1885 1676 1947 beatissimus
1707 1886 1938 1948 Paulus
1969 1889 2317 1968 apostolus:
2360 1889 2689 1962 «Nescitis,
2720 1891 2867 1970 quia
2886 1889 3136 1970 angelos
3155 1891 3249 1948 iu-

655 1993 1048 2055 dicabimus?
1078 2001 1302 2075 quanto
1334 1996 1532 2074 magis
1562 1994 1968 2055 saecularia.»
2006 1996 2229 2056 Beatus
2261 2015 2516 2075 quoque
2537 1994 2879 2076 Gregorius
2909 2016 3063 2077 papa
3085 2016 3251 2074 reges

653 2121 686 2160 a
718 2121 831 2162 sua
863 2100 1155 2180 dignitate
1189 2100 1402 2162 cadere
1433 2101 1657 2175 statuit,
1689 2100 1797 2180 qui
1818 2102 2188 2182 apostolicae
2209 2103 2371 2162 sedis
2392 2103 2628 2164 decreta
2651 2103 2877 2164 violare
2897 2121 3249 2184 praesump-

649 2210 857 2286 serint,
905 2212 1178 2272 scribens
1223 2209 1299 2270 ad
1332 2209 1650 2289 quendam
1684 2209 2046 2270 Senatorem
2078 2211 2361 2271 abbatem
2393 2210 2488 2270 his
2521 2210 2752 2270 verbis:
2810 2210 2920 2270 ‹Si
2946 2212 3086 2290 quis
3114 2229 3247 2269 vero

647 2337 858 2396 regum
891 2317 1274 2377 sacerdotum
1307 2317 1576 2377 iudicum
1608 2323 1790 2395 atque
1818 2315 2230 2376 saecularium
2250 2325 2660 2396 personarum
2692 2315 2850 2377 hanc
2869 2319 3247 2377 constitutio-

647 2427 746 2484 nis
790 2430 1038 2484 nostrae
1067 2426 1371 2504 paginam
1418 2443 1775 2501 agnoscens,
1825 2429 2041 2483 contra
2084 2443 2215 2482 eam
2249 2425 2453 2482 venire
2485 2426 2891 2503 temptaverit,
2921 2423 3246 2504 potestatis

646 2529 1014 2611 honorisque
1058 2532 1161 2590 sui
1198 2530 1501 2608 dignitate
1531 2536 1762 2602 careat,
1794 2548 2081 2608 reumque
2114 2549 2177 2588 se
2209 2528 2417 2588 divino
2449 2529 2679 2588 iudicio
2713 2532 2972 2589 existere
3003 2530 3077 2589 de
3092 2537 3243 2610 per-

629 2645 883 2719 petrata
934 2638 1261 2717 iniquitate
1311 2642 1681 2716 cognoscat‚·
1742 2643 1804 2695 et
1850 2637 1980 2694 nisi
2024 2656 2117 2706 ea,
2161 2656 2315 2716 quae
2361 2634 2441 2695 ab
2487 2635 2596 2695 illo
2641 2642 2787 2696 sunt
2829 2635 2988 2696 male
3017 2635 3244 2706 ablata,

641 2747 1009 2816 restituerit,
1039 2743 1139 2803 vel
1164 2744 1354 2823 digna
1379 2745 1662 2823 poeniten
1670 2745 1757 2804 tia
1790 2743 2013 2802 illicite
2044 2748 2181 2802 acta
2215 2742 2553 2819 defleverit,
2585 2766 2621 2803 a
2652 2745 3075 2803 sacratissimo
3106 2763 3242 2804 cor-

633 2861 787 2933 pore
824 2874 897 2912 ac
926 2853 1231 2930 sanguine
1262 2851 1500 2911 domini
1527 2851 1928 2929 redemptoris
1959 2851 2163 2909 nostri
2187 2848 2341 2917 Jesu
2375 2848 2627 2909 Christi
2655 2850 2893 2910 alienus
2904 2851 3043 2928 fiat
3069 2857 3244 2928 atque

642 2962 705 3019 in
758 2965 1001 3018 aeterno
1050 2958 1325 3017 examine
1370 2958 1691 3017 districtae
1735 2956 1963 3017 ultioni
2004 2955 2367 3017 subiaceat.»
2451 2954 2655 3035 (Greg.
2693 2955 2949 3035 Registr.
2990 2956 3058 3017 L.
3092 2954 3239 3016 VIII.

642 3085 735 3146 ep.
771 3065 847 3142 8.)

857 3171 1105 3247 Quodsi
1135 3174 1348 3231 beatus
1368 3169 1725 3250 GregoriuS,
1761 3170 1979 3232 doctor
2015 3169 2227 3249 utique
2262 3169 2638 3247 mitissimus,
2672 3190 2861 3248 reges,
2897 3171 3007 3250 qui
3025 3186 3239 3231 statuta

638 3300 750 3340 sua
795 3299 979 3360 super
1026 3297 1228 3341 unum
1259 3277 1723 3339 xenodochium
1757 3277 2073 3355 violarent,
2122 3296 2253 3338 non
2286 3277 2480 3337 modo
2513 3276 2743 3359 deponi
2776 3277 2884 3338 sed
2917 3278 3099 3338 etiam
3130 3297 3232 3338 ex-

639 3386 1087 3447 communicari
1122 3399 1304 3465 atque
1339 3384 1402 3445 in
1437 3400 1687 3445 aeterno
1720 3384 1996 3445 examine
2029 3384 2347 3465 dampnari
2380 3384 2662 3461 decrevit,
2694 3384 2835 3464 quis
2857 3404 2974 3445 nos
2997 3384 3238 3460 H(enri-

637 3494 821 3569 cum),
873 3514 1003 3555 non
1053 3492 1260 3554 solum
1308 3492 1793 3573 apostolicorum
1839 3491 2215 3553 iudiciorum
2260 3506 2751 3573 contemptorem
2800 3510 3015 3553 verum
3057 3493 3236 3552 etiam

636 3601 829 3681 ipsius
862 3600 1071 3660 matris
1103 3600 1411 3675 ecclesiae,
1446 3615 1754 3679 quantum
1789 3600 1854 3659 in
1884 3599 2020 3680 ipso
2053 3614 2160 3675 est,
2196 3599 2692 3660 conculcatorem
2727 3599 3042 3679 totiusque
3065 3598 3234 3678 regni

636 3724 695 3768 et
742 3707 1134 3769 ecclesiarum
1179 3706 1712 3787 improbissimum
1759 3705 2137 3786 praedonem
2185 3720 2243 3766 et
2289 3705 2742 3766 atrocissimum
2774 3706 3234 3780 destructorem,

636 3815 995 3896 deposuisse
1042 3829 1101 3874 et
1145 3814 1717 3876 excommunicasse
1762 3812 2185 3893 reprehendat,
2232 3812 2349 3873 nisi
2395 3812 2550 3873 forte
2584 3812 2798 3873 similis
2831 3811 3004 3874 eius?
3071 3813 3235 3874 Sicut

635 3924 812 3983 beato
860 3922 1038 3984 Petro
1088 3922 1348 3982 docente
1394 3921 1809 3998 cognovimus
1857 3920 1922 3980 in
1960 3918 2215 4000 epistola
2248 3920 2324 3979 de
2357 3919 2749 3980 ordinatione
2784 3919 3140 3994 Clementis,
3170 3918 3233 3979 in

634 4048 756 4109 qua
786 4028 871 4090 sic
903 4029 1013 4089 ait:
1057 4030 1166 4090 «Si
1193 4032 1331 4109 quis
1361 4032 1594 4090 amicus
1605 4031 1823 4107 fuerit
1852 4030 1956 4101 iis,
1992 4027 2211 4108 quibus
2245 4028 2374 4108 ipse
2410 4061 2496 4070 -
2536 4027 2612 4087 de
2652 4027 2874 4088 eodem
2912 4026 3231 4089 Clemente

633 4136 844 4196 dicens
874 4169 962 4178 —
1003 4156 1132 4196 non
1171 4136 1477 4216 loquitur,
1509 4157 1668 4197 unus
1698 4142 1792 4195 est
1819 4141 1881 4195 et
1909 4137 2040 4215 ipse
2072 4154 2142 4194 ex
2174 4134 2328 4207 illis,
2362 4137 2472 4214 qui
2487 4135 2897 4194 exterminare
2916 4133 3022 4194 dei
3038 4133 3228 4194 eccle-

628 4245 785 4304 siam
817 4243 1032 4303 volunt
1040 4267 1072 4317 ,·
1102 4249 1164 4302 et
1190 4263 1325 4303 eum
1358 4251 1609 4322 corpore
1640 4242 1951 4303 nobiscum
1984 4262 2113 4302 esse
2144 4241 2447 4315 videatur,
2480 4248 2675 4302 mente
2705 4246 2766 4300 et
2793 4242 2997 4300 animo
3019 4247 3228 4301 contra

630 4371 739 4411 nos
772 4357 886 4423 est,
919 4356 980 4409 et
1007 4355 1100 4410 est
1128 4350 1315 4410 multo
1348 4352 1605 4430 nequior
1633 4348 1826 4409 hostis
1860 4347 1984 4422 hic,
2017 4368 2196 4429 quam
2230 4347 2354 4422 illi,
2374 4348 2667 4428 quiforis
2685 4353 2830 4408 sunt
2846 4353 2906 4406 et
2922 4348 3228 4408 evidenter

630 4459 887 4518 inimici.
949 4457 1080 4518 Hic
1123 4459 1283 4518 enim
1313 4466 1436 4538 per
1479 4458 1898 4518 amicitiarum
1932 4457 2214 4537 speciem,
2246 4476 2400 4536 quae
2432 4457 2684 4515 inimica
2718 4461 2883 4528 sunt,
2906 4456 3085 4533 gerit
3092 4478 3127 4530 ,·
3172 4461 3230 4514 et

627 4566 946 4626 eeclesiam
980 4565 1285 4645 dispergit
1312 4586 1385 4625 ac
1415 4569 1666 4624 vastat.»
1706 4563 1868 4623 Nota
1888 4580 2055 4641 erge,
2087 4561 2413 4640 carissime,
2446 4561 2494 4622 si
2516 4580 2682 4640 eum,
2719 4560 2827 4641 qui
2847 4559 3111 4621 amicitia
3131 4559 3223 4621 vel

627 4671 944 4752 colloquio
975 4671 1065 4745 iis,
1097 4671 1326 4751 quibus
1359 4690 1512 4753 papa
1544 4690 1656 4751 pro
1688 4670 1921 4730 actibus
1953 4669 2079 4730 suis
2099 4688 2347 4730 aversus
2368 4683 2475 4746 est,
2510 4668 2791 4745 sociatur,
2821 4683 2946 4729 tam
2966 4668 3221 4748 graviter

625 4779 870 4858 iudicat,
918 4792 1148 4858 quanta
1193 4777 1370 4838 illum
1418 4778 1641 4859 ipsum,
1688 4777 1786 4838 cui
1832 4796 1945 4858 pro
1989 4776 2225 4837 actibus
2257 4775 2383 4836 suis
2416 4796 2665 4837 aversus
2697 4790 2804 4851 est,
2839 4774 3220 4836 animadver-

625 4887 801 4949 sione
833 4887 1144 4969 dampnat.
