3684 5416
401 1557 449 1589 to

400 2635 451 2666 20

1625 387 1973 444 Cardinales.
3009 392 3081 462 46
3098 410 3110 445 ι

498 573 747 633 missam
796 590 982 651 super
1026 571 1250 631 eodem
1298 571 1503 631 Altare
1537 570 1595 630 S.
1630 571 1788 632 Petri
1837 573 2158 648 celebrare,
2209 573 2420 634 Gloria
2469 574 2534 634 in
2567 571 2821 635 excelsis
2857 574 2993 636 Deo
3026 575 3117 636 di-

498 698 653 756 cere,
688 677 750 740 S.
784 678 1071 740 Chrisma
1103 677 1432 753 conficere,
1469 692 1527 738 et
1560 679 1733 758 quod
1759 679 1833 739 ad
1858 679 2237 760 Episcopum
2271 680 2555 762 pertinet,
2592 699 2769 760 agere
2803 683 3117 761 volumuS,

497 800 556 846 et
590 786 799 846 omnia
834 803 1003 846 anno
1038 785 1135 845 die
1174 785 1497 846 Parasceve
1543 803 1726 866 supra
1762 786 1968 866 ipsum
2001 786 2184 847 altare
2216 788 2420 848 maius
2452 789 2511 848 S.
2546 789 2704 849 Petri
2737 803 2945 849 totum
2979 789 3118 851 offi-

498 894 664 954 cium
712 907 1079 968 reverenter,
1131 906 1199 952 ut
1245 892 1422 952 decet
1469 911 1598 969 vos,
1646 907 2005 972 vestrosque
2051 913 2437 955 successores
2483 892 2678 954 facere
2709 896 3024 972 volumuS,
3057 897 3120 957 in

499 1001 726 1080 quibus
758 1000 953 1060 tribus
987 998 1213 1074 MissiS,
1247 997 1476 1058 scilicet
1507 998 1570 1058 in
1605 998 1792 1058 Missa
1827 999 2194 1078 palmarum,
2238 1019 2346 1062 seu
2382 1000 2447 1061 in
2483 1000 2667 1062 Missa
2699 1003 2951 1063 Coenae
2990 1003 3116 1063 Do·

500 1106 669 1179 mini,
705 1121 763 1166 et
793 1106 852 1166 in
890 1105 1103 1166 officio
1136 1107 1482 1181 Parasceve,
1519 1104 1818 1185 quicquid
1852 1106 1984 1166 auri
2020 1107 2112 1166 vel
2148 1108 2400 1185 argenti,
2435 1107 2619 1189 pallii,
2651 1127 2761 1168 seu
2797 1127 2987 1186 cerae,
3023 1109 3119 1169 vel

499 1213 752 1274 aliarum
796 1227 1001 1273 rerum
1035 1229 1224 1292 supra
1257 1211 1377 1290 jam
1411 1211 1578 1272 dicto
1611 1229 1785 1272 sacro
1808 1212 1997 1272 Altari
2032 1213 2092 1273 S.
2117 1213 2294 1288 Petri,
2325 1214 2451 1276 sive
2484 1214 2546 1274 in
2577 1214 2969 1276 confessione
3003 1235 3119 1296 po-

499 1319 705 1396 situm,
751 1333 856 1380 aut
904 1318 1186 1397 jactatum
1236 1317 1432 1396 fuerit,
1477 1319 1574 1379 vel
1621 1317 1796 1379 vobis
1841 1319 2141 1397 oblatum,
2177 1322 2251 1380 ab
2287 1321 2458 1398 hora,
2495 1341 2618 1402 qua
2653 1322 2786 1402 ipsa
2820 1322 3027 1400 Missa,
3062 1338 3123 1383 et

501 1427 778 1489 officium
828 1427 1117 1487 inchoata
1164 1425 1410 1502 fuerint,
1460 1441 1518 1487 et
1565 1428 1800 1508 expleta
1849 1447 1955 1508 per
1998 1443 2242 1489 nostros
2275 1429 2562 1491 custodes
2595 1429 2658 1490 in
2690 1443 2975 1501 vestram,
3012 1450 3115 1491 ve-

502 1551 814 1614 strorumq
824 1553 899 1594 ue
919 1551 1346 1594 successorum
1369 1532 1646 1595 similiter
1666 1549 1901 1595 remota
1923 1534 2094 1595 omni
2115 1536 2602 1596 contradictione
2623 1536 2910 1597 deveniat
2945 1551 3119 1618 pote-

501 1657 732 1714 statem,
762 1642 824 1701 in
861 1642 1089 1721 quibus
1122 1640 1403 1720 quinque
1438 1640 1656 1701 diebus
1689 1640 1739 1701 si
1771 1641 2323 1722 vobi5,vestrisque
2355 1644 2815 1704 successoribus
2849 1643 2997 1703 utile
3029 1644 3122 1703 vi·

504 1765 643 1809 sum
678 1748 859 1809 fuerit
891 1748 1164 1828 aliquem
1188 1748 1611 1808 Diaconorum
1645 1762 2002 1808 nostrorum
2037 1748 2375 1810 ministrare
2407 1752 2489 1811 ob
2525 1751 2833 1812 bonorem
2867 1750 2926 1810 S.
2962 1749 3121 1811 Petri

502 1873 762 1916 vestram
814 1855 1218 1916 reverentiam
1264 1855 1557 1915 volumus
1589 1869 1828 1935 petere3
1883 1869 2245 1935 potestatem
2279 1873 2486 1918 autem
2517 1856 2797 1935 ejusdem
2831 1856 3120 1918 ecclesiae

503 1963 562 2024 S.
596 1963 776 2038 Petri,
821 1977 881 2022 et
931 1961 1426 2043 supradictorum
1481 1978 1742 2021 suorum
1792 1963 2330 2036 monasteriorum,
2375 1978 2433 2024 et
2465 1979 2684 2024 cuncta
2717 1963 3120 2025 ecclesiastica

504 2068 724 2147 judicia
756 2069 1056 2149 ipsorum,
1088 2087 1198 2129 seu
1233 2068 1421 2129 totius
1453 2068 1705 2129 civitatis
1728 2068 2044 2128 Leoninae
2077 2068 2270 2145 vobis,
2305 2070 2639 2150 vestrisque
2659 2071 3124 2132 successoribus

503 2176 923 2253 concedimus,
971 2192 1029 2237 et
1074 2176 1551 2248 confirmamus3
1602 2176 1916 2256 similique
1963 2177 2156 2237 modo
2202 2177 2280 2236 ad
2313 2176 2767 2255 inungendum,
2804 2193 2862 2237 et
2896 2195 3119 2238 conse-

504 2285 802 2344 crandum
838 2285 1275 2364 Imperatorem
1309 2282 1581 2363 primum
1615 2296 1895 2358 vestram,
1927 2299 1985 2343 et
2016 2297 2364 2343 vestrorum
2396 2301 2829 2344 successorum
2865 2285 3122 2365 Episco-

504 2411 731 2473 porum
779 2391 1216 2452 fraternitatem
1262 2406 1702 2467 convocamus,
1770 2405 1836 2449 ut
1880 2389 2110 2469 quibus
2157 2389 2434 2467 regimen
2481 2390 2672 2451 totius
2718 2390 3008 2452 ecclesiae
3058 2391 3118 2452 S.

506 2499 682 2576 Petri,
717 2513 776 2559 et
808 2497 1082 2560 Civitatis
1119 2497 1435 2558 Leoninae
1469 2496 1874 2557 commissum
1908 2511 2014 2569 est,
2047 2499 2122 2556 ab
2157 2497 2252 2557 his
2286 2497 2555 2578 primum
2592 2497 2668 2557 sit
2700 2498 3119 2558 benedictum.

504 2606 635 2667 Nec
679 2624 806 2666 non
853 2621 1074 2667 cuncta
1122 2624 1289 2665 sacra
1336 2603 1559 2682 officia,
1592 2622 1700 2663 seu
1736 2603 2044 2685 mysteria,
2080 2622 2238 2683 quae
2275 2623 2390 2663 nos
2421 2619 2480 2664 et
2512 2621 2895 2665 successores
2928 2604 3121 2665 nostri

506 2714 697 2774 facere
729 2714 1052 2791 debemus,
1098 2712 1146 2775 si
1178 2711 1583 2792 aegritudine,
1629 2711 1725 2772 vel
1778 2710 1980 2791 aliqua
2014 2730 2160 2772 cura
2193 2711 2469 2793 impediti
2507 2711 2701 2772 facere
2737 2729 2866 2771 non
2900 2728 3124 2790 possu-

506 2838 665 2897 mus,
714 2837 837 2881 tam
886 2821 949 2881 in
996 2819 1346 2902 supradicta
1380 2818 1633 2880 ecclesia
1666 2819 1726 2880 S.
1761 2819 1938 2895 Petri,
1970 2835 2029 2880 et
2063 2819 2449 2879 monasteriis
2479 2817 2628 2892 suis,
2659 2836 2849 2897 quam
2888 2835 2995 2897 per
3026 2833 3123 2877 to-

422 2960 427 2965 ·
504 2945 628 2988 tam
679 2928 980 2989 civitatem
1028 2926 1372 2988 Leoninam
1424 2946 1531 3007 per
1577 2946 1690 2986 vos
1736 2942 2096 3007 vestrosque
2156 2943 2539 2987 successores
2587 2924 2717 2986 fieri
2766 2924 3125 3006 Apostolica

400 3168 450 3212 ²5

402 3710 457 3755 30

404 4243 455 4288 35

403 4777 459 4819 ⁴0

505 3036 865 3096 auctoritate
908 3034 1319 3095 decernimus,
1382 3032 1929 3094 Consecrationem
1978 3051 2125 3094 vero
2171 3033 2478 3094 Altarium
2526 3031 2817 3093 ecclesiae
2863 3029 2926 3092 S.
2969 3030 3124 3092 Petri

507 3157 567 3204 et
599 3144 861 3204 aliorum
893 3142 1435 3217 monasteriorum,
1484 3158 1599 3201 nec
1649 3157 1778 3202 non
1811 3141 2338 3202 consecrationem
2373 3139 2788 3216 ecclesiarum,
2822 3135 3129 3211 altarium,

508 3249 928 3325 Sacerdotum,
954 3248 1393 3326 Diaconorum,
1427 3265 1537 3309 seu
1564 3245 2057 3308 Diaconistarum
2090 3246 2279 3308 totius
2313 3245 2564 3307 civitatis
2591 3245 2902 3306 Leoninae
2925 3244 3118 3321 vobis,

506 3356 845 3436 vestrisque
892 3355 1351 3416 successoribus
1395 3353 1461 3414 in
1510 3368 1880 3434 perpetuum
1928 3354 2082 3414 sicut
2116 3354 2519 3433 praelibatum
2556 3369 2661 3428 est,
2694 3352 3131 3427 concedimuS,

509 3479 566 3524 et
611 3464 1074 3525 confirmamus,
1142 3461 1467 3541 Superque
1515 3460 1701 3520 etiam
1748 3460 2037 3520 ecclesiae
2085 3460 2191 3519 SS.
2230 3458 2512 3537 Rufinae,
2562 3471 2620 3516 et
2653 3457 2994 3531 Secundae,
3028 3455 3126 3515 cui

511 3573 646 3632 Deo
678 3586 929 3632 auctore
961 3568 1334 3651 praesidetis,
1370 3567 1567 3645 vobis,
1600 3554 1941 3646 vestrisque
1973 3566 2434 3626 successoribus
2469 3564 2532 3623 in
2568 3576 2939 3643 perpetuum
2974 3579 3128 3621 con-

510 3680 804 3756 cedimus,
850 3695 908 3740 et
939 3677 1383 3739 confirmamus
1417 3675 1601 3735 etiam
1635 3674 1952 3735 ecclesiam
1988 3674 2047 3733 S.
2083 3672 2415 3748 Adalberti,
2448 3685 2508 3730 et
2539 3668 2798 3744 Paulini,
2849 3685 2993 3729 cum
3028 3686 3126 3728 ec-

510 3786 688 3848 clesia
720 3787 781 3848 S.
816 3784 1147 3859 Benedicti,
1183 3798 1240 3844 et
1272 3782 1448 3842 omni
1483 3800 1592 3842 sua
1627 3781 1990 3861 integritate,
2026 3796 2084 3840 et
2118 3778 2522 3861 pertinentiis,
2547 3792 2606 3838 et
2628 3776 2784 3836 sicut
2805 3778 2877 3836 ad
2904 3794 3128 3836 manus

512 3911 738 3956 vestras
770 3894 955 3955 hodie
990 3891 1207 3952 tenetis
1238 3890 1433 3971 posita
1466 3888 1619 3949 infra
1653 3888 1809 3947 hanc
1841 3887 2145 3947 civitatem
2179 3886 2533 3946 Romanam
2567 3884 2630 3944 in
2663 3883 2864 3943 insula
2887 3882 3126 3962 Lycao—

513 4001 675 4077 onia,
712 4017 777 4061 ut
808 4000 882 4060 sit
915 3999 1110 4075 vobiS,
1148 3998 1481 4076 vestrisque
1514 3995 1976 4056 successoribus
2009 4012 2152 4054 cum
2188 3992 2506 4053 volueritis
2527 3990 2887 4071 Episcopale
2923 3987 3126 4048 domi-

512 4107 741 4181 cilium,
786 4123 843 4167 et
889 4124 1244 4183 congruum
1277 4102 1751 4184 receptaculum,
1805 4117 2362 4181 opportunumque
2415 4097 2854 4161 habitaculum.
2903 4112 3130 4173 quern-

512 4215 853 4276 admodum
888 4214 1173 4273 interesse
1206 4211 1443 4272 videtur
1476 4211 1882 4271 portuensem
1920 4208 2269 4285 Ecclesiam,
2305 4207 2363 4267 S.
2396 4206 2742 4266 Johannem
2776 4202 2934 4262 inter
2966 4201 3128 4261 duos

513 4323 758 4397 Pontes,
812 4323 1199 4402 presbyteros
1247 4339 1412 4397 vero,
1460 4333 1518 4378 et
1551 4314 1821 4392 clericos,
1857 4316 1966 4397 qui
2002 4331 2399 4395 protempore
2435 4313 2499 4373 in
2534 4312 2750 4374 eadem
2784 4308 3037 4370 ecclesia
3068 4306 3130 4367 S.

516 4429 846 4504 Adalberti,
885 4427 1141 4503 Paulini,
1179 4441 1236 4485 et
1260 4423 1571 4485 Benedicti
1607 4422 1851 4497 fuerint,
1884 4421 1962 4482 ita
1996 4420 2304 4481 subiectos
2339 4420 2516 4480 vobis
2550 4438 2678 4479 esse
2712 4418 3027 4493 volumuS‚
3063 4429 3134 4475 ut

514 4536 797 4617 proprios
831 4534 1008 4605 filios,
1046 4534 1331 4593 ecclesiae
1367 4546 1615 4608 vestrae,
1652 4545 1708 4589 et
1743 4532 1818 4589 ab
1853 4528 2023 4588 omni
2061 4526 2193 4604 jure
2226 4526 2364 4587 illos
2399 4526 2838 4602 subtrahimus,
2861 4540 2999 4584 tuae
3023 4541 3130 4602 pa·

514 4644 774 4704 ternitati
821 4659 1027 4703 tamen
1076 4660 1182 4701 eos
1228 4639 1702 4714 committenteS,
1758 4651 1822 4695 ut
1874 4635 2278 4697 solummodo
2312 4651 2582 4695 vestrum
2617 4632 2916 4709 judicium
2950 4649 3130 4709 expe-

515 4766 695 4821 ctent,
744 4765 946 4811 vestro
994 4747 1275 4808 dominio
1326 4744 1721 4820 famulentur,
1771 4758 1830 4802 et
1877 4761 1982 4822 per
2030 4741 2243 4803 omnia
2275 4741 2488 4803 vestris
2522 4740 2918 4800 rationalibus
2952 4738 3131 4797 obse-

514 4858 790 4920 cundent
823 4856 1143 4932 mandatis,
1182 4870 1250 4914 ut
1281 4852 1609 4933 quomodo
1642 4850 1818 4911 vobis
1852 4849 2048 4929 placet
2082 4870 2190 4910 eos
2225 4849 2536 4922 ordinare,
2569 4844 2918 4907 secundum
2943 4844 3134 4917 decet,

515 4985 746 5043 regere,
782 4964 1136 5039 informare,
1188 4980 1246 5024 et
1278 4961 1606 5025 emendare
1638 4975 1850 5021 nostra
1887 4956 2244 5040 Apostolica
2279 4955 2632 5017 auctoritate
2667 4954 2727 5013 in
2762 4966 3134 5033 perpetuum
