3684 5416
575 1665 625 1697 10

574 2199 620 2243 ¹5

572 3108 622 3151 25

576 3642 630 3686 30

575 4179 629 4224 35

697 331 793 404 196
1316 332 1573 387 Potestas
1613 330 1993 388 ecclesiastica
2033 343 2089 386 et
2127 330 2429 401 imperium
2468 330 2644 386 civile.

681 518 923 580 catione
970 531 1235 593 notatus,
1279 517 1620 579 satisfacere
1665 517 2104 598 contempserit
2149 514 2302 578 infra
2334 535 2592 592 annum,
2625 532 2851 579 extunc
2884 516 3019 598 ipso
3050 516 3182 577 iure
3210 515 3280 579 sit

684 626 878 686 factus
923 624 1167 686 infamis
1201 642 1325 685 *nec
1369 624 1446 685 ad
1497 624 1743 706 publica
1790 622 1993 686 officia
2026 643 2137 685 seu
2169 623 2425 687 consilia
2456 624 2553 685 vel
2585 624 2664 685 ad
2695 622 3015 704 eligendos
3046 622 3282 704 aliquos

680 731 757 793 ad
789 730 1152 796 huiusmodi
1185 750 1300 791 nec
1330 732 1406 792 ad
1438 730 1865 792 testimonium
1896 729 2266 793 admittatur.
2327 729 2417 792 Sit
2447 730 2632 792 etiam
2665 729 3043 806 intestabilis»,
3079 746 3145 791 ut
3176 747 3287 791 nec

678 838 1021 900 testamenti
1067 838 1323 900 liberam
1368 838 1587 899 habeat
1632 837 1962 900 factionem
2006 857 2119 900 nec
2162 838 2241 899 ad
2287 837 2672 901 haereditatis
2703 838 3158 901 successionem
3188 856 3282 899 ac-

677 946 865 1006 cedat.
932 946 1158 1016 Nullus
1205 960 1513 1027 praeterea
1545 945 1599 1006 ei
1633 964 1820 1027 super
1852 964 2258 1027 quocumque
2292 945 2562 1025 negotio,
2594 946 2701 1006 sed
2736 945 2865 1027 ipse
2896 945 2996 1005 alii
3031 963 3287 1025 respon-

675 1054 819 1114 dere
853 1069 1127 1133 cogatur.
1192 1053 1389 1129 Quod
1421 1052 1470 1112 si
1506 1052 1659 1113 forte
1691 1052 1879 1114 iudex
1906 1052 2213 1130 exstiterit,
2247 1052 2381 1114 eius
2413 1052 2708 1114 sententia
2745 1052 2980 1114 nullam
3013 1051 3284 1113 obtineat

676 1158 1045 1234 firmitatem,
1090 1179 1202 1220 nec
1248 1147 1428 1220 cause
1473 1158 1677 1240 alique
1710 1158 1785 1218 ad
1821 1158 1953 1219 eius
1985 1158 2366 1221 audientiam
2403 1159 2808 1240 perferantur.
2869 1158 2935 1220 Si
2970 1158 3149 1219 fuerit
3177 1158 3287 1218 ad·

675 1282 946 1342 vocatus,
990 1266 1125 1327 eius
1170 1267 1576 1348 patrocinium
1628 1266 1981 1328 nullatenus
2027 1268 2413 1337 admittatur:
2477 1268 2528 1330 si
2575 1268 2840 1346 tabellio,
2874 1269 3279 1329 instrumenta

677 1373 956 1436 confecta
989 1393 1095 1455 per
1128 1374 1334 1455 ipsum
1368 1374 1597 1436 nullius
1631 1374 1874 1455 penitus
1906 1375 2027 1436 sint
2060 1377 2386 1438 momenti.
2450 1375 2510 1456 [1.
2544 1397 2596 1438 c.
2631 1396 2769 1458 pag.
2814 1373 3194 1454 107—109.]

1399 1638 1492 1693 57.
1547 1636 1983 1693 Gnssuomus
2020 1639 2101 1694 X.
2142 1637 2575 1708 (len—1276).

1001 1804 1067 1856 a)
1118 1802 1473 1869 Engelbertus
1512 1800 1961 1871 Arclu'epr‘scopus
2002 1801 2331 1854 Coloniensis
2368 1803 2651 1870 Gregorio
2688 1802 2866 1872 Papae
2904 1803 2966 1855 X.

894 1926 921 1954 ‘
960 1928 1109 1981 Mon.
1134 1927 1488 1979 Germaniae.
1529 1926 1732 1994 Legum
1759 1926 1897 1978 Sect.
1926 1927 1993 1978 Il.
2023 1942 2075 1995 p.
2107 1942 2223 1997 393.
2278 1925 2323 1979 B
2344 1929 2380 1979 ὃ
2398 1925 2436 1980 h
2454 1943 2510 1979 m
2527 1941 2558 1981 e
2576 1943 2628 1989 r,
2666 1927 2904 1994 Regesta
2931 1927 3164 1997 Imperii.
3193 1924 3293 1979 vl.

681 2024 732 2076 p.
770 2023 830 2077 ¹9
858 2022 978 2078 seq.
1032 2003 1344 2060 Redlich
1396 2003 1454 2058 in
1493 2005 1913 2074 Mittlzeilungen
1951 2007 2045 2059 des
2085 2007 2334 2060 Instituts
2353 2007 2473 2076 fiir
2512 2011 2710 2059 5sterr.
2747 2006 3288 2076 Geschiclztsforsch.

680 2087 747 2139 T.
776 2086 844 2140 X.
873 2103 926 2156 p.
956 2104 1059 2158 340
1085 2102 1244 2156 seqq.
1300 2087 1652 2145 (ji-auert,
1694 2086 1911 2140 Ibidem.
1948 2086 2121 2140 Tom.
2162 2085 2283 2139 XV.
2326 2103 2381 2157 p.
2412 2104 2479 2157 59
2505 2102 2667 2157 seqq.
2732 2086 3101 2142 Zisterer.
3140 2087 3286 2139 Gre-

672 2184 785 2234 gor
810 2169 875 2220 X.
903 2169 1017 2220 und
1039 2167 1260 2236 Rudolt‘
1274 2182 1371 2218 von
1401 2166 1715 2234 Habsburg.
1754 2164 2032 2235 Freiburg
2060 2165 2091 2219 i.
2123 2167 2186 2219 B.
2224 2167 2369 2238 1891.
2414 2168 2532 2220 Wa
2553 2167 2568 2221 l
2587 2179 2726 2224 ter.
2767 2167 2954 2220 Polr'lrk
2990 2168 3091 2219 der
3127 2166 3289 2220 Curre

679 2253 839 2301 unter
876 2248 1106 2317 Gregor
1143 2248 1207 2301 X.
1248 2244 1436 2300 Berlin
1473 2244 1621 2315 1894.
1672 2244 1724 2300 O
1746 2257 1890 2306 tto,
1930 2247 2033 2299 Die
2070 2247 2443 2317 Beziehungen
2483 2246 2720 2316 Rudolfs
2757 2264 2855 2299 von
2891 2247 3185 2316 Hahsburg
3220 2264 3286 2316 {u

679 2329 850 2400 Papst
881 2328 1111 2397 Gregor
1152 2329 1214 2381 X.
1257 2326 1572 2381 lnnsbruck
1609 2324 1756 2396 1895.
1823 2326 2183 2388 Lindner‚
2223 2328 2496 2381 Deutsclte
2532 2327 2861 2381 Geschichte
2896 2330 2969 2380 im
3009 2329 3151 2382 XIII.
3179 2326 3292 2379 und

680 2410 820 2463 XIV.
859 2408 1255 2477 Jaltrhundert.
1299 2407 1486 2467 wien,
1539 2407 1687 2478 1863.
1747 2407 1920 2460 'l'om.
1961 2407 2030 2477 1.;
2098 2407 2437 2478 Strassburg
2475 2407 2620 2478 1890,
2661 2424 2713 2477 p.
2742 2426 2810 2475 24
2848 2425 3008 2479 seqq.
3060 2407 3288 2473 Idem,

678 2489 954 2542 Deutsclze
988 2488 1316 2543 Gesclu'chte
1354 2493 1514 2542 unter
1549 2490 1652 2540 den
1691 2488 2088 2558 Habsburgern
2127 2491 2242 2541 und
2275 2490 2716 2558 Luxenburgern.
2766 2488 3109 2556 Strassburg
3142 2486 3284 2557 1890-

678 2571 852 2625 Tom.
882 2569 917 2621 1.
960 2585 1011 2639 p.
1043 2586 1111 2637 24
1136 2585 1297 2638 seqq.
1365 2568 1865 2638 Engelmann‚
1904 2571 2023 2623 Der
2059 2569 2350 2640 Ansprucle
2388 2570 2487 2622 der
2526 2569 2719 2638 Pnpste
2755 2566 2870 2636 auf
2897 2569 3287 2637 confirmation

678 2651 794 2703 und
826 2652 1190 2722 Approbation
1243 2651 1326 2701 bei
1370 2650 1472 2701 den
1523 2649 1813 2702 deutschen
1882 2650 2308 2719 Kffmgrswahlcn.
2366 2657 2795 2724 (1077—1379.)
2858 2649 3093 2703 Breslau
3141 2644 3285 2700 1886.

680 2749 731 2801 p.
762 2749 827 2803 57
854 2749 1014 2802 seqq.
1067 2729 1409 2797 Redi-ich,
1449 2731 1667 2799 Rudolf
1693 2747 1790 2784 von
1831 2732 2143 2799 Habsburg.
2186 2730 2501 2784 lnnsbruck
2539 2749 2685 2803 ¹903·

893 2860 1294 2921 Sanctissimo
1327 2877 1436 2922 etc.
1471 2860 1926 2939 E(ngelbertus)
1960 2860 2455 2941 archiepiscopus
2490 2860 2901 2923 Coloniensis.

898 2967 1168 3028 Vacante
1221 2968 1532 3048 siquidem
1582 2968 1703 3028 iam
1751 2968 1987 3048 pridem
2034 2967 2316 3047 imperio,
2367 2988 2445 3028 ne
2490 2967 2574 3029 sic
2608 2968 2838 3030 diutius
2871 2968 3286 3028 aberraremus

679 3073 974 3154 acephali,
1026 3075 1191 3154 apud
1244 3075 1426 3135 talem
1486 3075 1694 3135 locum
1758 3072 1858 3152 [sc.
1892 3072 2387 3153 Francofurtum]
2445 3075 2540 3135 die
2590 3075 2664 3135 ad
2713 3074 2835 3136 hoc
2881 3074 2955 3133 ab
3003 3071 3290 3133 omnibus

681 3181 908 3242 indicta
941 3196 999 3241 et
1028 3198 1331 3263 acceptata
1364 3181 1749 3243 concorditer
1776 3182 1851 3242 ad
1875 3182 2330 3263 providendum
2351 3183 2551 3243 eidem
2576 3181 2836 3263 imperio
2857 3178 3299 3241 convenientes

683 3288 748 3349 in
784 3308 1007 3367 unum,
1039 3288 1287 3350 tandem
1322 3304 1459 3369 post
1492 3287 1949 3368 aliquantulum
1981 3290 2056 3348 de
2091 3288 2277 3350 futuri
2301 3288 2460 3368 regis
2481 3288 2950 3350 substitutiones
2970 3302 3286 3348 tractatum

683 3397 746 3457 iu
795 3396 1069 3458 inclitum
1117 3395 1318 3457 virum
1351 3395 1680 3457 dominum
1718 3395 2129 3475 Rudolphum
2165 3396 2451 3458 comitem
2486 3397 2561 3456 de
2596 3397 2981 3474 Havesburg,
3015 3394 3289 3455 invocata

684 3503 967 3584 primitus
1012 3503 1258 3585 spiritus
1306 3502 1498 3564 sancti
1532 3502 1740 3581 gratia,
1781 3521 1927 3562 cum
1960 3502 2427 3564 solennitatibus
2459 3504 2676 3564 debitis
2709 3520 2767 3565 et
2799 3500 3133 3577 consuetis,
3166 3517 3289 3559 ser-

683 3628 821 3672 vato
868 3612 929 3671 in
977 3610 1272 3671 omnibus
1319 3610 1513 3670 modo
1560 3624 1617 3669 et
1650 3608 1867 3669 ordine
1900 3627 2182 3688 congruo
2215 3625 2511 3689 tanquam
2548 3610 2609 3671 in
2645 3609 2837 3690 magis
2868 3609 3087 3670 utilem
3119 3606 3193 3666 ad
3228 3605 3289 3665 id

683 3736 741 3780 et
772 3718 968 3800 magis
999 3719 1321 3795 idoneum,
1370 3737 1559 3798 quem
1593 3717 2025 3795 cognovimus,
2074 3719 2280 3779 habito
2313 3720 2386 3778 ad
2422 3720 2609 3780 deum
2646 3718 2971 3801 praecipue
3005 3732 3062 3776 et
3094 3715 3168 3775 ad
3205 3711 3286 3773 rei

685 3826 968 3907 publicae
1001 3844 1249 3886 causam
1282 3841 1582 3905 respectu,
1631 3824 1945 3906 potissime
1979 3824 2054 3885 de
2088 3826 2409 3885 communi
2443 3844 2773 3901 consensu,
2822 3843 3042 3885 omnes
3074 3838 3132 3883 et
3163 3821 3291 3880 sin-

685 3932 815 4014 guli
848 3931 1066 3993 oculos
1100 3947 1346 3994 nostros
1378 3931 1718 4008 iniecimus,
1754 3951 1896 3992 eum
1924 3932 1985 3992 in
2006 3951 2213 4012 regem
2238 3933 2694 4009 Romanorum,
2726 3945 3160 4013 tmperatorem
3196 3927 3289 3987 fu-

685 4058 917 4118 turum,
954 4060 1078 4101 una
1111 4058 1259 4100 voce
1294 4055 1563 4118 votoque
1599 4039 1879 4099 unanimi
1915 4055 2128 4100 autore
2151 4039 2468 4115 altissimo,
2493 4041 2801 4119 eligentes,
2836 4039 3016 4113 Quae
3037 4036 3288 4118 quidem

690 4149 986 4210 electione
1020 4145 1335 4221 canonice,
1367 4145 1494 4206 imo
1529 4145 1818 4206 divinitus
1852 4147 2066 4227 procul
2100 4146 2294 4208 dubio
2327 4148 2642 4223 celebrata,
2690 4147 2959 4208 eundem
2991 4164 3135 4206 cum
3168 4142 3295 4203 ine·

688 4253 1003 4314 narrabilis
1036 4251 1445 4312 immensitate
1480 4249 1749 4331 tripudii,
1794 4252 2084 4313 omnium
2121 4253 2530 4333 applaudente
2567 4268 2799 4313 caterva
2821 4250 3128 4312 nobilium
3149 4266 3291 4308 nec-

688 4381 820 4422 non
853 4359 1069 4441 populi
1102 4359 1386 4419 comitiva
1418 4359 1679 4419 laetante
1711 4379 1780 4419 ac
1813 4360 1878 4421 in
1911 4380 2213 4441 supernae
2235 4360 2433 4421 laudis
2455 4360 2761 4421 canticum
2781 4356 3288 4441 gratulabundius

689 4485 1055 4548 exsurgente
1102 4469 1267 4548 apud
1302 4467 1789 4548 Aquisgranum‚
1839 4484 2051 4550 utpote
2098 4471 2308 4531 sedem
2343 4490 2500 4551 quae
2535 4470 2807 4551 primum
2840 4465 3292 4531 sublimationis

691 4593 749 4639 et
781 4576 1010 4659 gloriae
1045 4575 1243 4655 regiae
1273 4576 1535 4655 gradum
1571 4578 1761 4656 ponit,
1795 4577 2119 4657 magnifice
2153 4578 2479 4651 duximus3
2517 4578 2621 4638 ubi
2656 4578 2719 4638 in
2741 4578 2839 4638 die
2867 4576 3291 4658 apostolorum

581 4713 639 4753 40
689 4706 722 4745 a
770 4683 966 4759 nobis,
998 4682 1363 4744 Coloniensi
1409 4683 1724 4765 episcop0,
1773 4684 1903 4744 cuis
1951 4685 2195 4746 interest
2242 4686 2492 4766 regibus
2524 4687 2599 4745 ab
2632 4684 2891 4766 antiquo
2923 4682 3290 4746 beneficium

694 4790 1168 4854 consecrationis
1201 4790 1577 4871 impendere,
1611 4791 1722 4853 fuit
1753 4792 1814 4852 in
1847 4792 1989 4853 sede
2024 4791 2333 4872 magnifici
2366 4791 2572 4854 Caroli
2605 4809 2936 4853 coronatus
2967 4808 3024 4853 et
3057 4788 3299 4852 unctio-

696 4902 789 4963 nis
822 4899 1232 4961 sanctissimae
1264 4899 1408 4959 oleo
1441 4899 1769 4961 delibutus.
