<?xml version="1.0" encoding="UTF-8"?>
<!DOCTYPE html PUBLIC "-//W3C//DTD XHTML 1.0 Transitional//EN"
    "http://www.w3.org/TR/xhtml1/DTD/xhtml1-transitional.dtd">
<html xmlns="http://www.w3.org/1999/xhtml" xml:lang="en" lang="en">
 <head>
  <title>
</title>
<meta http-equiv="Content-Type" content="text/html;charset=utf-8" />
  <meta name='ocr-system' content='tesseract 3.04.00' />
  <meta name='ocr-capabilities' content='ocr_page ocr_carea ocr_par ocr_line ocrx_word'/>
</head>
<body>
  <div class='ocr_page' id='page_1' title='image "./fontesiuriscano00unkngoog/fontesiuriscano00unkngoog_0484.png"; bbox 0 0 3684 5416; ppageno 0'>
   <div class='ocr_carea' id='block_1_1' title="bbox 512 1510 560 1543">
    <p class='ocr_par' dir='ltr' id='par_1_1' title="bbox 512 1510 560 1543">
     <span class='ocr_line' id='line_1_1' title="bbox 512 1510 560 1543; baseline -0.021 0"><span class='ocrx_word' id='word_1_1' title='bbox 512 1510 560 1543; x_wconf 81' lang='lat' dir='ltr'>to</span> 
     </span>
    </p>
   </div>
   <div class='ocr_carea' id='block_1_2' title="bbox 514 2044 557 2089">
    <p class='ocr_par' dir='ltr' id='par_1_2' title="bbox 514 2044 557 2089">
     <span class='ocr_line' id='line_1_2' title="bbox 514 2044 557 2089; baseline 0 0"><span class='ocrx_word' id='word_1_2' title='bbox 514 2044 557 2089; x_wconf 67' lang='grc' dir='ltr'>ιε</span> 
     </span>
    </p>
   </div>
   <div class='ocr_carea' id='block_1_3' title="bbox 512 2578 564 2611">
    <p class='ocr_par' dir='ltr' id='par_1_3' title="bbox 512 2578 564 2611">
     <span class='ocr_line' id='line_1_3' title="bbox 512 2578 564 2611; baseline 0.019 -1"><span class='ocrx_word' id='word_1_3' title='bbox 512 2578 564 2611; x_wconf 83' lang='lat'>20</span> 
     </span>
    </p>
   </div>
   <div class='ocr_carea' id='block_1_4' title="bbox 512 3117 563 3161">
    <p class='ocr_par' dir='ltr' id='par_1_4' title="bbox 512 3117 563 3161">
     <span class='ocr_line' id='line_1_4' title="bbox 512 3117 563 3161; baseline 0 0"><span class='ocrx_word' id='word_1_4' title='bbox 512 3117 563 3161; x_wconf 77' lang='lat'>²5</span> 
     </span>
    </p>
   </div>
   <div class='ocr_carea' id='block_1_5' title="bbox 513 3652 566 3695">
    <p class='ocr_par' dir='ltr' id='par_1_5' title="bbox 513 3652 566 3695">
     <span class='ocr_line' id='line_1_5' title="bbox 513 3652 566 3695; baseline 0 -9"><span class='ocrx_word' id='word_1_5' title='bbox 513 3652 566 3695; x_wconf 76' lang='lat'>‘30</span> 
     </span>
    </p>
   </div>
   <div class='ocr_carea' id='block_1_6' title="bbox 515 4188 565 4232">
    <p class='ocr_par' dir='ltr' id='par_1_6' title="bbox 515 4188 565 4232">
     <span class='ocr_line' id='line_1_6' title="bbox 515 4188 565 4232; baseline 0 0"><span class='ocrx_word' id='word_1_6' title='bbox 515 4188 565 4232; x_wconf 72' lang='lat'>35</span> 
     </span>
    </p>
   </div>
   <div class='ocr_carea' id='block_1_7' title="bbox 609 335 2233 408">
    <p class='ocr_par' dir='ltr' id='par_1_7' title="bbox 609 335 2233 408">
     <span class='ocr_line' id='line_1_7' title="bbox 609 335 2233 408; baseline -0.002 -16"><span class='ocrx_word' id='word_1_7' title='bbox 609 338 721 408; x_wconf 84' lang='lat'>448</span> <span class='ocrx_word' id='word_1_8' title='bbox 1630 335 1899 391; x_wconf 81' lang='lat' dir='ltr'>Pontifex</span> <span class='ocrx_word' id='word_1_9' title='bbox 1937 353 2068 391; x_wconf 92' lang='lat' dir='ltr'>rom</span> <span class='ocrx_word' id='word_1_10' title='bbox 2108 354 2233 392; x_wconf 88' lang='lat' dir='ltr'>nus.</span> 
     </span>
    </p>
   </div>
   <div class='ocr_carea' id='block_1_8' title="bbox 609 519 3239 4237">
    <p class='ocr_par' dir='ltr' id='par_1_8' title="bbox 609 519 3239 3704">
     <span class='ocr_line' id='line_1_8' title="bbox 612 519 3225 603; baseline -0.002 -19"><span class='ocrx_word' id='word_1_11' title='bbox 612 542 734 603; x_wconf 89' lang='lat' dir='ltr'>que</span> <span class='ocrx_word' id='word_1_12' title='bbox 767 521 946 601; x_wconf 84' lang='lat' dir='ltr'>burgi</span> <span class='ocrx_word' id='word_1_13' title='bbox 976 541 1088 585; x_wconf 89' lang='lat' dir='ltr'>seu</span> <span class='ocrx_word' id='word_1_14' title='bbox 1122 521 1370 583; x_wconf 88' lang='lat' dir='ltr'>civitatis</span> <span class='ocrx_word' id='word_1_15' title='bbox 1390 521 1719 599; x_wconf 87' lang='lat' dir='ltr'>Leoninae,</span> <span class='ocrx_word' id='word_1_16' title='bbox 1753 540 1897 583; x_wconf 90' lang='lat' dir='ltr'>cum</span> <span class='ocrx_word' id='word_1_17' title='bbox 1931 520 2211 583; x_wconf 91' lang='lat' dir='ltr'>eiusdem</span> <span class='ocrx_word' id='word_1_18' title='bbox 2245 520 2436 580; x_wconf 86' lang='lat' dir='ltr'>officii</span> <span class='ocrx_word' id='word_1_19' title='bbox 2470 520 2669 597; x_wconf 88' lang='lat' dir='ltr'>titu10,</span> <span class='ocrx_word' id='word_1_20' title='bbox 2694 519 3225 597; x_wconf 82' lang='lat' dir='ltr'>denominatione,</span> 
     </span>
     <span class='ocr_line' id='line_1_9' title="bbox 612 626 3230 708; baseline -0.001 -19"><span class='ocrx_word' id='word_1_21' title='bbox 612 629 869 689; x_wconf 84' lang='lat' dir='ltr'>essentia</span> <span class='ocrx_word' id='word_1_22' title='bbox 915 646 986 689; x_wconf 91' lang='lat' dir='ltr'>ac</span> <span class='ocrx_word' id='word_1_23' title='bbox 1031 627 1285 702; x_wconf 82' lang='lat' dir='ltr'>iuribus,</span> <span class='ocrx_word' id='word_1_24' title='bbox 1332 627 1681 708; x_wconf 86' lang='lat' dir='ltr'>privilegiis,</span> <span class='ocrx_word' id='word_1_25' title='bbox 1730 628 2134 705; x_wconf 90' lang='lat' dir='ltr'>facultatibus,</span> <span class='ocrx_word' id='word_1_26' title='bbox 2183 626 2624 704; x_wconf 83' lang='lat' dir='ltr'>iurisdictione,</span> <span class='ocrx_word' id='word_1_27' title='bbox 2673 626 2995 708; x_wconf 89' lang='lat' dir='ltr'>stipendiis</span> <span class='ocrx_word' id='word_1_28' title='bbox 3028 626 3230 687; x_wconf 86' lang='lat' dir='ltr'>hono-</span> 
     </span>
     <span class='ocr_line' id='line_1_10' title="bbox 611 733 3228 816; baseline -0.001 -21"><span class='ocrx_word' id='word_1_29' title='bbox 611 735 903 815; x_wconf 83' lang='lat' dir='ltr'>n&#39;busque</span> <span class='ocrx_word' id='word_1_30' title='bbox 954 748 1013 795; x_wconf 93' lang='lat' dir='ltr'>et</span> <span class='ocrx_word' id='word_1_31' title='bbox 1058 734 1351 796; x_wconf 90' lang='lat' dir='ltr'>oneribus</span> <span class='ocrx_word' id='word_1_32' title='bbox 1404 735 1708 797; x_wconf 86' lang='lat' dir='ltr'>universis</span> <span class='ocrx_word' id='word_1_33' title='bbox 1761 735 1816 796; x_wconf 86' lang='lat' dir='ltr'>ei</span> <span class='ocrx_word' id='word_1_34' title='bbox 1864 736 2139 813; x_wconf 77' lang='lat' dir='ltr'>annexiS,</span> <span class='ocrx_word' id='word_1_35' title='bbox 2205 735 2482 816; x_wconf 89' lang='lat' dir='ltr'>ipsarum</span> <span class='ocrx_word' id='word_1_36' title='bbox 2527 749 2744 796; x_wconf 89' lang='lat' dir='ltr'>tenore</span> <span class='ocrx_word' id='word_1_37' title='bbox 2794 733 3228 815; x_wconf 87' lang='lat' dir='ltr'>praesentium,</span> 
     </span>
     <span class='ocr_line' id='line_1_11' title="bbox 611 840 3231 925; baseline -0.001 -23"><span class='ocrx_word' id='word_1_38' title='bbox 611 858 913 925; x_wconf 87' lang='lat' dir='ltr'>perpetuo</span> <span class='ocrx_word' id='word_1_39' title='bbox 958 843 1425 924; x_wconf 81' lang='lat' dir='ltr'>supprimimus,</span> <span class='ocrx_word' id='word_1_40' title='bbox 1474 842 1753 905; x_wconf 89' lang='lat' dir='ltr'>tollimus</span> <span class='ocrx_word' id='word_1_41' title='bbox 1786 843 2206 922; x_wconf 84' lang='lat' dir='ltr'>extinguimus</span> <span class='ocrx_word' id='word_1_42' title='bbox 2240 858 2297 902; x_wconf 90' lang='lat' dir='ltr'>et</span> <span class='ocrx_word' id='word_1_43' title='bbox 2329 840 2670 917; x_wconf 84' lang='lat' dir='ltr'>abolemus,</span> <span class='ocrx_word' id='word_1_44' title='bbox 2706 859 2775 900; x_wconf 91' lang='lat' dir='ltr'>ac</span> <span class='ocrx_word' id='word_1_45' title='bbox 2806 859 3231 922; x_wconf 87' lang='lat' dir='ltr'>suppressum,</span> 
     </span>
     <span class='ocr_line' id='line_1_12' title="bbox 609 946 3227 1032; baseline -0.001 -22"><span class='ocrx_word' id='word_1_46' title='bbox 609 950 945 1024; x_wconf 85' lang='lat' dir='ltr'>sublatum,</span> <span class='ocrx_word' id='word_1_47' title='bbox 979 951 1315 1012; x_wconf 88' lang='lat' dir='ltr'>extinctum</span> <span class='ocrx_word' id='word_1_48' title='bbox 1351 965 1410 1011; x_wconf 92' lang='lat' dir='ltr'>et</span> <span class='ocrx_word' id='word_1_49' title='bbox 1441 950 1741 1012; x_wconf 89' lang='lat' dir='ltr'>abolitum</span> <span class='ocrx_word' id='word_1_50' title='bbox 1775 970 1906 1011; x_wconf 87' lang='lat' dir='ltr'>esse</span> <span class='ocrx_word' id='word_1_51' title='bbox 1939 965 1997 1011; x_wconf 89' lang='lat' dir='ltr'>et</span> <span class='ocrx_word' id='word_1_52' title='bbox 2029 964 2328 1032; x_wconf 88' lang='lat' dir='ltr'>perpetuo</span> <span class='ocrx_word' id='word_1_53' title='bbox 2361 947 2511 1026; x_wconf 86' lang='lat' dir='ltr'>fore,</span> <span class='ocrx_word' id='word_1_54' title='bbox 2546 948 2948 1009; x_wconf 84' lang='lat' dir='ltr'>declaramus.</span> <span class='ocrx_word' id='word_1_55' title='bbox 2982 946 3227 1008; x_wconf 89' lang='lat' dir='ltr'>Guber-</span> 
     </span>
     <span class='ocr_line' id='line_1_13' title="bbox 613 1053 3233 1138; baseline -0.002 -20"><span class='ocrx_word' id='word_1_56' title='bbox 613 1058 789 1119; x_wconf 91' lang='lat' dir='ltr'>nium</span> <span class='ocrx_word' id='word_1_57' title='bbox 841 1076 989 1117; x_wconf 85' lang='lat' dir='ltr'>vero</span> <span class='ocrx_word' id='word_1_58' title='bbox 1039 1056 1182 1117; x_wconf 91' lang='lat' dir='ltr'>dicti</span> <span class='ocrx_word' id='word_1_59' title='bbox 1229 1056 1408 1138; x_wconf 84' lang='lat' dir='ltr'>burgi</span> <span class='ocrx_word' id='word_1_60' title='bbox 1456 1076 1567 1118; x_wconf 90' lang='lat' dir='ltr'>seu</span> <span class='ocrx_word' id='word_1_61' title='bbox 1612 1056 1868 1117; x_wconf 84' lang='lat' dir='ltr'>civitatis</span> <span class='ocrx_word' id='word_1_62' title='bbox 1903 1057 2218 1118; x_wconf 89' lang='lat' dir='ltr'>Leoninae</span> <span class='ocrx_word' id='word_1_63' title='bbox 2264 1070 2542 1136; x_wconf 90' lang='lat' dir='ltr'>tempore</span> <span class='ocrx_word' id='word_1_64' title='bbox 2590 1053 2766 1115; x_wconf 90' lang='lat' dir='ltr'>Sedis</span> <span class='ocrx_word' id='word_1_65' title='bbox 2812 1053 3078 1114; x_wconf 86' lang='lat' dir='ltr'>vacantis</span> <span class='ocrx_word' id='word_1_66' title='bbox 3126 1072 3233 1133; x_wconf 91' lang='lat' dir='ltr'>per</span> 
     </span>
     <span class='ocr_line' id='line_1_14' title="bbox 610 1159 3229 1244; baseline -0.002 -19"><span class='ocrx_word' id='word_1_67' title='bbox 610 1164 807 1225; x_wconf 90' lang='lat' dir='ltr'>almae</span> <span class='ocrx_word' id='word_1_68' title='bbox 842 1163 1026 1226; x_wconf 86' lang='lat' dir='ltr'>Urbis</span> <span class='ocrx_word' id='word_1_69' title='bbox 1077 1165 1555 1244; x_wconf 86' lang='lat' dir='ltr'>gubernatorem</span> <span class='ocrx_word' id='word_1_70' title='bbox 1606 1162 1669 1223; x_wconf 91' lang='lat' dir='ltr'>in</span> <span class='ocrx_word' id='word_1_71' title='bbox 1722 1161 2004 1224; x_wconf 88' lang='lat' dir='ltr'>futurum</span> <span class='ocrx_word' id='word_1_72' title='bbox 2055 1161 2464 1223; x_wconf 89' lang='lat' dir='ltr'>administrari</span> <span class='ocrx_word' id='word_1_73' title='bbox 2512 1176 2570 1222; x_wconf 89' lang='lat' dir='ltr'>et</span> <span class='ocrx_word' id='word_1_74' title='bbox 2618 1159 2884 1222; x_wconf 84' lang='lat' dir='ltr'>exerceri</span> <span class='ocrx_word' id='word_1_75' title='bbox 2916 1160 3229 1221; x_wconf 81' lang='lat' dir='ltr'>sancimus</span> 
     </span>
     <span class='ocr_line' id='line_1_15' title="bbox 612 1265 3230 1351; baseline -0.002 -19"><span class='ocrx_word' id='word_1_76' title='bbox 612 1270 844 1332; x_wconf 89' lang='lat' dir='ltr'>eisdem</span> <span class='ocrx_word' id='word_1_77' title='bbox 890 1288 1143 1351; x_wconf 88' lang='lat' dir='ltr'>prorsus</span> <span class='ocrx_word' id='word_1_78' title='bbox 1188 1270 1382 1330; x_wconf 90' lang='lat' dir='ltr'>modo</span> <span class='ocrx_word' id='word_1_79' title='bbox 1428 1286 1486 1330; x_wconf 91' lang='lat' dir='ltr'>et</span> <span class='ocrx_word' id='word_1_80' title='bbox 1531 1268 1751 1347; x_wconf 88' lang='lat' dir='ltr'>forma,</span> <span class='ocrx_word' id='word_1_81' title='bbox 1787 1268 2015 1348; x_wconf 90' lang='lat' dir='ltr'>quibus</span> <span class='ocrx_word' id='word_1_82' title='bbox 2048 1288 2157 1349; x_wconf 92' lang='lat' dir='ltr'>per</span> <span class='ocrx_word' id='word_1_83' title='bbox 2189 1288 2334 1329; x_wconf 89' lang='lat' dir='ltr'>eum</span> <span class='ocrx_word' id='word_1_84' title='bbox 2369 1268 2608 1329; x_wconf 84' lang='lat' dir='ltr'>vivente</span> <span class='ocrx_word' id='word_1_85' title='bbox 2644 1265 2939 1328; x_wconf 86' lang='lat' dir='ltr'>Pontifice</span> <span class='ocrx_word' id='word_1_86' title='bbox 2972 1265 3230 1326; x_wconf 91' lang='lat' dir='ltr'>admini-</span> 
     </span>
     <span class='ocr_line' id='line_1_16' title="bbox 613 1371 3230 1451; baseline -0.002 -13"><span class='ocrx_word' id='word_1_87' title='bbox 613 1393 837 1438; x_wconf 84' lang='lat' dir='ltr'>stratur</span> <span class='ocrx_word' id='word_1_88' title='bbox 867 1392 926 1438; x_wconf 90' lang='lat' dir='ltr'>et</span> <span class='ocrx_word' id='word_1_89' title='bbox 958 1393 1290 1438; x_wconf 85' lang='lat' dir='ltr'>exercetur.</span> <span class='ocrx_word' id='word_1_90' title='bbox 1323 1375 1717 1437; x_wconf 87' lang='lat' dir='ltr'>Gubernium</span> <span class='ocrx_word' id='word_1_91' title='bbox 1750 1391 1957 1437; x_wconf 90' lang='lat' dir='ltr'>autem</span> <span class='ocrx_word' id='word_1_92' title='bbox 1993 1375 2322 1451; x_wconf 89' lang='lat' dir='ltr'>conclavis,</span> <span class='ocrx_word' id='word_1_93' title='bbox 2345 1394 2470 1435; x_wconf 90' lang='lat' dir='ltr'>una</span> <span class='ocrx_word' id='word_1_94' title='bbox 2491 1393 2636 1434; x_wconf 91' lang='lat' dir='ltr'>cum</span> <span class='ocrx_word' id='word_1_95' title='bbox 2669 1374 2923 1435; x_wconf 85' lang='lat' dir='ltr'>cohorte</span> <span class='ocrx_word' id='word_1_96' title='bbox 2944 1371 3230 1450; x_wconf 88' lang='lat' dir='ltr'>rnilitum,</span> 
     </span>
     <span class='ocr_line' id='line_1_17' title="bbox 613 1480 3233 1566; baseline -0.002 -22"><span class='ocrx_word' id='word_1_97' title='bbox 613 1484 964 1566; x_wconf 88' lang='lat' dir='ltr'>sumptibus</span> <span class='ocrx_word' id='word_1_98' title='bbox 998 1483 1295 1544; x_wconf 85' lang='lat' dir='ltr'>Camerae</span> <span class='ocrx_word' id='word_1_99' title='bbox 1328 1482 1721 1562; x_wconf 87' lang='lat' dir='ltr'>Apostolicae</span> <span class='ocrx_word' id='word_1_100' title='bbox 1769 1482 2004 1559; x_wconf 88' lang='lat' dir='ltr'>alenda,</span> <span class='ocrx_word' id='word_1_101' title='bbox 2053 1501 2241 1562; x_wconf 87' lang='lat' dir='ltr'>quam</span> <span class='ocrx_word' id='word_1_102' title='bbox 2290 1481 2482 1563; x_wconf 85' lang='lat' dir='ltr'>ipsius</span> <span class='ocrx_word' id='word_1_103' title='bbox 2517 1480 2825 1542; x_wconf 89' lang='lat' dir='ltr'>conclavis</span> <span class='ocrx_word' id='word_1_104' title='bbox 2855 1482 3233 1559; x_wconf 88' lang='lat' dir='ltr'>gubernator</span> 
     </span>
     <span class='ocr_line' id='line_1_18' title="bbox 616 1585 3229 1671; baseline -0.002 -20"><span class='ocrx_word' id='word_1_105' title='bbox 616 1591 837 1652; x_wconf 85' lang='lat' dir='ltr'>habere</span> <span class='ocrx_word' id='word_1_106' title='bbox 870 1606 1291 1669; x_wconf 88' lang='lat' dir='ltr'>consueverat,</span> <span class='ocrx_word' id='word_1_107' title='bbox 1327 1589 1664 1671; x_wconf 89' lang='lat' dir='ltr'>ceterisque</span> <span class='ocrx_word' id='word_1_108' title='bbox 1697 1589 1954 1668; x_wconf 90' lang='lat' dir='ltr'>iuribus,</span> <span class='ocrx_word' id='word_1_109' title='bbox 1989 1588 2335 1671; x_wconf 85' lang='lat' dir='ltr'>privilegiis,</span> <span class='ocrx_word' id='word_1_110' title='bbox 2359 1587 2763 1665; x_wconf 90' lang='lat' dir='ltr'>facultatibus,</span> <span class='ocrx_word' id='word_1_111' title='bbox 2787 1585 3229 1663; x_wconf 89' lang='lat' dir='ltr'>iurisdictione,</span> 
     </span>
     <span class='ocr_line' id='line_1_19' title="bbox 615 1692 3233 1778; baseline -0.002 -20"><span class='ocrx_word' id='word_1_112' title='bbox 615 1697 761 1773; x_wconf 91' lang='lat' dir='ltr'>(non</span> <span class='ocrx_word' id='word_1_113' title='bbox 794 1712 1001 1758; x_wconf 90' lang='lat' dir='ltr'>tamen</span> <span class='ocrx_word' id='word_1_114' title='bbox 1034 1697 1099 1758; x_wconf 89' lang='lat' dir='ltr'>in</span> <span class='ocrx_word' id='word_1_115' title='bbox 1134 1714 1395 1778; x_wconf 89' lang='lat' dir='ltr'>utroque</span> <span class='ocrx_word' id='word_1_116' title='bbox 1430 1698 1629 1776; x_wconf 89' lang='lat' dir='ltr'>burgo</span> <span class='ocrx_word' id='word_1_117' title='bbox 1663 1716 1771 1758; x_wconf 90' lang='lat' dir='ltr'>seu</span> <span class='ocrx_word' id='word_1_118' title='bbox 1805 1695 2040 1757; x_wconf 88' lang='lat' dir='ltr'>civitate</span> <span class='ocrx_word' id='word_1_119' title='bbox 2063 1696 2341 1757; x_wconf 87' lang='lat' dir='ltr'>Leonina</span> <span class='ocrx_word' id='word_1_120' title='bbox 2377 1695 2760 1772; x_wconf 90' lang='lat' dir='ltr'>huiusmodi)</span> <span class='ocrx_word' id='word_1_121' title='bbox 2796 1692 3141 1754; x_wconf 89' lang='lat' dir='ltr'>honoribus</span> <span class='ocrx_word' id='word_1_122' title='bbox 3173 1706 3233 1752; x_wconf 90' lang='lat' dir='ltr'>et</span> 
     </span>
     <span class='ocr_line' id='line_1_20' title="bbox 614 1802 3233 1886; baseline -0.002 -22"><span class='ocrx_word' id='word_1_123' title='bbox 614 1804 924 1883; x_wconf 77' lang='lat' dir='ltr'>oneribuS,</span> <span class='ocrx_word' id='word_1_124' title='bbox 958 1805 1065 1886; x_wconf 90' lang='lat' dir='ltr'>qui</span> <span class='ocrx_word' id='word_1_125' title='bbox 1096 1820 1156 1866; x_wconf 91' lang='lat' dir='ltr'>et</span> <span class='ocrx_word' id='word_1_126' title='bbox 1188 1824 1341 1885; x_wconf 89' lang='lat' dir='ltr'>quae</span> <span class='ocrx_word' id='word_1_127' title='bbox 1376 1804 1539 1866; x_wconf 86' lang='lat' dir='ltr'>dicto</span> <span class='ocrx_word' id='word_1_128' title='bbox 1572 1802 1974 1884; x_wconf 82' lang='lat' dir='ltr'>gubernatori</span> <span class='ocrx_word' id='word_1_129' title='bbox 2007 1803 2311 1864; x_wconf 88' lang='lat' dir='ltr'>conclavis</span> <span class='ocrx_word' id='word_1_130' title='bbox 2345 1803 2948 1884; x_wconf 86' lang='lat' dir='ltr'>quomodocumque</span> <span class='ocrx_word' id='word_1_131' title='bbox 2980 1819 3233 1880; x_wconf 90' lang='lat' dir='ltr'>compe-</span> 
     </span>
     <span class='ocr_line' id='line_1_21' title="bbox 613 1910 3230 1994; baseline -0.001 -24"><span class='ocrx_word' id='word_1_132' title='bbox 613 1911 824 1971; x_wconf 90' lang='lat' dir='ltr'>tebant</span> <span class='ocrx_word' id='word_1_133' title='bbox 873 1930 943 1972; x_wconf 85' lang='lat' dir='ltr'>ac</span> <span class='ocrx_word' id='word_1_134' title='bbox 974 1912 1436 1985; x_wconf 63' lang='lat' dir='ltr'>incumbebant</span> <span class='ocrx_word' id='word_1_135' title='bbox 1487 1911 1837 1993; x_wconf 88' lang='lat' dir='ltr'>respective,</span> <span class='ocrx_word' id='word_1_136' title='bbox 1888 1926 1993 1972; x_wconf 89' lang='lat' dir='ltr'>aut</span> <span class='ocrx_word' id='word_1_137' title='bbox 2038 1927 2387 1994; x_wconf 88' lang='lat' dir='ltr'>competere</span> <span class='ocrx_word' id='word_1_138' title='bbox 2433 1925 2492 1971; x_wconf 90' lang='lat' dir='ltr'>et</span> <span class='ocrx_word' id='word_1_139' title='bbox 2537 1910 2898 1971; x_wconf 86' lang='lat' dir='ltr'>incumbere</span> <span class='ocrx_word' id='word_1_140' title='bbox 2932 1922 3230 1990; x_wconf 81' lang='lat' dir='ltr'>poterant,</span> 
     </span>
     <span class='ocr_line' id='line_1_22' title="bbox 615 2014 3231 2100; baseline -0.001 -23"><span class='ocrx_word' id='word_1_141' title='bbox 615 2019 922 2098; x_wconf 78' lang='lat' dir='ltr'>praesecto</span> <span class='ocrx_word' id='word_1_142' title='bbox 969 2018 1171 2099; x_wconf 87' lang='lat' dir='ltr'>palatii</span> <span class='ocrx_word' id='word_1_143' title='bbox 1218 2018 1539 2100; x_wconf 91' lang='lat' dir='ltr'>apostolici</span> <span class='ocrx_word' id='word_1_144' title='bbox 1593 2038 1704 2100; x_wconf 91' lang='lat' dir='ltr'>pro</span> <span class='ocrx_word' id='word_1_145' title='bbox 1750 2034 2032 2100; x_wconf 90' lang='lat' dir='ltr'>tempore</span> <span class='ocrx_word' id='word_1_146' title='bbox 2072 2016 2347 2079; x_wconf 83' lang='lat' dir='ltr'>existenti</span> <span class='ocrx_word' id='word_1_147' title='bbox 2382 2016 2540 2078; x_wconf 87' lang='lat' dir='ltr'>Sede</span> <span class='ocrx_word' id='word_1_148' title='bbox 2573 2031 2823 2077; x_wconf 86' lang='lat' dir='ltr'>vacante</span> <span class='ocrx_word' id='word_1_149' title='bbox 2856 2015 3136 2075; x_wconf 88' lang='lat' dir='ltr'>similiter</span> <span class='ocrx_word' id='word_1_150' title='bbox 3166 2014 3231 2074; x_wconf 89' lang='lat' dir='ltr'>in</span> 
     </span>
     <span class='ocr_line' id='line_1_23' title="bbox 617 2120 3231 2206; baseline -0.002 -22"><span class='ocrx_word' id='word_1_151' title='bbox 617 2139 990 2206; x_wconf 88' lang='lat' dir='ltr'>perpetuum</span> <span class='ocrx_word' id='word_1_152' title='bbox 1035 2124 1483 2186; x_wconf 87' lang='lat' dir='ltr'>demandamus</span> <span class='ocrx_word' id='word_1_153' title='bbox 1530 2142 1589 2186; x_wconf 92' lang='lat' dir='ltr'>et</span> <span class='ocrx_word' id='word_1_154' title='bbox 1634 2124 2099 2202; x_wconf 89' lang='lat' dir='ltr'>committimus,</span> <span class='ocrx_word' id='word_1_155' title='bbox 2133 2124 2319 2205; x_wconf 86' lang='lat' dir='ltr'>idque</span> <span class='ocrx_word' id='word_1_156' title='bbox 2356 2139 2593 2205; x_wconf 90' lang='lat' dir='ltr'>praeter</span> <span class='ocrx_word' id='word_1_157' title='bbox 2637 2137 2696 2183; x_wconf 92' lang='lat' dir='ltr'>et</span> <span class='ocrx_word' id='word_1_158' title='bbox 2729 2122 2886 2184; x_wconf 89' lang='lat' dir='ltr'>ultra</span> <span class='ocrx_word' id='word_1_159' title='bbox 2920 2120 3231 2183; x_wconf 85' lang='lat' dir='ltr'>facultates</span> 
     </span>
     <span class='ocr_line' id='line_1_24' title="bbox 617 2228 3232 2313; baseline -0.002 -22"><span class='ocrx_word' id='word_1_160' title='bbox 617 2251 684 2292; x_wconf 92' lang='lat' dir='ltr'>ac</span> <span class='ocrx_word' id='word_1_161' title='bbox 730 2231 1216 2293; x_wconf 89' lang='lat' dir='ltr'>iurisdictionem</span> <span class='ocrx_word' id='word_1_162' title='bbox 1264 2231 1326 2292; x_wconf 91' lang='lat' dir='ltr'>in</span> <span class='ocrx_word' id='word_1_163' title='bbox 1374 2233 1597 2294; x_wconf 89' lang='lat' dir='ltr'>eodem</span> <span class='ocrx_word' id='word_1_164' title='bbox 1646 2232 1888 2313; x_wconf 81' lang='lat' dir='ltr'>palatio,</span> <span class='ocrx_word' id='word_1_165' title='bbox 1937 2251 2044 2293; x_wconf 92' lang='lat' dir='ltr'>seu</span> <span class='ocrx_word' id='word_1_166' title='bbox 2093 2231 2283 2307; x_wconf 87' lang='lat' dir='ltr'>aliter,</span> <span class='ocrx_word' id='word_1_167' title='bbox 2321 2231 2402 2291; x_wconf 91' lang='lat' dir='ltr'>illi</span> <span class='ocrx_word' id='word_1_168' title='bbox 2441 2250 2762 2292; x_wconf 87' lang='lat' dir='ltr'>concessas</span> <span class='ocrx_word' id='word_1_169' title='bbox 2797 2249 2904 2311; x_wconf 88' lang='lat' dir='ltr'>per</span> <span class='ocrx_word' id='word_1_170' title='bbox 2935 2228 3232 2308; x_wconf 88' lang='lat' dir='ltr'>quasdam</span> 
     </span>
     <span class='ocr_line' id='line_1_25' title="bbox 618 2334 3233 2420; baseline -0.002 -22"><span class='ocrx_word' id='word_1_171' title='bbox 618 2339 753 2418; x_wconf 88' lang='lat' dir='ltr'>piae</span> <span class='ocrx_word' id='word_1_172' title='bbox 800 2338 1130 2400; x_wconf 86' lang='lat' dir='ltr'>memoriae</span> <span class='ocrx_word' id='word_1_173' title='bbox 1166 2339 1477 2400; x_wconf 85' lang='lat' dir='ltr'>Benedicti</span> <span class='ocrx_word' id='word_1_174' title='bbox 1513 2341 1709 2419; x_wconf 88' lang='lat' dir='ltr'>Papae</span> <span class='ocrx_word' id='word_1_175' title='bbox 1743 2339 1873 2401; x_wconf 87' lang='lat' dir='ltr'>XIII</span> <span class='ocrx_word' id='word_1_176' title='bbox 1924 2338 2407 2420; x_wconf 87' lang='lat' dir='ltr'>praedecessoris</span> <span class='ocrx_word' id='word_1_177' title='bbox 2454 2338 2638 2398; x_wconf 89' lang='lat' dir='ltr'>etiam</span> <span class='ocrx_word' id='word_1_178' title='bbox 2685 2335 2880 2398; x_wconf 90' lang='lat' dir='ltr'>nostri</span> <span class='ocrx_word' id='word_1_179' title='bbox 2923 2334 2990 2395; x_wconf 90' lang='lat' dir='ltr'>in</span> <span class='ocrx_word' id='word_1_180' title='bbox 3037 2334 3233 2395; x_wconf 87' lang='lat' dir='ltr'>forma</span> 
     </span>
     <span class='ocr_line' id='line_1_26' title="bbox 619 2442 3233 2526; baseline -0.002 -20"><span class='ocrx_word' id='word_1_181' title='bbox 619 2445 826 2506; x_wconf 88' lang='lat' dir='ltr'>Brevis</span> <span class='ocrx_word' id='word_1_182' title='bbox 871 2446 1114 2523; x_wconf 87' lang='lat' dir='ltr'>litteras,</span> <span class='ocrx_word' id='word_1_183' title='bbox 1161 2466 1313 2526; x_wconf 90' lang='lat' dir='ltr'>quas</span> <span class='ocrx_word' id='word_1_184' title='bbox 1345 2445 1503 2508; x_wconf 91' lang='lat' dir='ltr'>Sede</span> <span class='ocrx_word' id='word_1_185' title='bbox 1552 2461 1804 2507; x_wconf 87' lang='lat' dir='ltr'>vacante</span> <span class='ocrx_word' id='word_1_186' title='bbox 1838 2447 2062 2507; x_wconf 85' lang='lat' dir='ltr'>durare</span> <span class='ocrx_word' id='word_1_187' title='bbox 2099 2464 2169 2505; x_wconf 91' lang='lat' dir='ltr'>ac</span> <span class='ocrx_word' id='word_1_188' title='bbox 2201 2442 2407 2525; x_wconf 90' lang='lat' dir='ltr'>vigere</span> <span class='ocrx_word' id='word_1_189' title='bbox 2441 2444 2788 2518; x_wconf 79' lang='lat' dir='ltr'>statuimuS,</span> <span class='ocrx_word' id='word_1_190' title='bbox 2823 2459 2900 2518; x_wconf 89' lang='lat' dir='ltr'>et,</span> <span class='ocrx_word' id='word_1_191' title='bbox 2931 2456 3233 2522; x_wconf 86' lang='lat' dir='ltr'>quatenus</span> 
     </span>
     <span class='ocr_line' id='line_1_27' title="bbox 617 2551 3233 2635; baseline -0.002 -22"><span class='ocrx_word' id='word_1_192' title='bbox 617 2570 779 2631; x_wconf 88' lang='lat' dir='ltr'>opus</span> <span class='ocrx_word' id='word_1_193' title='bbox 823 2552 917 2630; x_wconf 89' lang='lat' dir='ltr'>sit,</span> <span class='ocrx_word' id='word_1_194' title='bbox 972 2554 1047 2613; x_wconf 92' lang='lat' dir='ltr'>ad</span> <span class='ocrx_word' id='word_1_195' title='bbox 1095 2553 1155 2613; x_wconf 86' lang='lat' dir='ltr'>id</span> <span class='ocrx_word' id='word_1_196' title='bbox 1202 2569 1449 2635; x_wconf 88' lang='lat' dir='ltr'>tempus</span> <span class='ocrx_word' id='word_1_197' title='bbox 1495 2553 1882 2615; x_wconf 86' lang='lat' dir='ltr'>extendimus</span> <span class='ocrx_word' id='word_1_198' title='bbox 1927 2570 1985 2614; x_wconf 91' lang='lat' dir='ltr'>et</span> <span class='ocrx_word' id='word_1_199' title='bbox 2031 2552 2432 2633; x_wconf 88' lang='lat' dir='ltr'>ampliamus;</span> <span class='ocrx_word' id='word_1_200' title='bbox 2498 2551 2864 2613; x_wconf 89' lang='lat' dir='ltr'>mandantes</span> <span class='ocrx_word' id='word_1_201' title='bbox 2911 2564 3233 2630; x_wconf 88' lang='lat' dir='ltr'>propterea</span> 
     </span>
     <span class='ocr_line' id='line_1_28' title="bbox 619 2639 3229 2742; baseline -0.002 -22"><span class='ocrx_word' id='word_1_202' title='bbox 619 2677 725 2740; x_wconf 89' lang='lat' dir='ltr'>per</span> <span class='ocrx_word' id='word_1_203' title='bbox 774 2639 1101 2721; x_wconf 73' lang='lat' dir='ltr'>Camerain</span> <span class='ocrx_word' id='word_1_204' title='bbox 1147 2659 1575 2741; x_wconf 85' lang='lat' dir='ltr'>Apostolicam</span> <span class='ocrx_word' id='word_1_205' title='bbox 1628 2660 1793 2721; x_wconf 91' lang='lat' dir='ltr'>dicto</span> <span class='ocrx_word' id='word_1_206' title='bbox 1848 2659 2155 2742; x_wconf 89' lang='lat' dir='ltr'>praefecto</span> <span class='ocrx_word' id='word_1_207' title='bbox 2211 2658 2414 2740; x_wconf 89' lang='lat' dir='ltr'>palatii</span> <span class='ocrx_word' id='word_1_208' title='bbox 2466 2657 2787 2739; x_wconf 88' lang='lat' dir='ltr'>apostolici</span> <span class='ocrx_word' id='word_1_209' title='bbox 2838 2656 2904 2717; x_wconf 90' lang='lat' dir='ltr'>in</span> <span class='ocrx_word' id='word_1_210' title='bbox 2949 2654 3229 2736; x_wconf 90' lang='lat' dir='ltr'>singulos</span> 
     </span>
     <span class='ocr_line' id='line_1_29' title="bbox 618 2765 3232 2847; baseline -0.001 -21"><span class='ocrx_word' id='word_1_211' title='bbox 618 2785 878 2841; x_wconf 86' lang='lat' dir='ltr'>menses,</span> <span class='ocrx_word' id='word_1_212' title='bbox 910 2767 1138 2847; x_wconf 90' lang='lat' dir='ltr'>quibus</span> <span class='ocrx_word' id='word_1_213' title='bbox 1172 2768 1360 2829; x_wconf 86' lang='lat' dir='ltr'>Sedes</span> <span class='ocrx_word' id='word_1_214' title='bbox 1395 2767 1709 2841; x_wconf 86' lang='lat' dir='ltr'>vacaverit,</span> <span class='ocrx_word' id='word_1_215' title='bbox 1741 2765 2193 2827; x_wconf 90' lang='lat' dir='ltr'>subministrari</span> <span class='ocrx_word' id='word_1_216' title='bbox 2227 2766 2395 2826; x_wconf 90' lang='lat' dir='ltr'>mille</span> <span class='ocrx_word' id='word_1_217' title='bbox 2417 2781 2586 2827; x_wconf 90' lang='lat' dir='ltr'>scuta</span> <span class='ocrx_word' id='word_1_218' title='bbox 2611 2780 2899 2827; x_wconf 89' lang='lat' dir='ltr'>monetae</span> <span class='ocrx_word' id='word_1_219' title='bbox 2920 2781 3232 2840; x_wconf 89' lang='lat' dir='ltr'>romanae,</span> 
     </span>
     <span class='ocr_line' id='line_1_30' title="bbox 618 2871 3236 2954; baseline -0.002 -21"><span class='ocrx_word' id='word_1_220' title='bbox 618 2872 786 2933; x_wconf 90' lang='lat' dir='ltr'>unde</span> <span class='ocrx_word' id='word_1_221' title='bbox 837 2874 1006 2934; x_wconf 88' lang='lat' dir='ltr'>cibos</span> <span class='ocrx_word' id='word_1_222' title='bbox 1056 2894 1124 2934; x_wconf 89' lang='lat' dir='ltr'>ac</span> <span class='ocrx_word' id='word_1_223' title='bbox 1177 2874 1475 2952; x_wconf 87' lang='lat' dir='ltr'>frugalem</span> <span class='ocrx_word' id='word_1_224' title='bbox 1520 2893 1799 2935; x_wconf 89' lang='lat' dir='ltr'>mensam</span> <span class='ocrx_word' id='word_1_225' title='bbox 1849 2874 2129 2954; x_wconf 90' lang='lat' dir='ltr'>praelatis</span> <span class='ocrx_word' id='word_1_226' title='bbox 2162 2873 2437 2935; x_wconf 87' lang='lat' dir='ltr'>conclavi</span> <span class='ocrx_word' id='word_1_227' title='bbox 2472 2871 2889 2933; x_wconf 88' lang='lat' dir='ltr'>assistentibus</span> <span class='ocrx_word' id='word_1_228' title='bbox 2923 2890 3133 2952; x_wconf 86' lang='lat' dir='ltr'>parare</span> <span class='ocrx_word' id='word_1_229' title='bbox 3166 2888 3236 2929; x_wconf 93' lang='lat' dir='ltr'>ac</span> 
     </span>
     <span class='ocr_line' id='line_1_31' title="bbox 619 2977 3235 3062; baseline -0.001 -23"><span class='ocrx_word' id='word_1_230' title='bbox 619 2980 908 3059; x_wconf 87' lang='lat' dir='ltr'>praebere</span> <span class='ocrx_word' id='word_1_231' title='bbox 942 2980 1162 3053; x_wconf 86' lang='lat' dir='ltr'>valeat;</span> <span class='ocrx_word' id='word_1_232' title='bbox 1214 2983 1289 3042; x_wconf 90' lang='lat' dir='ltr'>ad</span> <span class='ocrx_word' id='word_1_233' title='bbox 1323 3001 1511 3061; x_wconf 91' lang='lat' dir='ltr'>quem</span> <span class='ocrx_word' id='word_1_234' title='bbox 1544 2981 1835 3042; x_wconf 91' lang='lat' dir='ltr'>effectum</span> <span class='ocrx_word' id='word_1_235' title='bbox 1867 2981 2064 3042; x_wconf 88' lang='lat' dir='ltr'>linteis</span> <span class='ocrx_word' id='word_1_236' title='bbox 2097 3001 2166 3042; x_wconf 91' lang='lat' dir='ltr'>ac</span> <span class='ocrx_word' id='word_1_237' title='bbox 2199 2980 2682 3062; x_wconf 87' lang='lat' dir='ltr'>supellectilibus</span> <span class='ocrx_word' id='word_1_238' title='bbox 2714 2979 2898 3041; x_wconf 89' lang='lat' dir='ltr'>etiam</span> <span class='ocrx_word' id='word_1_239' title='bbox 2931 2977 3235 3058; x_wconf 88' lang='lat' dir='ltr'>argenteis</span> 
     </span>
     <span class='ocr_line' id='line_1_32' title="bbox 618 3085 3225 3168; baseline 0 -23"><span class='ocrx_word' id='word_1_240' title='bbox 618 3085 818 3168; x_wconf 88' lang='lat' dir='ltr'>palatii</span> <span class='ocrx_word' id='word_1_241' title='bbox 868 3086 1155 3166; x_wconf 88' lang='lat' dir='ltr'>praedicti</span> <span class='ocrx_word' id='word_1_242' title='bbox 1201 3088 1275 3147; x_wconf 91' lang='lat' dir='ltr'>ad</span> <span class='ocrx_word' id='word_1_243' title='bbox 1323 3108 1508 3148; x_wconf 91' lang='lat' dir='ltr'>usum</span> <span class='ocrx_word' id='word_1_244' title='bbox 1557 3087 1898 3168; x_wconf 90' lang='lat' dir='ltr'>hospitum,</span> <span class='ocrx_word' id='word_1_245' title='bbox 1943 3108 2050 3149; x_wconf 89' lang='lat' dir='ltr'>seu</span> <span class='ocrx_word' id='word_1_246' title='bbox 2099 3103 2469 3165; x_wconf 87' lang='lat' dir='ltr'>exterorum,</span> <span class='ocrx_word' id='word_1_247' title='bbox 2501 3088 2831 3166; x_wconf 89' lang='lat' dir='ltr'>vulgariter</span> <span class='ocrx_word' id='word_1_248' title='bbox 2862 3086 3027 3147; x_wconf 86' lang='lat' dir='ltr'>della</span> <span class='ocrx_word' id='word_1_249' title='bbox 3036 3088 3225 3164; x_wconf 81' lang='lat' dir='ltr'>fore-</span> 
     </span>
     <span class='ocr_line' id='line_1_33' title="bbox 619 3193 3232 3277; baseline -0 -24"><span class='ocrx_word' id='word_1_250' title='bbox 619 3196 837 3267; x_wconf 80' lang='lat' dir='ltr'>steria,</span> <span class='ocrx_word' id='word_1_251' title='bbox 889 3193 1221 3271; x_wconf 89' lang='lat' dir='ltr'>destinatis,</span> <span class='ocrx_word' id='word_1_252' title='bbox 1272 3215 1518 3258; x_wconf 87' lang='lat' dir='ltr'>necnon</span> <span class='ocrx_word' id='word_1_253' title='bbox 1569 3214 1753 3277; x_wconf 89' lang='lat' dir='ltr'>opera</span> <span class='ocrx_word' id='word_1_254' title='bbox 1807 3210 1866 3256; x_wconf 92' lang='lat' dir='ltr'>et</span> <span class='ocrx_word' id='word_1_255' title='bbox 1915 3195 2250 3258; x_wconf 75' lang='lat' dir='ltr'>ministerio</span> <span class='ocrx_word' id='word_1_256' title='bbox 2305 3194 2667 3257; x_wconf 87' lang='lat' dir='ltr'>officialium</span> <span class='ocrx_word' id='word_1_257' title='bbox 2717 3193 2917 3275; x_wconf 83' lang='lat' dir='ltr'>palatii</span> <span class='ocrx_word' id='word_1_258' title='bbox 2964 3193 3232 3273; x_wconf 85' lang='lat' dir='ltr'>praefati,</span> 
     </span>
     <span class='ocr_line' id='line_1_34' title="bbox 620 3299 3234 3382; baseline -0 -23"><span class='ocrx_word' id='word_1_259' title='bbox 620 3319 890 3379; x_wconf 89' lang='lat' dir='ltr'>quorum</span> <span class='ocrx_word' id='word_1_260' title='bbox 924 3320 1179 3362; x_wconf 89' lang='lat' dir='ltr'>munera</span> <span class='ocrx_word' id='word_1_261' title='bbox 1215 3321 1323 3382; x_wconf 89' lang='lat' dir='ltr'>per</span> <span class='ocrx_word' id='word_1_262' title='bbox 1347 3301 1587 3362; x_wconf 91' lang='lat' dir='ltr'>obitum</span> <span class='ocrx_word' id='word_1_263' title='bbox 1625 3301 1942 3363; x_wconf 84' lang='lat' dir='ltr'>Pontificis</span> <span class='ocrx_word' id='word_1_264' title='bbox 1975 3301 2232 3362; x_wconf 88' lang='lat' dir='ltr'>minime</span> <span class='ocrx_word' id='word_1_265' title='bbox 2267 3318 2522 3378; x_wconf 89' lang='lat' dir='ltr'>cessant,</span> <span class='ocrx_word' id='word_1_266' title='bbox 2558 3301 2646 3360; x_wconf 91' lang='lat' dir='ltr'>uti</span> <span class='ocrx_word' id='word_1_267' title='bbox 2677 3299 2890 3381; x_wconf 83' lang='lat' dir='ltr'>possit.</span> <span class='ocrx_word' id='word_1_268' title='bbox 2928 3299 3026 3359; x_wconf 86' lang='lat' dir='ltr'>Ad</span> <span class='ocrx_word' id='word_1_269' title='bbox 3061 3318 3234 3359; x_wconf 90' lang='lat' dir='ltr'>eum-</span> 
     </span>
     <span class='ocr_line' id='line_1_35' title="bbox 620 3406 3236 3491; baseline -0 -25"><span class='ocrx_word' id='word_1_270' title='bbox 620 3406 762 3467; x_wconf 90' lang='lat' dir='ltr'>dem</span> <span class='ocrx_word' id='word_1_271' title='bbox 810 3426 1063 3488; x_wconf 91' lang='lat' dir='ltr'>quoque</span> <span class='ocrx_word' id='word_1_272' title='bbox 1107 3409 1486 3490; x_wconf 87' lang='lat' dir='ltr'>praefectum</span> <span class='ocrx_word' id='word_1_273' title='bbox 1536 3409 1737 3491; x_wconf 89' lang='lat' dir='ltr'>palatii</span> <span class='ocrx_word' id='word_1_274' title='bbox 1769 3424 2040 3490; x_wconf 89' lang='lat' dir='ltr'>spectare</span> <span class='ocrx_word' id='word_1_275' title='bbox 2076 3408 2365 3469; x_wconf 90' lang='lat' dir='ltr'>volumus</span> <span class='ocrx_word' id='word_1_276' title='bbox 2400 3427 2613 3469; x_wconf 89' lang='lat' dir='ltr'>curam</span> <span class='ocrx_word' id='word_1_277' title='bbox 2647 3406 2994 3467; x_wconf 88' lang='lat' dir='ltr'>asservandi</span> <span class='ocrx_word' id='word_1_278' title='bbox 3027 3425 3096 3465; x_wconf 90' lang='lat' dir='ltr'>ac</span> <span class='ocrx_word' id='word_1_279' title='bbox 3129 3424 3236 3466; x_wconf 88' lang='lat' dir='ltr'>cu·</span> 
     </span>
     <span class='ocr_line' id='line_1_36' title="bbox 620 3514 3239 3596; baseline -0.001 -22"><span class='ocrx_word' id='word_1_280' title='bbox 620 3514 928 3575; x_wconf 88' lang='lat' dir='ltr'>stodiendi</span> <span class='ocrx_word' id='word_1_281' title='bbox 977 3516 1330 3596; x_wconf 88' lang='lat' dir='ltr'>pontificios</span> <span class='ocrx_word' id='word_1_282' title='bbox 1378 3517 1664 3591; x_wconf 88' lang='lat' dir='ltr'>annulos,</span> <span class='ocrx_word' id='word_1_283' title='bbox 1712 3515 2006 3595; x_wconf 89' lang='lat' dir='ltr'>illamque</span> <span class='ocrx_word' id='word_1_284' title='bbox 2052 3515 2498 3596; x_wconf 89' lang='lat' dir='ltr'>supellectilem</span> <span class='ocrx_word' id='word_1_285' title='bbox 2530 3530 2900 3595; x_wconf 89' lang='lat' dir='ltr'>argenteam,</span> <span class='ocrx_word' id='word_1_286' title='bbox 2935 3533 3092 3593; x_wconf 89' lang='lat' dir='ltr'>quae</span> <span class='ocrx_word' id='word_1_287' title='bbox 3127 3530 3239 3593; x_wconf 89' lang='lat' dir='ltr'>pro</span> 
     </span>
     <span class='ocr_line' id='line_1_37' title="bbox 621 3618 2137 3704; baseline 0.001 -24"><span class='ocrx_word' id='word_1_288' title='bbox 621 3618 829 3681; x_wconf 91' lang='lat' dir='ltr'>futuro</span> <span class='ocrx_word' id='word_1_289' title='bbox 865 3621 1154 3683; x_wconf 75' lang='lat' dir='ltr'>pontifice</span> <span class='ocrx_word' id='word_1_290' title='bbox 1189 3622 1550 3685; x_wconf 89' lang='lat' dir='ltr'>concinnari</span> <span class='ocrx_word' id='word_1_291' title='bbox 1582 3639 1639 3683; x_wconf 91' lang='lat' dir='ltr'>et</span> <span class='ocrx_word' id='word_1_292' title='bbox 1672 3621 1862 3704; x_wconf 88' lang='lat' dir='ltr'>aptari</span> <span class='ocrx_word' id='word_1_293' title='bbox 1895 3622 2137 3682; x_wconf 89' lang='lat' dir='ltr'>debent.</span> 
     </span>
    </p>

    <p class='ocr_par' dir='ltr' id='par_1_9' title="bbox 621 3727 3239 4131">
     <span class='ocr_line' id='line_1_38' title="bbox 835 3727 3236 3810; baseline -0.001 -23"><span class='ocrx_word' id='word_1_294' title='bbox 835 3735 863 3796; x_wconf 79' lang='lat' dir='ltr'>s</span> <span class='ocrx_word' id='word_1_295' title='bbox 903 3747 1000 3790; x_wconf 82' lang='lat'>22.</span> <span class='ocrx_word' id='word_1_296' title='bbox 1049 3728 1348 3790; x_wconf 89' lang='lat' dir='ltr'>Officium</span> <span class='ocrx_word' id='word_1_297' title='bbox 1381 3729 1526 3790; x_wconf 89' lang='lat' dir='ltr'>item</span> <span class='ocrx_word' id='word_1_298' title='bbox 1560 3729 1834 3790; x_wconf 87' lang='lat' dir='ltr'>custodis</span> <span class='ocrx_word' id='word_1_299' title='bbox 1868 3728 2159 3807; x_wconf 88' lang='lat' dir='ltr'>fontium,</span> <span class='ocrx_word' id='word_1_300' title='bbox 2202 3730 2309 3810; x_wconf 90' lang='lat' dir='ltr'>qui</span> <span class='ocrx_word' id='word_1_301' title='bbox 2343 3729 2408 3790; x_wconf 89' lang='lat' dir='ltr'>in</span> <span class='ocrx_word' id='word_1_302' title='bbox 2441 3728 2731 3789; x_wconf 88' lang='lat' dir='ltr'>conclave</span> <span class='ocrx_word' id='word_1_303' title='bbox 2764 3727 3236 3802; x_wconf 88' lang='lat' dir='ltr'>demandantur,</span> 
     </span>
     <span class='ocr_line' id='line_1_39' title="bbox 621 3833 3237 3919; baseline -0.001 -25"><span class='ocrx_word' id='word_1_304' title='bbox 621 3849 833 3913; x_wconf 86' lang='lat' dir='ltr'>utpote</span> <span class='ocrx_word' id='word_1_305' title='bbox 879 3855 1421 3916; x_wconf 88' lang='lat' dir='ltr'>supervacaneum,</span> <span class='ocrx_word' id='word_1_306' title='bbox 1467 3852 1765 3919; x_wconf 88' lang='lat' dir='ltr'>perpetuo</span> <span class='ocrx_word' id='word_1_307' title='bbox 1812 3836 2281 3917; x_wconf 89' lang='lat' dir='ltr'>supprimimus,</span> <span class='ocrx_word' id='word_1_308' title='bbox 2330 3835 2744 3915; x_wconf 85' lang='lat' dir='ltr'>extinguimus</span> <span class='ocrx_word' id='word_1_309' title='bbox 2790 3848 2847 3894; x_wconf 91' lang='lat' dir='ltr'>et</span> <span class='ocrx_word' id='word_1_310' title='bbox 2898 3833 3237 3910; x_wconf 87' lang='lat' dir='ltr'>abolemus,</span> 
     </span>
     <span class='ocr_line' id='line_1_40' title="bbox 621 3938 3239 4024; baseline -0.001 -23"><span class='ocrx_word' id='word_1_311' title='bbox 621 3943 943 4003; x_wconf 83' lang='lat' dir='ltr'>memorati</span> <span class='ocrx_word' id='word_1_312' title='bbox 986 3942 1270 4023; x_wconf 89' lang='lat' dir='ltr'>Gregorii</span> <span class='ocrx_word' id='word_1_313' title='bbox 1316 3945 1450 4005; x_wconf 87' lang='lat' dir='ltr'>XV.</span> <span class='ocrx_word' id='word_1_314' title='bbox 1499 3944 1889 4023; x_wconf 88' lang='lat' dir='ltr'>aliorumque</span> <span class='ocrx_word' id='word_1_315' title='bbox 1938 3944 2485 4024; x_wconf 89' lang='lat' dir='ltr'>praedecessorum</span> <span class='ocrx_word' id='word_1_316' title='bbox 2532 3941 2849 4003; x_wconf 86' lang='lat' dir='ltr'>contrariis</span> <span class='ocrx_word' id='word_1_317' title='bbox 2883 3938 3239 4021; x_wconf 84' lang='lat' dir='ltr'>dispositio-</span> 
     </span>
     <span class='ocr_line' id='line_1_41' title="bbox 621 4049 3238 4131; baseline -0.001 -21"><span class='ocrx_word' id='word_1_318' title='bbox 621 4049 802 4110; x_wconf 89' lang='lat' dir='ltr'>nibus</span> <span class='ocrx_word' id='word_1_319' title='bbox 834 4051 1209 4131; x_wconf 89' lang='lat' dir='ltr'>amplissime</span> <span class='ocrx_word' id='word_1_320' title='bbox 1242 4051 1622 4129; x_wconf 78' lang='lat' dir='ltr'>derogantes.</span> <span class='ocrx_word' id='word_1_321' title='bbox 1726 4078 3238 4093; x_wconf 81' lang='lat'>—————————</span> 
     </span>
    </p>

    <p class='ocr_par' dir='ltr' id='par_1_10' title="bbox 835 4150 3180 4237">
     <span class='ocr_line' id='line_1_42' title="bbox 835 4150 3180 4237; baseline -0.002 -20"><span class='ocrx_word' id='word_1_322' title='bbox 835 4158 971 4217; x_wconf 89' lang='lat' dir='ltr'>Dat.</span> <span class='ocrx_word' id='word_1_323' title='bbox 1005 4157 1103 4217; x_wconf 89' lang='lat' dir='ltr'>die</span> <span class='ocrx_word' id='word_1_324' title='bbox 1144 4177 1171 4236; x_wconf 87' lang='lat'><strong>5</strong></span> <span class='ocrx_word' id='word_1_325' title='bbox 1211 4158 1291 4235; x_wconf 88' lang='lat'>(4)</span> <span class='ocrx_word' id='word_1_326' title='bbox 1327 4158 1557 4219; x_wconf 89' lang='lat' dir='ltr'>octobr.</span> <span class='ocrx_word' id='word_1_327' title='bbox 1607 4177 1787 4237; x_wconf 87' lang='lat'>1732.</span> <span class='ocrx_word' id='word_1_328' title='bbox 1824 4157 2047 4218; x_wconf 84' lang='lat' dir='ltr'>Pontif.</span> <span class='ocrx_word' id='word_1_329' title='bbox 2083 4176 2251 4218; x_wconf 87' lang='lat' dir='ltr'>anno</span> <span class='ocrx_word' id='word_1_330' title='bbox 2287 4156 2378 4216; x_wconf 88' lang='lat' dir='ltr'>III.</span> <span class='ocrx_word' id='word_1_331' title='bbox 2429 4154 2486 4235; x_wconf 89' lang='lat' dir='ltr'>[l.</span> <span class='ocrx_word' id='word_1_332' title='bbox 2524 4176 2573 4218; x_wconf 90' lang='lat' dir='ltr'>c.</span> <span class='ocrx_word' id='word_1_333' title='bbox 2609 4175 2747 4236; x_wconf 88' lang='lat' dir='ltr'>pag.</span> <span class='ocrx_word' id='word_1_334' title='bbox 2785 4150 3180 4233; x_wconf 79' lang='lat'>443-451,]</span> 
     </span>
    </p>
   </div>
   <div class='ocr_carea' id='block_1_9' title="bbox 1444 4355 2421 4425">
    <p class='ocr_par' dir='ltr' id='par_1_11' title="bbox 1444 4355 2421 4425">
     <span class='ocr_line' id='line_1_43' title="bbox 1444 4355 2421 4425; baseline 0.002 -16"><span class='ocrx_word' id='word_1_335' title='bbox 1444 4355 1568 4423; x_wconf 69' lang='lat'>192·</span> <span class='ocrx_word' id='word_1_336' title='bbox 1619 4356 1797 4411; x_wconf 74' lang='lat' dir='ltr'>1³1th</span> <span class='ocrx_word' id='word_1_337' title='bbox 1835 4357 1950 4412; x_wconf 84' lang='lat' dir='ltr'>1x.</span> <span class='ocrx_word' id='word_1_338' title='bbox 1990 4356 2421 4425; x_wconf 65' lang='lat' dir='ltr'>(tam—1828).</span> 
     </span>
    </p>
   </div>
   <div class='ocr_carea' id='block_1_10' title="bbox 623 4481 3245 4992">
    <p class='ocr_par' dir='ltr' id='par_1_12' title="bbox 623 4481 3239 4637">
     <span class='ocr_line' id='line_1_44' title="bbox 837 4481 3239 4556; baseline -0.001 -18"><span class='ocrx_word' id='word_1_339' title='bbox 837 4486 866 4515; x_wconf 79' lang='lat'><strong>‘</strong></span> <span class='ocrx_word' id='word_1_340' title='bbox 929 4486 1131 4539; x_wconf 76' lang='lat' dir='ltr'>Archiv</span> <span class='ocrx_word' id='word_1_341' title='bbox 1166 4487 1285 4555; x_wconf 68' lang='lat' dir='ltr'>fiir</span> <span class='ocrx_word' id='word_1_342' title='bbox 1318 4485 1515 4539; x_wconf 66' lang='lat' dir='ltr'>ktztlzol.</span> <span class='ocrx_word' id='word_1_343' title='bbox 1558 4485 1971 4540; x_wconf 76' lang='lat' dir='ltr'>Kt‘rcltenrecht.</span> <span class='ocrx_word' id='word_1_344' title='bbox 2035 4484 2180 4555; x_wconf 79' lang='lat'>1891.</span> <span class='ocrx_word' id='word_1_345' title='bbox 2237 4502 2292 4555; x_wconf 92' lang='lat' dir='ltr'>p.</span> <span class='ocrx_word' id='word_1_346' title='bbox 2335 4500 2633 4556; x_wconf 79' lang='lat'>312—319.</span> <span class='ocrx_word' id='word_1_347' title='bbox 2701 4484 2743 4538; x_wconf 90' lang='lat' dir='ltr'>J.</span> <span class='ocrx_word' id='word_1_348' title='bbox 2786 4482 2844 4537; x_wconf 74' lang='lat' dir='ltr'>F.</span> <span class='ocrx_word' id='word_1_349' title='bbox 2888 4481 3239 4546; x_wconf 85' lang='lat' dir='ltr'>Schulte,</span> 
     </span>
     <span class='ocr_line' id='line_1_45' title="bbox 623 4564 3011 4637; baseline -0.003 -16"><span class='ocrx_word' id='word_1_350' title='bbox 623 4568 728 4621; x_wconf 81' lang='lat' dir='ltr'>Die</span> <span class='ocrx_word' id='word_1_351' title='bbox 766 4567 1077 4637; x_wconf 77' lang='lat' dir='ltr'>Papstwahl</span> <span class='ocrx_word' id='word_1_352' title='bbox 1110 4566 1248 4619; x_wconf 81' lang='lat' dir='ltr'>nach</span> <span class='ocrx_word' id='word_1_353' title='bbox 1286 4567 1390 4620; x_wconf 82' lang='lat' dir='ltr'>den</span> <span class='ocrx_word' id='word_1_354' title='bbox 1429 4569 1680 4621; x_wconf 79' lang='lat' dir='ltr'>Erlassen</span> <span class='ocrx_word' id='word_1_355' title='bbox 1722 4569 1856 4621; x_wconf 83' lang='lat' dir='ltr'>Pius</span> <span class='ocrx_word' id='word_1_356' title='bbox 1891 4568 1986 4620; x_wconf 82' lang='lat' dir='ltr'>IX.</span> <span class='ocrx_word' id='word_1_357' title='bbox 2026 4567 2407 4633; x_wconf 73' lang='lat' dir='ltr'>(Pretessisclte</span> <span class='ocrx_word' id='word_1_358' title='bbox 2443 4564 2793 4633; x_wconf 61' lang='lat' dir='ltr'>Jaltrbficher</span> <span class='ocrx_word' id='word_1_359' title='bbox 2837 4564 3011 4635; x_wconf 85' lang='lat'>1891).</span> 
     </span>
    </p>

    <p class='ocr_par' dir='ltr' id='par_1_13' title="bbox 625 4694 3245 4992">
     <span class='ocr_line' id='line_1_46' title="bbox 836 4694 3241 4779; baseline -0.003 -21"><span class='ocrx_word' id='word_1_360' title='bbox 836 4697 988 4758; x_wconf 84' lang='lat' dir='ltr'>Pius</span> <span class='ocrx_word' id='word_1_361' title='bbox 1018 4696 1360 4779; x_wconf 82' lang='lat' dir='ltr'>Episcopus</span> <span class='ocrx_word' id='word_1_362' title='bbox 1391 4698 1615 4759; x_wconf 80' lang='lat' dir='ltr'>Servus</span> <span class='ocrx_word' id='word_1_363' title='bbox 1647 4697 1972 4758; x_wconf 81' lang='lat' dir='ltr'>Servorum</span> <span class='ocrx_word' id='word_1_364' title='bbox 2007 4695 2153 4755; x_wconf 81' lang='lat' dir='ltr'>Dei.</span> <span class='ocrx_word' id='word_1_365' title='bbox 2226 4695 2332 4755; x_wconf 80' lang='lat' dir='ltr'>Ad</span> <span class='ocrx_word' id='word_1_366' title='bbox 2351 4701 2712 4776; x_wconf 81' lang='lat' dir='ltr'>perpetuam</span> <span class='ocrx_word' id='word_1_367' title='bbox 2748 4696 2845 4754; x_wconf 85' lang='lat' dir='ltr'>rei</span> <span class='ocrx_word' id='word_1_368' title='bbox 2873 4694 3241 4753; x_wconf 85' lang='lat' dir='ltr'>memoriam.</span> 
     </span>
     <span class='ocr_line' id='line_1_47' title="bbox 625 4797 3244 4886; baseline -0.004 -19"><span class='ocrx_word' id='word_1_369' title='bbox 625 4805 1013 4883; x_wconf 89' lang='lat' dir='ltr'>Consulturi,</span> <span class='ocrx_word' id='word_1_370' title='bbox 1064 4824 1140 4865; x_wconf 87' lang='lat' dir='ltr'>ne</span> <span class='ocrx_word' id='word_1_371' title='bbox 1190 4820 1329 4886; x_wconf 91' lang='lat' dir='ltr'>post</span> <span class='ocrx_word' id='word_1_372' title='bbox 1376 4805 1625 4866; x_wconf 90' lang='lat' dir='ltr'>obitum</span> <span class='ocrx_word' id='word_1_373' title='bbox 1657 4804 1958 4865; x_wconf 88' lang='lat' dir='ltr'>Nostrum</span> <span class='ocrx_word' id='word_1_374' title='bbox 1991 4801 2276 4879; x_wconf 88' lang='lat' dir='ltr'>Ecclesia,</span> <span class='ocrx_word' id='word_1_375' title='bbox 2325 4801 2389 4862; x_wconf 91' lang='lat' dir='ltr'>in</span> <span class='ocrx_word' id='word_1_376' title='bbox 2437 4816 2609 4862; x_wconf 87' lang='lat' dir='ltr'>tanto</span> <span class='ocrx_word' id='word_1_377' title='bbox 2642 4816 3000 4880; x_wconf 90' lang='lat' dir='ltr'>temporum</span> <span class='ocrx_word' id='word_1_378' title='bbox 3032 4797 3244 4858; x_wconf 86' lang='lat' dir='ltr'>discri-</span> 
     </span>
     <span class='ocr_line' id='line_1_48' title="bbox 625 4904 3245 4992; baseline -0.004 -18"><span class='ocrx_word' id='word_1_379' title='bbox 625 4913 811 4989; x_wconf 88' lang='lat' dir='ltr'>mine,</span> <span class='ocrx_word' id='word_1_380' title='bbox 846 4913 1078 4974; x_wconf 90' lang='lat' dir='ltr'>diutius</span> <span class='ocrx_word' id='word_1_381' title='bbox 1110 4933 1227 4974; x_wconf 91' lang='lat' dir='ltr'>suo</span> <span class='ocrx_word' id='word_1_382' title='bbox 1259 4911 1498 4974; x_wconf 89' lang='lat' dir='ltr'>Visibili</span> <span class='ocrx_word' id='word_1_383' title='bbox 1533 4910 1748 4992; x_wconf 87' lang='lat' dir='ltr'>Capite</span> <span class='ocrx_word' id='word_1_384' title='bbox 1781 4925 1996 4983; x_wconf 86' lang='lat' dir='ltr'>careat,</span> <span class='ocrx_word' id='word_1_385' title='bbox 2031 4914 2216 4971; x_wconf 85' lang='lat' dir='ltr'>Anno</span> <span class='ocrx_word' id='word_1_386' title='bbox 2253 4910 2405 4975; x_wconf 85' lang='lat'><em>1871</em></span> <span class='ocrx_word' id='word_1_387' title='bbox 2452 4907 2696 4969; x_wconf 88' lang='lat' dir='ltr'>decimo</span> <span class='ocrx_word' id='word_1_388' title='bbox 2730 4906 2838 4970; x_wconf 89' lang='lat' dir='ltr'>cal.</span> <span class='ocrx_word' id='word_1_389' title='bbox 2872 4904 3245 4987; x_wconf 89' lang='lat' dir='ltr'>Septembris</span> 
     </span>
    </p>
   </div>
  </div>
 </body>
</html>
