3684 5416
473 1639 521 1670 10

473 2173 518 2216 ¹5

470 2876 522 2907 20

468 3342 517 3384 ²5

465 4405 514 4449 35

464 4941 518 4979 40

569 361 678 412 4¹4
1589 344 1856 398 Pontifex
1896 362 2187 426 romanus.

576 419 729 426 -ὓι-
818 421 895 425 --
966 421 1103 425 j-———
1140 421 1207 425 *—
1250 421 1351 425 ᾎ
1416 422 1501 426 ὀᾼ
1562 422 1591 426 -
1632 421 1673 426 ὼ
2239 423 2246 426 ἡ
2393 423 2398 426 -
2431 422 2474 426 --
2517 422 2910 427 ——-—-——-———
2977 423 3187 430 4ο-

1219 602 1294 664 C.
1328 601 1561 664 LXIII.
1613 604 1719 664 Ad
1746 603 2231 684 apochrisarivm
2268 625 2547 665 ravenne.

784 764 1252 845 SvperscriptiO.
1315 763 1725 825 Dilectissimo
1777 763 1966 840 fratri,
2018 763 2099 824 ill·
2147 763 2484 844 presbitero
2535 778 2593 824 et
2643 763 3058 844 apochrisario
3111 763 3191 823 ill·

574 869 1055 950 archipresbiter,
1103 870 1188 930 ill·
1236 869 1710 932 archidiaconus
1760 886 1817 931 et
1867 869 1950 931 ill·
2001 870 2383 951 primicerius
2436 870 2839 946 notariorum,
2887 886 3195 930 servantes

572 977 785 1037 locum
832 991 1075 1037 sanctae
1123 975 1283 1037 sedis
1315 976 1708 1057 apostolicae.
1748 1011 1821 1021 —
1863 976 2121 1037 Dudum
2156 976 2394 1037 obitum
2425 976 2881 1037 dilectissimam
2913 976 3190 1037 fraterni-

574 1100 757 1145 tatem
791 1099 1049 1144 vestram
1084 1099 1328 1145 sanctae
1363 1083 1698 1145 memoriae
1732 1084 1952 1145 domni
1984 1083 2064 1144 ill·
2099 1083 2420 1162 agnovisse
2445 1082 2752 1164 pontificis
2771 1082 3191 1145 satisfacimur.

573 1189 750 1250 cuius
783 1206 919 1271 post
950 1191 1293 1266 transitum,
1342 1191 1499 1251 iuxta
1536 1207 1603 1251 ut
1635 1191 1828 1252 moris
1862 1207 1970 1268 est,
2020 1190 2118 1252 die
2150 1191 2320 1252 tertia
2354 1189 2863 1251 convenientibus
2895 1190 3097 1267 nobiS,
3130 1190 3193 1250 id

574 1311 661 1354 est
712 1295 894 1365 clerc,
948 1295 1324 1357 axiomaticis
1375 1297 1556 1356 etiam
1610 1313 1666 1357 et
1715 1296 2016 1376 generalis
2063 1296 2273 1357 militia
2321 1317 2391 1358 ac
2423 1297 2649 1358 civium
2687 1297 3095 1372 universitate,
3131 1297 3194 1357 in

574 1420 902 1482 personam
937 1403 1157 1464 domni
1190 1403 1271 1463 ill·
1305 1403 1668 1465 sanctissimi
1701 1403 2138 1478 archidiaconi,
2174 1405 2272 1465 dei
2306 1404 2496 1484 gratia
2529 1403 2919 1484 suffragante,
2941 1403 3191 1465 electio-

578 1509 672 1568 nis
725 1525 862 1569 vota
914 1509 1246 1570 contulisse
1293 1529 1409 1571 nos
1463 1510 1824 1573 indicamus.
1877 1511 2055 1572 cuius
2102 1528 2158 1571 et
2205 1513 2504 1573 sollemne
2552 1513 2868 1572 decretum
2903 1510 3190 1572 facientes

576 1616 1029 1696 subscriptione
1077 1616 1367 1677 omnium
1416 1618 1766 1678 robaratum
1815 1620 1982 1699 apud
2030 1618 2326 1680 eximium
2361 1634 2418 1679 et
2452 1640 2482 1679 a
2517 1618 2637 1679 deo
2669 1633 2973 1678 servatum
3009 1619 3192 1678 dom-

579 1742 731 1783 num
780 1724 1113 1785 exarchum
1160 1745 1267 1806 per
1313 1726 1533 1785 harum
1581 1725 1905 1805 portitores
1944 1726 2023 1787 ill·
2058 1743 2115 1787 et
2148 1726 2230 1786 ill·
2265 1725 2622 1802 direximus,
2658 1744 2803 1787 cum
2837 1724 3065 1804 quibus
3100 1724 3190 1784 di-

577 1829 900 1891 lectissima
947 1830 1287 1892 fraternitas
1334 1848 1525 1892 vestra
1573 1833 1898 1894 conveniat
1942 1849 2000 1894 et
2045 1852 2159 1914 pro
2208 1832 2409 1894 celleri
2447 1832 2909 1913 promotionem
2943 1831 3192 1912 pontifi-

576 1936 718 1996 calis
783 1937 1189 1999 ordinationis
1258 1939 1655 2020 deposcendo
1724 1939 1890 2020 apud
1960 1939 2426 2001 denominatum
2496 1938 2804 1999 domnum
2864 1939 3195 1999 exarchum

579 2043 955 2118 interveniat,
992 2062 1058 2105 ut
1092 2046 1331 2106 valeant
1363 2045 1426 2106 hi
1461 2045 1569 2126 qui
1603 2046 1772 2106 missi
1805 2062 1971 2122 sunt,
2007 2045 2258 2107 Christo
2292 2045 2534 2122 comite,
2554 2064 2696 2106 cum
2719 2045 2938 2106 effectu
2966 2044 3041 2105 ad
3076 2063 3193 2104 nos

579 2151 865 2231 repedare
900 2169 957 2212 et
989 2153 1065 2212 de
1100 2152 1411 2233 prosperis
1443 2153 1672 2214 nuntiis
1705 2153 2039 2233 apostolica
2074 2153 2302 2214 Christi
2343 2152 2594 2212 ecclesia
2629 2151 3042 2231 omniumque
3077 2169 3193 2211 no-

576 2273 844 2319 strorum
878 2258 1098 2319 animis
1130 2260 1603 2338 magnanimiter
1635 2260 1916 2321 relevare.
1983 2257 2036 2338 [1.
2072 2278 2120 2320 c.
2155 2279 2288 2340 pag.
2330 2256 2628 2338 58—59.]

1307 2522 1433 2578 184.
1494 2521 1864 2578 MGOLArS
1905 2524 1992 2579 11.
2034 2523 2470 2592 (1058—1061).

1171 2649 1573 2703 Decretum
1615 2647 2044 2702 Electionis
2085 2646 2571 2702 pontificiae.

793 2774 820 2803 ⁶
873 2775 1230 2828 Momementa
1276 2777 1634 2828 Germaniae.
1688 2777 1890 2843 Legum
1943 2777 2078 2827 Ser-t,
2120 2775 2151 2827 I
2159 2775 2213 2826 V.
2258 2775 2709 2839 (Constitutiones
2748 2774 3189 2842 Impertttormn).

580 2870 631 2922 p.
676 2851 777 2924 538
816 2871 936 2924 seq.
1001 2853 1237 2909 Schef
1249 2854 1275 2907 f
1285 2872 1359 2908 er
1389 2887 1409 2896 -
1446 2854 1897 2921 Boichorst,
1949 2856 2054 2907 Dic
2091 2855 2467 2922 Neuordmmg
2513 2856 2614 2907 aler
2653 2853 2966 2924 Papstu·altl
3013 2852 3189 2904 ‹lura-h

580 2933 837 2986 Nicolaus
890 2935 956 2986 II.
999 2932 1340 3003 Strassburg
1401 2933 1551 3006 1879.
1640 2934 1995 2997 Grauert,
2052 2937 2171 2987 Das
2224 2937 2422 2987 Deteret
2470 2934 2728 2987 Nt'colaus
2780 2935 2846 2987 ΙΙ.
2899 2951 2994 2985 ῑόη
3041 2949 3191 2993 105‘).

578 3014 977 3075 (Historisclees
1014 3012 1296 3081 Jahrbucle
1348 3016 1449 3067 der
1501 3016 2090 3084 Gc'irresgesellsclettft.
2155 3013 2301 3069 1860.
2356 3031 2410 3084 p.
2458 3032 2557 3085 502
2613 3016 2761 3085 seq.)
2837 3012 3075 3067 Micha
3095 3011 3191 3075 el,

579 3094 904 3162 Zee‘tschrq'ft
935 3095 1055 3163 fiir
1102 3094 1435 3148 katholt'scltc
1484 3096 1778 3163 Theologie.
1828 3094 1978 3166 1899.
2019 3112 2073 3166 p.
2125 3112 2185 3165 ¹9
2189 3113 2235 3166 5.
2301 3095 2353 3148 H
2371 3093 2384 3147 i
2405 3112 2437 3147 n
2457 3112 2481 3148 s
2502 3111 2531 3148 c
2549 3095 2586 3147 h
2604 3112 2618 3148 1
2637 3113 2672 3148 u
2689 3112 2715 3148 s
2733 3133 2746 3156 ,
2787 3092 3191 3146 Kirclwnreclet.

579 3190 709 3243 pag.
750 3177 869 3240 248.

794 3299 873 3380 [1]
925 3301 989 3361 In
1037 3302 1290 3363 nomine
1327 3302 1582 3363 Domini
1618 3303 1731 3363 Dei
1772 3304 2087 3364 salvatoris
2121 3304 2312 3364 nostri
2347 3304 2479 3364 lesu
2515 3303 2762 3377 Christi,
2795 3322 2958 3363 anno
2991 3303 3066 3361 ab
3100 3301 3196 3361 in-

578 3409 928 3470 carnatione
975 3410 1109 3470 eius
1154 3428 1337 3490 1059,
1387 3429 1599 3471 mense
1646 3411 1842 3491 aprili,
1880 3410 2210 3471 indictione
2247 3410 2370 3487 XII,
2421 3409 2752 3491 propositis
2797 3408 3192 3469 sacrosanctis

575 3516 922 3598 evangeliiS,
972 3517 1356 3599 praesidente
1403 3539 1657 3600 quoque
1705 3518 2215 3579 reverendissimo
2261 3538 2329 3579 ac
2363 3517 2714 3579 beatissimo
2748 3517 3007 3578 Nicolao
3041 3535 3190 3597 apo·

575 3624 791 3685 stolico
838 3644 1015 3706 papa,
1064 3625 1127 3686 in
1175 3625 1415 3687 basilica
1463 3627 1888 3687 Lateranensis
1935 3627 2272 3707 patriarchii
2308 3646 2466 3706 quae
2504 3623 2989 3705 cognominatur
3020 3622 3195 3683 Con-

576 3731 963 3808 stantiniana,
1018 3733 1485 3794 considentibus
1531 3734 1714 3794 etiam
1774 3733 2296 3794 reverendissimis
2355 3732 2833 3813 archiepiscopis
2892 3728 3197 3811 episcopis

575 3838 897 3900 abbatibus
941 3859 1049 3900 seu
1098 3840 1547 3901 venerabilibus
1595 3841 1961 3921 presbyteris
1993 3856 2177 3921 atque
2210 3840 2592 3915 diaconibuS,
2639 3839 2802 3899 idem
2838 3836 3198 3898 venerabilis

577 3947 850 4027 pontifex
871 3949 1228 4009 auctoritate
1248 3948 1581 4028 apostolica
1601 3948 1951 4021 decernenS,
1973 3948 2048 4007 de
2068 3947 2362 4009 electione
2379 3948 2608 4008 summi
2633 3945 2942 4027 pontificis
2964 3943 3194 4024 inquit:

797 4053 876 4134 [2]
929 4055 1090 4115 Novi
1127 4056 1438 4117 beatitudo
1473 4071 1689 4129 vestra,
1739 4055 2115 4116 dilectissimi
2152 4055 2361 4116 fratres
2394 4071 2453 4116 et
2484 4054 2859 4136 coepiscopi,
2907 4052 3195 4114 inferiora
3233 4087 3237 4091 <

576 4181 833 4240 quoque
869 4164 1144 4222 membra
1180 4182 1307 4223 non
1339 4162 1532 4235 latuit,
1569 4160 1865 4222 defuncto
1901 4161 2035 4241 piae
2071 4162 2405 4222 memoriae
2439 4162 2703 4224 domino
2738 4160 3054 4241 Stephano
3088 4158 3197 4219 de·

576 4287 818 4329 cessore
853 4282 1071 4329 nostro
1105 4269 1253 4328 haec
1284 4268 1620 4348 apostolica
1640 4269 1836 4343 sedes,
1871 4268 1971 4329 cui
1992 4286 2241 4330 auctore
2265 4269 2398 4330 Deo
2421 4268 2720 4345 deservio,
2745 4283 2902 4348 quot
2923 4266 3192 4343 adversa,

576 4372 909 4453 pertulerit,
943 4391 1099 4453 quot
1131 4375 1400 4454 denique
1435 4394 1542 4456 per
1561 4375 1930 4437 simoniacae
1953 4377 2219 4437 haeresis
2240 4376 2560 4458 trapezitas
2582 4375 2816 4435 malleis
2838 4373 3190 4453 crebrisque

576 4481 973 4544 tunsionibus
1020 4484 1407 4562 subiacuerit,
1454 4485 1611 4547 adeo
1649 4501 1712 4545 ut
1745 4485 2042 4546 columna
2080 4485 2194 4546 Dei
2227 4484 2486 4546 viventis
2517 4483 2765 4544 iamiam
2799 4502 2991 4563 paene
3024 4482 3192 4542 vide-

575 4605 741 4651 retur
773 4587 1112 4669 [concussa]
1149 4607 1360 4652 nutare
1394 4608 1451 4652 et
1483 4612 1709 4672 sagena
1742 4592 1971 4653 summi
1995 4593 2311 4673 piscatoris
2333 4591 2618 4673 procellis
2641 4589 3192 4651 intumescentibus

575 4715 901 4778 cogeretur
948 4700 1012 4759 in
1061 4698 1359 4779 naufragii
1408 4700 1719 4780 profunda
1751 4700 2086 4779 submergi.
2154 4700 2359 4778 Unde,
2391 4700 2440 4760 si
2474 4699 2669 4781 placet
2701 4697 3052 4759 fraternitati
3086 4717 3190 4757 ve-

573 4823 751 4885 strae,
799 4806 1098 4868 debemus
1145 4806 1469 4868 auxiliante
1497 4807 1633 4868 Deo
1668 4806 1889 4868 futuris
1920 4807 2162 4868 casibus
2195 4807 2526 4888 prudenter
2558 4823 2880 4867 occurrere
2913 4818 2971 4865 et
3004 4802 3193 4864 eccle-

573 4915 813 4977 siastico
846 4915 1046 4994 statui,
1097 4935 1175 4976 ne
1210 4916 1476 4977 rediviva
1514 4949 1593 4957 —
1630 4915 1801 4995 quod
1837 4916 1993 4976 absit
2027 4950 2114 4959 —-
2147 4915 2305 4977 mala
2341 4914 2744 4996 praevaleant,
2778 4913 2842 4974 in
2877 4928 3194 4994 posterum
