3684 5416
397 1747 448 1779 10

398 2280 444 2324 ι5

395 2825 448 2857 20

395 3357 445 3402 25

397 3892 449 3937 30

397 4427 446 4471 35

1679 350 1935 406 parochi.
3008 358 3042 411 6
3056 375 3067 410 ι
3080 375 3116 428 9

996 582 1126 638 287.
1164 582 1583 640 comatum
1618 585 2154 642 TRIDENTINUM
2193 587 2630 658 (1543—1565).

1282 752 1321 808 S
1342 769 1372 807 e
1388 769 1414 807 s
1431 769 1475 806 s.
1516 752 1567 808 X
1583 753 1634 807 X
1651 754 1670 807 1
1688 754 1756 806 V.
1796 757 1885 808 De
1920 756 2334 825 reformatione.

715 896 742 924 ‘
795 895 1042 949 Conones
1079 901 1135 949 et
1169 898 1405 951 Decreta
1444 896 1604 950 Cone.
1652 897 1793 950 Trz‘d.
1835 897 1923 951 ed.
1975 897 2016 953 S
2036 915 2065 952 c
2083 898 2119 951 h
2138 897 2292 953 ulte
2310 898 2569 953 -Richt
2592 915 2681 953 er.
2731 917 2786 970 p.
2833 900 2954 973 366,
2995 899 3118 973 378.

501 1055 571 1115 C.
606 1055 753 1116 XIIl.
790 1054 1111 1134 Quomodo
1142 1056 1523 1116 tenuioribus
1552 1056 2008 1118 cathedralibus
2040 1058 2317 1119 ecclesiis
2349 1065 2411 1119 et
2426 1056 2750 1140 parochiis
2782 1058 3108 1118 consulen-

1031 1153 1191 1213 dum.
1239 1152 1583 1214 Parocln'ae
1614 1157 1802 1216 certis
1813 1156 2067 1232 finibus
2099 1157 2585 1235 distinguendae.

713 1293 1035 1370 Quoniam
1083 1295 1411 1376 pleraeque
1459 1297 1835 1359 cathedrales
1882 1298 2169 1359 ecclesiae
2216 1314 2341 1359 tam
2375 1299 2578 1360 tenuis
2611 1299 2842 1360 reditus
2874 1315 3018 1361 sunt
3050 1315 3107 1360 et

501 1417 812 1483 angustae,
844 1417 911 1462 ut
944 1403 1275 1483 episcopali
1312 1402 1588 1482 dignitati
1613 1404 1788 1466 nullo
1810 1406 2005 1466 modo
2028 1407 2463 1486 respondeant,
2487 1426 2692 1487 neque
2715 1408 3110 1468 ecclesiarum

502 1510 842 1573 necessitati
892 1510 1217 1588 sufficiant,
1269 1512 1573 1574 examinet
1623 1513 1963 1577 concilium
2019 1514 2411 1594 provinciale,
2461 1515 2690 1576 vocatis
2738 1514 2807 1574 iis
2841 1534 3114 1595 quorum

501 1618 767 1692 interest,
816 1634 875 1678 et
919 1616 1242 1696 diligenter
1273 1617 1591 1698 expendat,
1633 1639 1787 1698 quas
1822 1636 2074 1700 propter
2107 1621 2419 1699 angustias
2450 1622 2939 1702 tenuitatemque
2972 1623 3117 1683 vici-

503 1725 597 1786 nis
631 1725 804 1786 unire
836 1725 931 1785 vel
966 1725 1145 1787 novis
1179 1723 1578 1806 proventibus
1610 1744 1834 1802 augere
1870 1724 2188 1804 expediat;
2224 1725 2628 1807 confectaque
2662 1729 2737 1788 de
2772 1728 3120 1808 praemissis

502 1831 904 1895 instrumenta
951 1831 1027 1891 ad
1072 1849 1394 1891 summum
1430 1830 1790 1891 Romanum
1826 1830 2192 1892 Pontificem
2242 1832 2457 1909 mittat,
2507 1833 2735 1913 quibus
2784 1834 3119 1896 instructus

500 1957 787 1999 summus
835 1937 1125 1999 Pontifex
1160 1958 1231 1998 ex
1281 1937 1606 2017 prudentia
1643 1958 1775 2014 sua,
1812 1953 2000 2021 prout
2034 1938 2324 2018 expedire
2355 1939 2733 2018 iudicaverit,
2767 1958 2871 2002 aut
2903 1959 3119 2002 tenues

500 2044 763 2105 invicem
799 2046 967 2106 uniat
999 2060 1103 2105 aut
1135 2045 1338 2125 aliqua
1370 2045 1724 2107 accessione
1758 2065 1829 2106 ex
1864 2044 2166 2105 fructibus
2204 2061 2439 2123 augeat.
2505 2046 2753 2108 Interim
2791 2068 2952 2116 vero,
3002 2049 3118 2109 do-

502 2170 617 2212 nec
659 2153 963 2233 praedicta
1011 2151 1300 2213 effectum
1348 2152 1701 2226 sortiantur,
1750 2151 2115 2213 huiusmodi
2166 2152 2491 2233 episcopis,
2524 2153 2633 2233 qui
2668 2153 2934 2215 fructum
2969 2157 3120 2215 sub-

501 2259 790 2320 ventione
837 2278 954 2340 pro
998 2258 1294 2321 dioecesis
1341 2278 1490 2320 suae
1523 2260 1815 2321 tenuitate
1851 2259 2155 2337 indigent,
2187 2260 2410 2341 poterit
2441 2259 2517 2320 de
2553 2260 2867 2322 beneficiis
2899 2262 3118 2342 aliqui-

505 2366 638 2442 bus,
692 2366 844 2425 dum
891 2382 1099 2426 tamen
1147 2380 1354 2425 curata
1400 2384 1530 2426 non
1580 2366 1718 2443 sint,
1756 2385 1870 2427 nec
1902 2366 2248 2446 dignitates,
2281 2386 2389 2427 seu
2425 2367 2821 2428 canonicatus
2851 2384 2909 2428 et
2942 2388 3116 2450 prae-

504 2472 759 2547 bendae,
808 2491 921 2532 nec
974 2472 1357 2549 monasteria,
1421 2471 1483 2533 in
1550 2473 1777 2552 quibus
1831 2472 1989 2550 viget
2038 2473 2334 2553 regularis
2384 2475 2761 2535 observantia
2814 2475 2910 2535 vel
2958 2495 3118 2555 quae

503 2578 780 2659 capitulis
828 2579 1215 2659 generalibus
1266 2596 1323 2639 et
1370 2579 1544 2639 certis
1590 2578 2006 2640 visitatoribus
2052 2581 2426 2654 subduntur,
2475 2601 2507 2640 a
2541 2600 2790 2641 summo
2826 2582 3120 2643 Romano

504 2685 799 2748 pontifice
834 2685 1158 2767 provideri.
1214 2687 1281 2749 In
1316 2686 1770 2768 parochialibus
1804 2688 1986 2749 etiarn
2025 2687 2318 2765 ecclesiis,
2352 2705 2619 2769 quarum
2654 2688 2891 2750 fructus
2923 2708 3117 2770 aeque

502 2794 657 2854 adeo
702 2795 903 2874 exigui
950 2811 1111 2871 sunt,
1160 2810 1229 2856 ut
1274 2795 1494 2856 debitis
1529 2811 1845 2875 nequeant
1879 2796 2180 2857 oneribus
2214 2796 2576 2870 satisfacere,
2610 2797 2846 2856 curabit
2878 2796 3116 2877 episco-

503 2921 636 2981 pus,
667 2901 717 2962 si
753 2921 859 2981 per
890 2902 1336 2963 beneficiorum
1368 2902 1687 2978 unionem,
1713 2922 1846 2964 non
1882 2919 2087 2964 tamen
2122 2904 2519 2981 regularium,
2553 2903 2613 2964 id
2647 2901 2777 2964 fieri
2810 2923 2938 2964 non
2972 2922 3118 2983 pos-

500 3009 604 3084 sit,
644 3024 710 3069 ut
762 3008 1166 3089 primitiarum
1218 3010 1312 3070 vel
1363 3010 1746 3070 decimarum
1799 3010 2236 3089 assignatione,
2293 3025 2398 3070 aut
2444 3029 2551 3090 per
2596 3010 3116 3091 parochianorum

501 3115 782 3196 symbola
829 3135 897 3175 ac
944 3116 1247 3194 collectas,
1295 3133 1398 3177 aut
1445 3137 1567 3196 qua
1601 3117 2017 3178 commodiori
2050 3118 2105 3177 ei
2139 3118 2448 3179 videbitur
2481 3117 2713 3178 ratione
2745 3131 2979 3177 tantum
3022 3136 3116 3176 re-

502 3223 761 3302 digatur,
812 3224 983 3302 quod
1036 3242 1149 3303 pro
1201 3224 1449 3283 rectoris
1499 3243 1568 3283 ac
1620 3223 1947 3304 parochiae
1996 3224 2352 3285 necessitate
2387 3226 2671 3285 decenter
2702 3223 2983 3284 sufficiat.
3048 3223 3116 3283 In

503 3328 846 3390 unionibus
897 3349 1040 3390 vero
1092 3329 1484 3409 quibuslibet,
1537 3350 1646 3389 seu
1701 3350 1771 3390 ex
1819 3330 2203 3410 supradictiS,
2253 3351 2362 3390 seu
2409 3330 2539 3390 aliis
2573 3331 2771 3392 causis
2806 3329 3117 3407 faciendis,

503 3435 787 3496 ecclesiae
837 3435 1215 3516 parochiales
1261 3435 1645 3497 monasteriis
1691 3435 2199 3516 quibuscunque,
2251 3451 2353 3496 aut
2400 3437 2673 3512 abbatiis,
2709 3455 2817 3496 seu
2851 3435 3117 3516 dignita-

502 3544 667 3605 tibus
712 3544 836 3604 sive
884 3543 1249 3624 praebendis
1296 3542 1583 3603 ecclesiae
1630 3543 1993 3603 cathedralis
2028 3543 2121 3602 vel
2154 3543 2526 3620 collegiatae,
2559 3544 2685 3603 sive
2717 3541 2849 3602 aliis
2881 3527 3116 3601 beneti—

503 3650 609 3711 ciis
642 3650 1045 3731 simplicibus,
1080 3666 1182 3711 aut
1215 3648 1618 3729 hospitalibus
1653 3649 1965 3710 militiisve
1999 3668 2129 3710 non
2156 3650 2465 3724 uniantur,
2486 3665 2542 3710 et
2563 3668 2719 3730 quae
2744 3649 2947 3708 unitae
2968 3663 3117 3707 sunt

503 3758 889 3818 revideantur
939 3760 1015 3818 ab
1065 3756 1387 3818 ordinariis
1437 3757 1603 3818 iuxta
1654 3755 1799 3817 alias
1852 3757 2171 3817 decretum
2223 3757 2284 3816 in
2334 3757 2550 3816 eadem
2584 3756 2829 3837 synodo
2862 3757 2978 3816 sub
3015 3755 3113 3815 fel.

506 3885 623 3926 rec.
658 3865 852 3925 Paulo
886 3865 994 3940 111„
1044 3865 1215 3945 quod
1251 3865 1431 3925 etiam
1465 3865 1526 3925 in
1563 3864 1747 3925 unitis
1781 3866 1856 3925 ab
1891 3884 1966 3925 eo
1999 3879 2287 3944 tempore
2322 3864 2464 3923 citra
2498 3883 2694 3943 aeque
2726 3867 3115 3929 observetur:

504 3991 636 4033 non
681 3971 1061 4032 obstantibus
1106 3972 1169 4033 in
1218 3972 1288 4032 iis
1321 3973 1801 4052 quibuscunque
1837 3975 2168 4031 verborum
2206 3970 2439 4046 formis,
2471 3989 2630 4050 quae
2665 3970 2762 4030 hic
2796 3989 2908 4050 pro
2942 3969 3117 4029 suffi-

503 4079 732 4140 cienter
777 4079 1074 4159 expressis
1122 4080 1482 4140 habeantur.
1548 4080 1642 4139 Ad
1694 4080 1845 4139 haec
1895 4079 1957 4138 in
1992 4094 2308 4159 posterum
2344 4097 2563 4139 omnes
2598 4079 2711 4138 hae
2745 4077 3119 4137 cathedrales

503 4186 807 4264 ecclesiae,
853 4205 1121 4266 quarum
1168 4186 1398 4247 reditus
1448 4205 1760 4247 summam
1808 4186 2180 4247 ducatorum
2215 4185 2401 4262 mille,
2434 4200 2492 4245 et
2525 4185 2920 4266 parochialeS,
2957 4204 3119 4263 quae

501 4313 812 4356 summam
861 4295 1227 4354 ducatorum
1275 4308 1526 4353 centum
1573 4292 1921 4354 secundum
1976 4312 2192 4354 verum
2226 4311 2512 4353 annuum
2545 4291 2817 4353 valorem
2853 4311 2980 4353 non
3013 4312 3116 4352 ex·

503 4401 751 4480 cedunt,
800 4400 983 4461 nullis
1030 4400 1432 4480 pensionibus
1480 4415 1584 4460 aut
1631 4399 2152 4461 reservationibus
2186 4399 2499 4460 fructuum
2530 4416 2879 4479 graventur.
2945 4399 3013 4459 In
3045 4399 3118 4459 iis

503 4526 758 4587 quoque
809 4507 1151 4570 civitatibus
1201 4526 1269 4567 ac
1318 4507 1485 4575 locis,
1540 4507 1643 4566 ubi
1697 4505 2087 4587 parochiales
2140 4506 2429 4567 ecclesiae
2481 4521 2674 4566 certos
2724 4525 2854 4567 non
2889 4506 3119 4566 habent

504 4613 679 4692 fines,
717 4634 831 4676 nec
864 4634 1078 4675 earum
1112 4629 1375 4675 rectores
1408 4597 1732 4694 proprium
1768 4612 2103 4694 populum,
2137 4631 2328 4692 quem
2364 4629 2591 4692 regant,
2625 4613 2732 4672 sed
2767 4612 3118 4692 promiscue

505 4721 852 4802 petentibus
899 4736 1276 4782 sacramenta
1321 4721 1764 4796 administrant,
1815 4721 2069 4781 mandat
2116 4736 2320 4780 sancta
2352 4720 2633 4799 synodus
2667 4719 2970 4798 episcopis
3007 4739 3119 4800 pro

503 4829 716 4890 tutiori
769 4830 1118 4890 animarum
1169 4829 1253 4889 eis
1304 4828 1783 4890 commissarum
1834 4828 2049 4904 salute,
2104 4843 2169 4887 ut
2224 4826 2509 4887 distincto
2557 4826 2795 4908 populo
2830 4826 2893 4884 in
2926 4841 3119 4886 certas

505 4937 910 5019 propriasque
933 4937 1254 5017 parochias
1276 4936 1616 5016 unicuique
1641 4954 1827 4996 suum
1852 4952 2223 5015 perpetuum
2250 4933 2749 5015 peculiaremque
2772 4932 3114 5012 parochun:
