<?xml version="1.0" encoding="UTF-8"?>
<!DOCTYPE html PUBLIC "-//W3C//DTD XHTML 1.0 Transitional//EN"
    "http://www.w3.org/TR/xhtml1/DTD/xhtml1-transitional.dtd">
<html xmlns="http://www.w3.org/1999/xhtml" xml:lang="en" lang="en">
 <head>
  <title>
</title>
<meta http-equiv="Content-Type" content="text/html;charset=utf-8" />
  <meta name='ocr-system' content='tesseract 3.04.00' />
  <meta name='ocr-capabilities' content='ocr_page ocr_carea ocr_par ocr_line ocrx_word'/>
</head>
<body>
  <div class='ocr_page' id='page_1' title='image "./fontesiuriscano00unkngoog/fontesiuriscano00unkngoog_0478.png"; bbox 0 0 3684 5416; ppageno 0'>
   <div class='ocr_carea' id='block_1_1' title="bbox 532 1045 555 1089">
    <p class='ocr_par' dir='ltr' id='par_1_1' title="bbox 532 1045 555 1089">
     <span class='ocr_line' id='line_1_1' title="bbox 532 1045 555 1089; baseline 0 0"><span class='ocrx_word' id='word_1_1' title='bbox 532 1045 555 1089; x_wconf 79' lang='lat'>5</span> 
     </span>
    </p>
   </div>
   <div class='ocr_carea' id='block_1_2' title="bbox 509 1580 560 1613">
    <p class='ocr_par' dir='ltr' id='par_1_2' title="bbox 509 1580 560 1613">
     <span class='ocr_line' id='line_1_2' title="bbox 509 1580 560 1613; baseline -0.039 0"><span class='ocrx_word' id='word_1_2' title='bbox 509 1580 560 1613; x_wconf 85' lang='lat'>10</span> 
     </span>
    </p>
   </div>
   <div class='ocr_carea' id='block_1_3' title="bbox 510 2113 556 2156">
    <p class='ocr_par' dir='ltr' id='par_1_3' title="bbox 510 2113 556 2156">
     <span class='ocr_line' id='line_1_3' title="bbox 510 2113 556 2156; baseline 0 0"><span class='ocrx_word' id='word_1_3' title='bbox 510 2113 556 2156; x_wconf 85' lang='lat'>¹5</span> 
     </span>
    </p>
   </div>
   <div class='ocr_carea' id='block_1_4' title="bbox 505 2646 561 2679">
    <p class='ocr_par' dir='ltr' id='par_1_4' title="bbox 505 2646 561 2679">
     <span class='ocr_line' id='line_1_4' title="bbox 505 2646 561 2679; baseline -0.018 0"><span class='ocrx_word' id='word_1_4' title='bbox 505 2646 561 2679; x_wconf 76' lang='lat'>20</span> 
     </span>
    </p>
   </div>
   <div class='ocr_carea' id='block_1_5' title="bbox 507 3180 558 3223">
    <p class='ocr_par' dir='ltr' id='par_1_5' title="bbox 507 3180 558 3223">
     <span class='ocr_line' id='line_1_5' title="bbox 507 3180 558 3223; baseline 0 0"><span class='ocrx_word' id='word_1_5' title='bbox 507 3180 558 3223; x_wconf 84' lang='lat'>²5</span> 
     </span>
    </p>
   </div>
   <div class='ocr_carea' id='block_1_6' title="bbox 507 3714 560 3758">
    <p class='ocr_par' dir='ltr' id='par_1_6' title="bbox 507 3714 560 3758">
     <span class='ocr_line' id='line_1_6' title="bbox 507 3714 560 3758; baseline 0 -12"><span class='ocrx_word' id='word_1_6' title='bbox 507 3714 560 3758; x_wconf 80' lang='grc'>30</span> 
     </span>
    </p>
   </div>
   <div class='ocr_carea' id='block_1_7' title="bbox 508 4247 557 4291">
    <p class='ocr_par' dir='ltr' id='par_1_7' title="bbox 508 4247 557 4291">
     <span class='ocr_line' id='line_1_7' title="bbox 508 4247 557 4291; baseline 0.02 -1"><span class='ocrx_word' id='word_1_7' title='bbox 508 4247 557 4291; x_wconf 73' lang='lat'>35</span> 
     </span>
    </p>
   </div>
   <div class='ocr_carea' id='block_1_8' title="bbox 610 405 2227 480">
    <p class='ocr_par' dir='ltr' id='par_1_8' title="bbox 610 405 2227 480">
     <span class='ocr_line' id='line_1_8' title="bbox 610 405 2227 480; baseline -0.004 -15"><span class='ocrx_word' id='word_1_8' title='bbox 610 428 715 480; x_wconf 79' lang='lat'>44²</span> <span class='ocrx_word' id='word_1_9' title='bbox 1628 405 1896 461; x_wconf 71' lang='lat' dir='ltr'>Pontifex</span> <span class='ocrx_word' id='word_1_10' title='bbox 1934 423 2227 461; x_wconf 84' lang='lat' dir='ltr'>romanus.</span> 
     </span>
    </p>
   </div>
   <div class='ocr_carea' id='block_1_9' title="bbox 609 586 3306 5057">
    <p class='ocr_par' dir='ltr' id='par_1_9' title="bbox 609 586 3230 1741">
     <span class='ocr_line' id='line_1_9' title="bbox 614 586 3226 672; baseline -0.003 -17"><span class='ocrx_word' id='word_1_11' title='bbox 614 593 907 655; x_wconf 91' lang='lat' dir='ltr'>humanis</span> <span class='ocrx_word' id='word_1_12' title='bbox 954 592 1311 672; x_wconf 86' lang='lat' dir='ltr'>quibusque</span> <span class='ocrx_word' id='word_1_13' title='bbox 1345 591 1594 666; x_wconf 75' lang='lat' dir='ltr'>artibuS,</span> <span class='ocrx_word' id='word_1_14' title='bbox 1642 589 2029 667; x_wconf 86' lang='lat' dir='ltr'>factionibus,</span> <span class='ocrx_word' id='word_1_15' title='bbox 2065 589 2329 671; x_wconf 90' lang='lat' dir='ltr'>partium</span> <span class='ocrx_word' id='word_1_16' title='bbox 2364 588 2603 663; x_wconf 76' lang='lat' dir='ltr'>studiiS,</span> <span class='ocrx_word' id='word_1_17' title='bbox 2634 586 2937 667; x_wconf 89' lang='lat' dir='ltr'>omnique</span> <span class='ocrx_word' id='word_1_18' title='bbox 2970 587 3226 647; x_wconf 90' lang='lat' dir='ltr'>demum</span> 
     </span>
     <span class='ocr_line' id='line_1_10' title="bbox 615 693 3230 779; baseline -0.003 -18"><span class='ocrx_word' id='word_1_19' title='bbox 615 700 814 762; x_wconf 90' lang='lat' dir='ltr'>carnis</span> <span class='ocrx_word' id='word_1_20' title='bbox 849 698 1090 776; x_wconf 89' lang='lat' dir='ltr'>affectu,</span> <span class='ocrx_word' id='word_1_21' title='bbox 1137 717 1205 759; x_wconf 89' lang='lat' dir='ltr'>ac</span> <span class='ocrx_word' id='word_1_22' title='bbox 1252 697 1499 779; x_wconf 90' lang='lat' dir='ltr'>privatis</span> <span class='ocrx_word' id='word_1_23' title='bbox 1532 697 1884 759; x_wconf 88' lang='lat' dir='ltr'>commodis</span> <span class='ocrx_word' id='word_1_24' title='bbox 1918 711 1976 757; x_wconf 91' lang='lat' dir='ltr'>et</span> <span class='ocrx_word' id='word_1_25' title='bbox 2008 695 2321 757; x_wconf 87' lang='lat' dir='ltr'>desideriis</span> <span class='ocrx_word' id='word_1_26' title='bbox 2353 694 2623 772; x_wconf 78' lang='lat' dir='ltr'>remotiS,</span> <span class='ocrx_word' id='word_1_27' title='bbox 2657 710 2843 775; x_wconf 92' lang='lat' dir='ltr'>atque</span> <span class='ocrx_word' id='word_1_28' title='bbox 2877 693 3230 775; x_wconf 87' lang='lat' dir='ltr'>principum</span> 
     </span>
     <span class='ocr_line' id='line_1_11' title="bbox 611 800 3229 884; baseline -0.002 -18"><span class='ocrx_word' id='word_1_29' title='bbox 611 804 1022 868; x_wconf 89' lang='lat' dir='ltr'>saecularium</span> <span class='ocrx_word' id='word_1_30' title='bbox 1075 805 1642 882; x_wconf 89' lang='lat' dir='ltr'>intercessionibus,</span> <span class='ocrx_word' id='word_1_31' title='bbox 1697 804 2036 884; x_wconf 92' lang='lat' dir='ltr'>ceterisque</span> <span class='ocrx_word' id='word_1_32' title='bbox 2087 803 2420 864; x_wconf 91' lang='lat' dir='ltr'>mundanis</span> <span class='ocrx_word' id='word_1_33' title='bbox 2470 803 2864 883; x_wconf 90' lang='lat' dir='ltr'>respectibus,</span> <span class='ocrx_word' id='word_1_34' title='bbox 2928 822 2996 863; x_wconf 90' lang='lat' dir='ltr'>ac</span> <span class='ocrx_word' id='word_1_35' title='bbox 3047 800 3229 862; x_wconf 90' lang='lat' dir='ltr'>etiam</span> 
     </span>
     <span class='ocr_line' id='line_1_12' title="bbox 609 908 3222 993; baseline -0.002 -20"><span class='ocrx_word' id='word_1_36' title='bbox 609 913 763 993; x_wconf 90' lang='lat' dir='ltr'>grati</span> <span class='ocrx_word' id='word_1_37' title='bbox 795 913 983 974; x_wconf 89' lang='lat' dir='ltr'>animi</span> <span class='ocrx_word' id='word_1_38' title='bbox 1017 930 1074 974; x_wconf 92' lang='lat' dir='ltr'>et</span> <span class='ocrx_word' id='word_1_39' title='bbox 1108 913 1376 975; x_wconf 91' lang='lat' dir='ltr'>cuiusvis</span> <span class='ocrx_word' id='word_1_40' title='bbox 1409 911 1657 974; x_wconf 90' lang='lat' dir='ltr'>alterius</span> <span class='ocrx_word' id='word_1_41' title='bbox 1690 911 2158 973; x_wconf 89' lang='lat' dir='ltr'>necessitudinis</span> <span class='ocrx_word' id='word_1_42' title='bbox 2190 910 2367 972; x_wconf 92' lang='lat' dir='ltr'>titulo</span> <span class='ocrx_word' id='word_1_43' title='bbox 2403 909 2660 970; x_wconf 89' lang='lat' dir='ltr'>minime</span> <span class='ocrx_word' id='word_1_44' title='bbox 2693 908 2932 970; x_wconf 88' lang='lat' dir='ltr'>attentis</span> <span class='ocrx_word' id='word_1_45' title='bbox 2965 924 3023 969; x_wconf 91' lang='lat' dir='ltr'>et</span> <span class='ocrx_word' id='word_1_46' title='bbox 3056 923 3222 990; x_wconf 86' lang='lat' dir='ltr'>post·</span> 
     </span>
     <span class='ocr_line' id='line_1_13' title="bbox 612 1015 3227 1101; baseline -0.002 -21"><span class='ocrx_word' id='word_1_47' title='bbox 612 1019 844 1101; x_wconf 80' lang='lat' dir='ltr'>positia,</span> <span class='ocrx_word' id='word_1_48' title='bbox 893 1040 956 1081; x_wconf 91' lang='lat' dir='ltr'>se</span> <span class='ocrx_word' id='word_1_49' title='bbox 1001 1035 1219 1100; x_wconf 85' lang='lat' dir='ltr'>gerant</span> <span class='ocrx_word' id='word_1_50' title='bbox 1268 1021 1343 1081; x_wconf 94' lang='lat' dir='ltr'>ad</span> <span class='ocrx_word' id='word_1_51' title='bbox 1395 1019 1754 1099; x_wconf 86' lang='lat' dir='ltr'>eligendum</span> <span class='ocrx_word' id='word_1_52' title='bbox 1791 1039 1954 1096; x_wconf 90' lang='lat' dir='ltr'>eum,</span> <span class='ocrx_word' id='word_1_53' title='bbox 1989 1037 2180 1099; x_wconf 91' lang='lat' dir='ltr'>quem</span> <span class='ocrx_word' id='word_1_54' title='bbox 2214 1016 2540 1077; x_wconf 88' lang='lat' dir='ltr'>universali</span> <span class='ocrx_word' id='word_1_55' title='bbox 2574 1015 2879 1078; x_wconf 85' lang='lat' dir='ltr'>Ecclesiae</span> <span class='ocrx_word' id='word_1_56' title='bbox 2913 1015 3227 1076; x_wconf 89' lang='lat' dir='ltr'>fructuose</span> 
     </span>
     <span class='ocr_line' id='line_1_14' title="bbox 614 1122 3230 1207; baseline -0.003 -19"><span class='ocrx_word' id='word_1_57' title='bbox 614 1126 962 1207; x_wconf 88' lang='lat' dir='ltr'>utiliterque</span> <span class='ocrx_word' id='word_1_58' title='bbox 1013 1128 1454 1207; x_wconf 85' lang='lat' dir='ltr'>gubernandae</span> <span class='ocrx_word' id='word_1_59' title='bbox 1507 1127 1809 1187; x_wconf 90' lang='lat' dir='ltr'>idoneum</span> <span class='ocrx_word' id='word_1_60' title='bbox 1859 1127 2210 1187; x_wconf 89' lang='lat' dir='ltr'>secundum</span> <span class='ocrx_word' id='word_1_61' title='bbox 2246 1126 2447 1186; x_wconf 90' lang='lat' dir='ltr'>Deum</span> <span class='ocrx_word' id='word_1_62' title='bbox 2496 1122 2935 1194; x_wconf 85' lang='lat' dir='ltr'>iudicaverint;</span> <span class='ocrx_word' id='word_1_63' title='bbox 2986 1140 3055 1182; x_wconf 92' lang='lat' dir='ltr'>ac</span> <span class='ocrx_word' id='word_1_64' title='bbox 3099 1140 3230 1182; x_wconf 92' lang='lat' dir='ltr'>me-</span> 
     </span>
     <span class='ocr_line' id='line_1_15' title="bbox 614 1229 3227 1317; baseline -0.003 -22"><span class='ocrx_word' id='word_1_65' title='bbox 614 1252 819 1295; x_wconf 88' lang='lat' dir='ltr'>mores</span> <span class='ocrx_word' id='word_1_66' title='bbox 864 1233 1353 1314; x_wconf 86' lang='lat' dir='ltr'>supradictarum</span> <span class='ocrx_word' id='word_1_67' title='bbox 1388 1231 1902 1294; x_wconf 85' lang='lat' dir='ltr'>constitutionum</span> <span class='ocrx_word' id='word_1_68' title='bbox 1938 1249 2408 1317; x_wconf 73' lang='lat' dir='ltr'>poenarumque</span> <span class='ocrx_word' id='word_1_69' title='bbox 2442 1230 2506 1289; x_wconf 94' lang='lat' dir='ltr'>in</span> <span class='ocrx_word' id='word_1_70' title='bbox 2539 1229 2625 1289; x_wconf 90' lang='lat' dir='ltr'>eis</span> <span class='ocrx_word' id='word_1_71' title='bbox 2657 1242 3113 1305; x_wconf 90' lang='lat' dir='ltr'>contentarum,</span> <span class='ocrx_word' id='word_1_72' title='bbox 3149 1246 3227 1288; x_wconf 91' lang='lat' dir='ltr'>ne</span> 
     </span>
     <span class='ocr_line' id='line_1_16' title="bbox 613 1335 3221 1420; baseline -0.002 -19"><span class='ocrx_word' id='word_1_73' title='bbox 613 1339 958 1420; x_wconf 80' lang='lat' dir='ltr'>quidquam</span> <span class='ocrx_word' id='word_1_74' title='bbox 1008 1340 1220 1414; x_wconf 84' lang='lat' dir='ltr'>facere,</span> <span class='ocrx_word' id='word_1_75' title='bbox 1264 1338 1581 1399; x_wconf 87' lang='lat' dir='ltr'>admittere</span> <span class='ocrx_word' id='word_1_76' title='bbox 1613 1355 1716 1398; x_wconf 92' lang='lat' dir='ltr'>aut</span> <span class='ocrx_word' id='word_1_77' title='bbox 1748 1338 2079 1416; x_wconf 91' lang='lat' dir='ltr'>attendere,</span> <span class='ocrx_word' id='word_1_78' title='bbox 2128 1337 2299 1417; x_wconf 91' lang='lat' dir='ltr'>quod</span> <span class='ocrx_word' id='word_1_79' title='bbox 2334 1338 2409 1398; x_wconf 91' lang='lat' dir='ltr'>ab</span> <span class='ocrx_word' id='word_1_80' title='bbox 2444 1337 2563 1396; x_wconf 88' lang='lat' dir='ltr'>hoc</span> <span class='ocrx_word' id='word_1_81' title='bbox 2598 1336 2917 1417; x_wconf 92' lang='lat' dir='ltr'>proposito</span> <span class='ocrx_word' id='word_1_82' title='bbox 2953 1335 3221 1396; x_wconf 87' lang='lat' dir='ltr'>alienum</span> 
     </span>
     <span class='ocr_line' id='line_1_17' title="bbox 612 1442 3230 1526; baseline -0.002 -20"><span class='ocrx_word' id='word_1_83' title='bbox 612 1446 706 1523; x_wconf 90' lang='lat' dir='ltr'>sit,</span> <span class='ocrx_word' id='word_1_84' title='bbox 759 1446 857 1506; x_wconf 90' lang='lat' dir='ltr'>vel</span> <span class='ocrx_word' id='word_1_85' title='bbox 906 1465 1016 1526; x_wconf 92' lang='lat' dir='ltr'>per</span> <span class='ocrx_word' id='word_1_86' title='bbox 1061 1445 1235 1525; x_wconf 90' lang='lat' dir='ltr'>quod</span> <span class='ocrx_word' id='word_1_87' title='bbox 1272 1446 1489 1506; x_wconf 87' lang='lat' dir='ltr'>electio</span> <span class='ocrx_word' id='word_1_88' title='bbox 1522 1447 1878 1522; x_wconf 79' lang='lat' dir='ltr'>retardetur,</span> <span class='ocrx_word' id='word_1_89' title='bbox 1923 1462 2026 1506; x_wconf 89' lang='lat' dir='ltr'>aut</span> <span class='ocrx_word' id='word_1_90' title='bbox 2072 1443 2330 1504; x_wconf 81' lang='lat' dir='ltr'>libertati</span> <span class='ocrx_word' id='word_1_91' title='bbox 2361 1443 2737 1522; x_wconf 82' lang='lat' dir='ltr'>suffragandi</span> <span class='ocrx_word' id='word_1_92' title='bbox 2771 1442 3230 1523; x_wconf 91' lang='lat' dir='ltr'>quoquomodo</span> 
     </span>
     <span class='ocr_line' id='line_1_18' title="bbox 613 1548 3229 1633; baseline -0.002 -20"><span class='ocrx_word' id='word_1_93' title='bbox 613 1551 936 1631; x_wconf 87' lang='lat' dir='ltr'>officiatur,</span> <span class='ocrx_word' id='word_1_94' title='bbox 969 1571 1077 1633; x_wconf 93' lang='lat' dir='ltr'>per</span> <span class='ocrx_word' id='word_1_95' title='bbox 1107 1572 1173 1612; x_wconf 91' lang='lat' dir='ltr'>se</span> <span class='ocrx_word' id='word_1_96' title='bbox 1206 1552 1301 1613; x_wconf 91' lang='lat' dir='ltr'>vel</span> <span class='ocrx_word' id='word_1_97' title='bbox 1332 1551 1544 1624; x_wconf 88' lang='lat' dir='ltr'>alium,</span> <span class='ocrx_word' id='word_1_98' title='bbox 1576 1551 1798 1613; x_wconf 80' lang='lat' dir='ltr'>directe</span> <span class='ocrx_word' id='word_1_99' title='bbox 1831 1567 1936 1612; x_wconf 91' lang='lat' dir='ltr'>aut</span> <span class='ocrx_word' id='word_1_100' title='bbox 1967 1551 2284 1627; x_wconf 86' lang='lat' dir='ltr'>indirecte,</span> <span class='ocrx_word' id='word_1_101' title='bbox 2321 1551 2549 1631; x_wconf 90' lang='lat' dir='ltr'>quovis</span> <span class='ocrx_word' id='word_1_102' title='bbox 2571 1552 2780 1612; x_wconf 87' lang='lat' dir='ltr'>colore</span> <span class='ocrx_word' id='word_1_103' title='bbox 2802 1564 3113 1632; x_wconf 89' lang='lat' dir='ltr'>praetextu</span> <span class='ocrx_word' id='word_1_104' title='bbox 3135 1548 3229 1609; x_wconf 90' lang='lat' dir='ltr'>vel</span> 
     </span>
     <span class='ocr_line' id='line_1_19' title="bbox 613 1658 1754 1741; baseline 0.003 -22"><span class='ocrx_word' id='word_1_105' title='bbox 613 1658 868 1738; x_wconf 89' lang='lat' dir='ltr'>ingenio</span> <span class='ocrx_word' id='word_1_106' title='bbox 900 1659 1166 1720; x_wconf 89' lang='lat' dir='ltr'>audeant</span> <span class='ocrx_word' id='word_1_107' title='bbox 1197 1680 1306 1721; x_wconf 91' lang='lat' dir='ltr'>seu</span> <span class='ocrx_word' id='word_1_108' title='bbox 1342 1674 1754 1741; x_wconf 89' lang='lat' dir='ltr'>praesumant.</span> 
     </span>
    </p>

    <p class='ocr_par' dir='ltr' id='par_1_10' title="bbox 611 1764 3306 5057">
     <span class='ocr_line' id='line_1_20' title="bbox 828 1764 3224 1848; baseline -0.003 -20"><span class='ocrx_word' id='word_1_109' title='bbox 828 1776 857 1835; x_wconf 78' lang='lat' dir='ltr'>S</span> <span class='ocrx_word' id='word_1_110' title='bbox 892 1769 951 1829; x_wconf 87' lang='lat'>6.</span> <span class='ocrx_word' id='word_1_111' title='bbox 1004 1767 1196 1828; x_wconf 88' lang='lat' dir='ltr'>Porro</span> <span class='ocrx_word' id='word_1_112' title='bbox 1243 1770 1318 1828; x_wconf 93' lang='lat' dir='ltr'>ab</span> <span class='ocrx_word' id='word_1_113' title='bbox 1366 1766 1598 1827; x_wconf 89' lang='lat' dir='ltr'>eisdem</span> <span class='ocrx_word' id='word_1_114' title='bbox 1646 1765 2216 1848; x_wconf 88' lang='lat' dir='ltr'>praedecessoribus</span> <span class='ocrx_word' id='word_1_115' title='bbox 2262 1764 2516 1846; x_wconf 83' lang='lat' dir='ltr'>provide</span> <span class='ocrx_word' id='word_1_116' title='bbox 2563 1765 2966 1826; x_wconf 89' lang='lat' dir='ltr'>constitutum</span> <span class='ocrx_word' id='word_1_117' title='bbox 3000 1777 3106 1840; x_wconf 88' lang='lat' dir='ltr'>est,</span> <span class='ocrx_word' id='word_1_118' title='bbox 3137 1778 3224 1839; x_wconf 95' lang='lat' dir='ltr'>ut,</span> 
     </span>
     <span class='ocr_line' id='line_1_21' title="bbox 615 1869 3228 1954; baseline -0.002 -21"><span class='ocrx_word' id='word_1_119' title='bbox 615 1874 1006 1954; x_wconf 83' lang='lat' dir='ltr'>Apostolicae</span> <span class='ocrx_word' id='word_1_120' title='bbox 1041 1874 1215 1936; x_wconf 89' lang='lat' dir='ltr'>Sedis</span> <span class='ocrx_word' id='word_1_121' title='bbox 1250 1875 1567 1935; x_wconf 90' lang='lat' dir='ltr'>vacatione</span> <span class='ocrx_word' id='word_1_122' title='bbox 1600 1874 1883 1949; x_wconf 90' lang='lat' dir='ltr'>durante,</span> <span class='ocrx_word' id='word_1_123' title='bbox 1919 1872 2255 1953; x_wconf 87' lang='lat' dir='ltr'>collegium</span> <span class='ocrx_word' id='word_1_124' title='bbox 2289 1871 2692 1933; x_wconf 87' lang='lat' dir='ltr'>cardinalium</span> <span class='ocrx_word' id='word_1_125' title='bbox 2724 1872 2790 1932; x_wconf 91' lang='lat' dir='ltr'>in</span> <span class='ocrx_word' id='word_1_126' title='bbox 2822 1871 2914 1948; x_wconf 91' lang='lat' dir='ltr'>iis,</span> <span class='ocrx_word' id='word_1_127' title='bbox 2960 1889 3121 1951; x_wconf 91' lang='lat' dir='ltr'>quae</span> <span class='ocrx_word' id='word_1_128' title='bbox 3152 1869 3228 1929; x_wconf 90' lang='lat' dir='ltr'>ad</span> 
     </span>
     <span class='ocr_line' id='line_1_22' title="bbox 615 1979 3231 2061; baseline -0.002 -20"><span class='ocrx_word' id='word_1_129' title='bbox 615 1980 973 2041; x_wconf 89' lang='lat' dir='ltr'>Pontificem</span> <span class='ocrx_word' id='word_1_130' title='bbox 1011 1982 1372 2059; x_wconf 88' lang='lat' dir='ltr'>maximum,</span> <span class='ocrx_word' id='word_1_131' title='bbox 1409 1981 1560 2042; x_wconf 91' lang='lat' dir='ltr'>dum</span> <span class='ocrx_word' id='word_1_132' title='bbox 1597 1980 1841 2057; x_wconf 92' lang='lat' dir='ltr'>viveret,</span> <span class='ocrx_word' id='word_1_133' title='bbox 1875 1979 2274 2061; x_wconf 89' lang='lat' dir='ltr'>pertinebant,</span> <span class='ocrx_word' id='word_1_134' title='bbox 2307 1979 2544 2040; x_wconf 88' lang='lat' dir='ltr'>nullam</span> <span class='ocrx_word' id='word_1_135' title='bbox 2577 1979 2838 2040; x_wconf 89' lang='lat' dir='ltr'>omnino</span> <span class='ocrx_word' id='word_1_136' title='bbox 2872 1992 3231 2059; x_wconf 84' lang='lat' dir='ltr'>potestatem</span> 
     </span>
     <span class='ocr_line' id='line_1_23' title="bbox 613 2083 3232 2167; baseline -0.002 -20"><span class='ocrx_word' id='word_1_137' title='bbox 613 2103 719 2148; x_wconf 91' lang='lat' dir='ltr'>aut</span> <span class='ocrx_word' id='word_1_138' title='bbox 749 2087 1241 2150; x_wconf 90' lang='lat' dir='ltr'>iurisdictionem</span> <span class='ocrx_word' id='word_1_139' title='bbox 1276 2088 1516 2166; x_wconf 90' lang='lat' dir='ltr'>habeat,</span> <span class='ocrx_word' id='word_1_140' title='bbox 1553 2107 1756 2167; x_wconf 90' lang='lat' dir='ltr'>neque</span> <span class='ocrx_word' id='word_1_141' title='bbox 1788 2087 2046 2165; x_wconf 88' lang='lat' dir='ltr'>gratiam</span> <span class='ocrx_word' id='word_1_142' title='bbox 2081 2105 2286 2166; x_wconf 90' lang='lat' dir='ltr'>neque</span> <span class='ocrx_word' id='word_1_143' title='bbox 2320 2085 2611 2147; x_wconf 88' lang='lat' dir='ltr'>iustitiam</span> <span class='ocrx_word' id='word_1_144' title='bbox 2647 2084 2907 2146; x_wconf 86' lang='lat' dir='ltr'>faciendi</span> <span class='ocrx_word' id='word_1_145' title='bbox 2939 2099 3044 2145; x_wconf 90' lang='lat' dir='ltr'>aut</span> <span class='ocrx_word' id='word_1_146' title='bbox 3078 2083 3232 2143; x_wconf 88' lang='lat' dir='ltr'>facta</span> 
     </span>
     <span class='ocr_line' id='line_1_24' title="bbox 612 2190 3233 2276; baseline -0.002 -21"><span class='ocrx_word' id='word_1_147' title='bbox 612 2213 720 2276; x_wconf 92' lang='lat' dir='ltr'>per</span> <span class='ocrx_word' id='word_1_148' title='bbox 751 2194 1113 2256; x_wconf 87' lang='lat' dir='ltr'>Pontificem</span> <span class='ocrx_word' id='word_1_149' title='bbox 1147 2195 1513 2257; x_wconf 89' lang='lat' dir='ltr'>defunctum</span> <span class='ocrx_word' id='word_1_150' title='bbox 1545 2193 1894 2255; x_wconf 85' lang='lat' dir='ltr'>executioni</span> <span class='ocrx_word' id='word_1_151' title='bbox 1929 2193 2368 2270; x_wconf 88' lang='lat' dir='ltr'>demandandi,</span> <span class='ocrx_word' id='word_1_152' title='bbox 2414 2194 2520 2254; x_wconf 90' lang='lat' dir='ltr'>sed</span> <span class='ocrx_word' id='word_1_153' title='bbox 2572 2192 2783 2254; x_wconf 89' lang='lat' dir='ltr'>omnia</span> <span class='ocrx_word' id='word_1_154' title='bbox 2819 2192 3032 2252; x_wconf 91' lang='lat' dir='ltr'>futuro</span> <span class='ocrx_word' id='word_1_155' title='bbox 3067 2190 3233 2251; x_wconf 87' lang='lat' dir='ltr'>Pon-</span> 
     </span>
     <span class='ocr_line' id='line_1_25' title="bbox 611 2298 3234 2381; baseline -0.001 -19"><span class='ocrx_word' id='word_1_156' title='bbox 611 2300 758 2362; x_wconf 87' lang='lat' dir='ltr'>tifici</span> <span class='ocrx_word' id='word_1_157' title='bbox 791 2318 1211 2363; x_wconf 86' lang='lat' dir='ltr'>reserventur:</span> <span class='ocrx_word' id='word_1_158' title='bbox 1263 2321 1467 2381; x_wconf 91' lang='lat' dir='ltr'>neque</span> <span class='ocrx_word' id='word_1_159' title='bbox 1513 2301 1591 2362; x_wconf 90' lang='lat' dir='ltr'>de</span> <span class='ocrx_word' id='word_1_160' title='bbox 1626 2300 1859 2361; x_wconf 90' lang='lat' dir='ltr'>ditione</span> <span class='ocrx_word' id='word_1_161' title='bbox 1894 2299 2218 2380; x_wconf 91' lang='lat' dir='ltr'>temporali</span> <span class='ocrx_word' id='word_1_162' title='bbox 2251 2298 2313 2359; x_wconf 84' lang='lat' dir='ltr'>S.</span> <span class='ocrx_word' id='word_1_163' title='bbox 2353 2299 2422 2359; x_wconf 82' lang='lat' dir='ltr'>R.</span> <span class='ocrx_word' id='word_1_164' title='bbox 2456 2299 2523 2359; x_wconf 88' lang='lat' dir='ltr'>E.</span> <span class='ocrx_word' id='word_1_165' title='bbox 2557 2299 2652 2360; x_wconf 90' lang='lat' dir='ltr'>vel</span> <span class='ocrx_word' id='word_1_166' title='bbox 2684 2300 2760 2360; x_wconf 91' lang='lat' dir='ltr'>de</span> <span class='ocrx_word' id='word_1_167' title='bbox 2795 2299 3078 2380; x_wconf 88' lang='lat' dir='ltr'>pecuniis</span> <span class='ocrx_word' id='word_1_168' title='bbox 3109 2298 3234 2360; x_wconf 86' lang='lat' dir='ltr'>Ca-</span> 
     </span>
     <span class='ocr_line' id='line_1_26' title="bbox 613 2408 3230 2490; baseline -0.001 -19"><span class='ocrx_word' id='word_1_169' title='bbox 613 2412 816 2471; x_wconf 86' lang='lat' dir='ltr'>merae</span> <span class='ocrx_word' id='word_1_170' title='bbox 848 2427 953 2472; x_wconf 90' lang='lat' dir='ltr'>aut</span> <span class='ocrx_word' id='word_1_171' title='bbox 987 2410 1263 2472; x_wconf 89' lang='lat' dir='ltr'>Datariae</span> <span class='ocrx_word' id='word_1_172' title='bbox 1303 2410 1694 2490; x_wconf 87' lang='lat' dir='ltr'>Apostolicae</span> <span class='ocrx_word' id='word_1_173' title='bbox 1727 2410 1910 2470; x_wconf 87' lang='lat' dir='ltr'>etiam</span> <span class='ocrx_word' id='word_1_174' title='bbox 1942 2428 2056 2490; x_wconf 92' lang='lat' dir='ltr'>pro</span> <span class='ocrx_word' id='word_1_175' title='bbox 2089 2409 2398 2471; x_wconf 88' lang='lat' dir='ltr'>solutione</span> <span class='ocrx_word' id='word_1_176' title='bbox 2431 2408 2782 2468; x_wconf 87' lang='lat' dir='ltr'>debitorum</span> <span class='ocrx_word' id='word_1_177' title='bbox 2814 2423 2954 2469; x_wconf 90' lang='lat' dir='ltr'>ante</span> <span class='ocrx_word' id='word_1_178' title='bbox 2988 2408 3230 2469; x_wconf 87' lang='lat' dir='ltr'>obitum</span> 
     </span>
     <span class='ocr_line' id='line_1_27' title="bbox 615 2516 3228 2599; baseline -0 -21"><span class='ocrx_word' id='word_1_179' title='bbox 615 2518 924 2580; x_wconf 77' lang='lat' dir='ltr'>pontificis</span> <span class='ocrx_word' id='word_1_180' title='bbox 958 2518 1435 2599; x_wconf 89' lang='lat' dir='ltr'>quomodolibet</span> <span class='ocrx_word' id='word_1_181' title='bbox 1468 2533 1945 2595; x_wconf 90' lang='lat' dir='ltr'>contractorum,</span> <span class='ocrx_word' id='word_1_182' title='bbox 1978 2533 2082 2578; x_wconf 94' lang='lat' dir='ltr'>aut</span> <span class='ocrx_word' id='word_1_183' title='bbox 2114 2516 2259 2577; x_wconf 87' lang='lat' dir='ltr'>alias</span> <span class='ocrx_word' id='word_1_184' title='bbox 2292 2537 2361 2577; x_wconf 91' lang='lat' dir='ltr'>ex</span> <span class='ocrx_word' id='word_1_185' title='bbox 2396 2516 2611 2597; x_wconf 88' lang='lat' dir='ltr'>quavis</span> <span class='ocrx_word' id='word_1_186' title='bbox 2643 2537 2824 2578; x_wconf 87' lang='lat' dir='ltr'>causa</span> <span class='ocrx_word' id='word_1_187' title='bbox 2859 2516 3057 2593; x_wconf 89' lang='lat' dir='ltr'>(certis</span> <span class='ocrx_word' id='word_1_188' title='bbox 3090 2517 3228 2597; x_wconf 92' lang='lat' dir='ltr'>qui-</span> 
     </span>
     <span class='ocr_line' id='line_1_28' title="bbox 614 2622 3230 2705; baseline -0.001 -21"><span class='ocrx_word' id='word_1_189' title='bbox 614 2625 878 2684; x_wconf 90' lang='lat' dir='ltr'>busdam</span> <span class='ocrx_word' id='word_1_190' title='bbox 924 2625 1161 2684; x_wconf 89' lang='lat' dir='ltr'>casibus</span> <span class='ocrx_word' id='word_1_191' title='bbox 1208 2624 1507 2705; x_wconf 89' lang='lat' dir='ltr'>expressis</span> <span class='ocrx_word' id='word_1_192' title='bbox 1555 2625 1869 2685; x_wconf 84' lang='lat' dir='ltr'>dumtaxat</span> <span class='ocrx_word' id='word_1_193' title='bbox 1914 2624 2200 2705; x_wconf 88' lang='lat' dir='ltr'>exceptis)</span> <span class='ocrx_word' id='word_1_194' title='bbox 2249 2623 2595 2704; x_wconf 90' lang='lat' dir='ltr'>quidquam</span> <span class='ocrx_word' id='word_1_195' title='bbox 2628 2622 2973 2704; x_wconf 85' lang='lat' dir='ltr'>disponere,</span> <span class='ocrx_word' id='word_1_196' title='bbox 3006 2640 3121 2682; x_wconf 90' lang='lat' dir='ltr'>nec</span> <span class='ocrx_word' id='word_1_197' title='bbox 3152 2622 3230 2683; x_wconf 88' lang='lat' dir='ltr'>ad</span> 
     </span>
     <span class='ocr_line' id='line_1_29' title="bbox 613 2731 3235 2815; baseline 0 -22"><span class='ocrx_word' id='word_1_198' title='bbox 613 2733 936 2815; x_wconf 92' lang='lat' dir='ltr'>proprium</span> <span class='ocrx_word' id='word_1_199' title='bbox 971 2734 1380 2794; x_wconf 88' lang='lat' dir='ltr'>commodum</span> <span class='ocrx_word' id='word_1_200' title='bbox 1414 2733 1646 2813; x_wconf 87' lang='lat' dir='ltr'>aliquid</span> <span class='ocrx_word' id='word_1_201' title='bbox 1683 2733 2013 2813; x_wconf 87' lang='lat' dir='ltr'>percipere,</span> <span class='ocrx_word' id='word_1_202' title='bbox 2049 2752 2161 2794; x_wconf 88' lang='lat' dir='ltr'>nec</span> <span class='ocrx_word' id='word_1_203' title='bbox 2195 2752 2294 2794; x_wconf 90' lang='lat' dir='ltr'>aes</span> <span class='ocrx_word' id='word_1_204' title='bbox 2325 2732 2602 2793; x_wconf 88' lang='lat' dir='ltr'>alienum</span> <span class='ocrx_word' id='word_1_205' title='bbox 2634 2733 2993 2793; x_wconf 88' lang='lat' dir='ltr'>contrahere</span> <span class='ocrx_word' id='word_1_206' title='bbox 3026 2731 3235 2814; x_wconf 90' lang='lat' dir='ltr'>possit.</span> 
     </span>
     <span class='ocr_line' id='line_1_30' title="bbox 614 2838 3232 2921; baseline -0.001 -19"><span class='ocrx_word' id='word_1_207' title='bbox 614 2842 765 2917; x_wconf 92' lang='lat' dir='ltr'>Nos,</span> <span class='ocrx_word' id='word_1_208' title='bbox 812 2841 1143 2921; x_wconf 90' lang='lat' dir='ltr'>praemissa</span> <span class='ocrx_word' id='word_1_209' title='bbox 1190 2842 1622 2921; x_wconf 85' lang='lat' dir='ltr'>approbantes,</span> <span class='ocrx_word' id='word_1_210' title='bbox 1671 2841 1787 2900; x_wconf 91' lang='lat' dir='ltr'>sub</span> <span class='ocrx_word' id='word_1_211' title='bbox 1836 2840 2058 2920; x_wconf 92' lang='lat' dir='ltr'>poenis</span> <span class='ocrx_word' id='word_1_212' title='bbox 2105 2859 2215 2920; x_wconf 92' lang='lat' dir='ltr'>per</span> <span class='ocrx_word' id='word_1_213' title='bbox 2247 2839 2435 2900; x_wconf 90' lang='lat' dir='ltr'>dictas</span> <span class='ocrx_word' id='word_1_214' title='bbox 2466 2838 2937 2900; x_wconf 88' lang='lat' dir='ltr'>constitutiones</span> <span class='ocrx_word' id='word_1_215' title='bbox 2971 2839 3232 2917; x_wconf 88' lang='lat' dir='ltr'>indictis,</span> 
     </span>
     <span class='ocr_line' id='line_1_31' title="bbox 614 2945 3238 3028; baseline -0.001 -21"><span class='ocrx_word' id='word_1_216' title='bbox 614 2948 868 3028; x_wconf 91' lang='lat' dir='ltr'>insuper</span> <span class='ocrx_word' id='word_1_217' title='bbox 913 2946 1236 3007; x_wconf 89' lang='lat' dir='ltr'>statuimus</span> <span class='ocrx_word' id='word_1_218' title='bbox 1282 2961 1340 3005; x_wconf 93' lang='lat' dir='ltr'>et</span> <span class='ocrx_word' id='word_1_219' title='bbox 1387 2947 1770 3006; x_wconf 89' lang='lat' dir='ltr'>declaramus</span> <span class='ocrx_word' id='word_1_220' title='bbox 1817 2946 1991 3025; x_wconf 90' lang='lat' dir='ltr'>quod</span> <span class='ocrx_word' id='word_1_221' title='bbox 2039 2946 2205 3006; x_wconf 89' lang='lat' dir='ltr'>idem</span> <span class='ocrx_word' id='word_1_222' title='bbox 2245 2945 2579 3026; x_wconf 89' lang='lat' dir='ltr'>collegium</span> <span class='ocrx_word' id='word_1_223' title='bbox 2612 2945 3019 3007; x_wconf 89' lang='lat' dir='ltr'>cardinalium</span> <span class='ocrx_word' id='word_1_224' title='bbox 3051 2964 3238 3006; x_wconf 79' lang='lat' dir='ltr'>man-</span> 
     </span>
     <span class='ocr_line' id='line_1_32' title="bbox 615 3052 3238 3135; baseline -0.001 -20"><span class='ocrx_word' id='word_1_225' title='bbox 615 3056 751 3116; x_wconf 91' lang='lat' dir='ltr'>data</span> <span class='ocrx_word' id='word_1_226' title='bbox 802 3052 878 3113; x_wconf 90' lang='lat' dir='ltr'>de</span> <span class='ocrx_word' id='word_1_227' title='bbox 931 3052 1240 3112; x_wconf 90' lang='lat' dir='ltr'>solvendis</span> <span class='ocrx_word' id='word_1_228' title='bbox 1293 3053 1569 3133; x_wconf 89' lang='lat' dir='ltr'>pecuniis</span> <span class='ocrx_word' id='word_1_229' title='bbox 1623 3053 1987 3114; x_wconf 88' lang='lat' dir='ltr'>huiusmodi</span> <span class='ocrx_word' id='word_1_230' title='bbox 2037 3055 2483 3135; x_wconf 89' lang='lat' dir='ltr'>(praeterquam</span> <span class='ocrx_word' id='word_1_231' title='bbox 2527 3053 2590 3114; x_wconf 91' lang='lat' dir='ltr'>in</span> <span class='ocrx_word' id='word_1_232' title='bbox 2637 3053 2956 3134; x_wconf 89' lang='lat' dir='ltr'>praedictis</span> <span class='ocrx_word' id='word_1_233' title='bbox 2989 3053 3238 3116; x_wconf 87' lang='lat' dir='ltr'>casibus</span> 
     </span>
     <span class='ocr_line' id='line_1_33' title="bbox 616 3158 3230 3241; baseline -0 -19"><span class='ocrx_word' id='word_1_234' title='bbox 616 3160 883 3241; x_wconf 89' lang='lat' dir='ltr'>exceptis</span> <span class='ocrx_word' id='word_1_235' title='bbox 929 3180 998 3220; x_wconf 91' lang='lat' dir='ltr'>ac</span> <span class='ocrx_word' id='word_1_236' title='bbox 1045 3159 1178 3220; x_wconf 91' lang='lat' dir='ltr'>aliis</span> <span class='ocrx_word' id='word_1_237' title='bbox 1231 3158 1386 3219; x_wconf 85' lang='lat' dir='ltr'>infra</span> <span class='ocrx_word' id='word_1_238' title='bbox 1434 3159 1868 3240; x_wconf 88' lang='lat' dir='ltr'>exprimendis)</span> <span class='ocrx_word' id='word_1_239' title='bbox 1918 3160 2124 3221; x_wconf 90' lang='lat' dir='ltr'>favore</span> <span class='ocrx_word' id='word_1_240' title='bbox 2162 3160 2433 3221; x_wconf 90' lang='lat' dir='ltr'>cuiusvis</span> <span class='ocrx_word' id='word_1_241' title='bbox 2466 3179 2786 3241; x_wconf 88' lang='lat' dir='ltr'>personae,</span> <span class='ocrx_word' id='word_1_242' title='bbox 2818 3175 2944 3221; x_wconf 85' lang='lat' dir='ltr'>tam</span> <span class='ocrx_word' id='word_1_243' title='bbox 2979 3161 3042 3221; x_wconf 91' lang='lat' dir='ltr'>in</span> <span class='ocrx_word' id='word_1_244' title='bbox 3076 3179 3230 3221; x_wconf 90' lang='lat' dir='ltr'>con-</span> 
     </span>
     <span class='ocr_line' id='line_1_34' title="bbox 615 3266 3230 3349; baseline -0 -18"><span class='ocrx_word' id='word_1_245' title='bbox 615 3269 767 3331; x_wconf 91' lang='lat' dir='ltr'>clavi</span> <span class='ocrx_word' id='word_1_246' title='bbox 815 3286 1005 3349; x_wconf 92' lang='lat' dir='ltr'>quam</span> <span class='ocrx_word' id='word_1_247' title='bbox 1054 3283 1215 3327; x_wconf 88' lang='lat' dir='ltr'>extra</span> <span class='ocrx_word' id='word_1_248' title='bbox 1267 3266 1420 3329; x_wconf 90' lang='lat' dir='ltr'>illud</span> <span class='ocrx_word' id='word_1_249' title='bbox 1469 3268 1800 3345; x_wconf 88' lang='lat' dir='ltr'>existentis,</span> <span class='ocrx_word' id='word_1_250' title='bbox 1834 3268 2016 3329; x_wconf 89' lang='lat' dir='ltr'>etiam</span> <span class='ocrx_word' id='word_1_251' title='bbox 2051 3268 2233 3329; x_wconf 90' lang='lat' dir='ltr'>titulo</span> <span class='ocrx_word' id='word_1_252' title='bbox 2265 3268 2798 3345; x_wconf 87' lang='lat' dir='ltr'>remunerationis,</span> <span class='ocrx_word' id='word_1_253' title='bbox 2835 3269 3106 3349; x_wconf 92' lang='lat' dir='ltr'>praemii,</span> <span class='ocrx_word' id='word_1_254' title='bbox 3141 3270 3230 3330; x_wconf 82' lang='lat' dir='ltr'>la-</span> 
     </span>
     <span class='ocr_line' id='line_1_35' title="bbox 614 3373 3232 3455; baseline 0 -19"><span class='ocrx_word' id='word_1_255' title='bbox 614 3375 782 3437; x_wconf 91' lang='lat' dir='ltr'>boris</span> <span class='ocrx_word' id='word_1_256' title='bbox 830 3395 897 3435; x_wconf 90' lang='lat' dir='ltr'>ac</span> <span class='ocrx_word' id='word_1_257' title='bbox 944 3373 1127 3434; x_wconf 88' lang='lat' dir='ltr'>etiam</span> <span class='ocrx_word' id='word_1_258' title='bbox 1159 3374 1579 3455; x_wconf 91' lang='lat' dir='ltr'>supplementi</span> <span class='ocrx_word' id='word_1_259' title='bbox 1611 3375 1934 3451; x_wconf 88' lang='lat' dir='ltr'>mercedis,</span> <span class='ocrx_word' id='word_1_260' title='bbox 1969 3375 2255 3455; x_wconf 86' lang='lat' dir='ltr'>expedire</span> <span class='ocrx_word' id='word_1_261' title='bbox 2289 3389 2348 3435; x_wconf 91' lang='lat' dir='ltr'>et</span> <span class='ocrx_word' id='word_1_262' title='bbox 2379 3375 2644 3435; x_wconf 85' lang='lat' dir='ltr'>relaxare</span> <span class='ocrx_word' id='word_1_263' title='bbox 2679 3374 2848 3450; x_wconf 90' lang='lat' dir='ltr'>(itaut</span> <span class='ocrx_word' id='word_1_264' title='bbox 2881 3392 3001 3436; x_wconf 89' lang='lat' dir='ltr'>tam</span> <span class='ocrx_word' id='word_1_265' title='bbox 3034 3376 3232 3437; x_wconf 89' lang='lat' dir='ltr'>cardi-</span> 
     </span>
     <span class='ocr_line' id='line_1_36' title="bbox 613 3481 3230 3564; baseline -0.001 -19"><span class='ocrx_word' id='word_1_266' title='bbox 613 3483 797 3561; x_wconf 78' lang='lat' dir='ltr'>naleS,</span> <span class='ocrx_word' id='word_1_267' title='bbox 831 3482 938 3564; x_wconf 92' lang='lat' dir='ltr'>qui</span> <span class='ocrx_word' id='word_1_268' title='bbox 972 3497 1182 3544; x_wconf 90' lang='lat' dir='ltr'>contra</span> <span class='ocrx_word' id='word_1_269' title='bbox 1219 3481 1549 3562; x_wconf 90' lang='lat' dir='ltr'>praemissa</span> <span class='ocrx_word' id='word_1_270' title='bbox 1582 3482 1816 3563; x_wconf 91' lang='lat' dir='ltr'>aliquid</span> <span class='ocrx_word' id='word_1_271' title='bbox 1850 3482 2296 3561; x_wconf 89' lang='lat' dir='ltr'>attentaverint,</span> <span class='ocrx_word' id='word_1_272' title='bbox 2329 3502 2519 3563; x_wconf 90' lang='lat' dir='ltr'>quarn</span> <span class='ocrx_word' id='word_1_273' title='bbox 2555 3482 2947 3554; x_wconf 89' lang='lat' dir='ltr'>camerarius,</span> <span class='ocrx_word' id='word_1_274' title='bbox 2983 3483 3230 3543; x_wconf 88' lang='lat' dir='ltr'>thesau-</span> 
     </span>
     <span class='ocr_line' id='line_1_37' title="bbox 613 3588 3229 3670; baseline -0.001 -18"><span class='ocrx_word' id='word_1_275' title='bbox 613 3590 828 3667; x_wconf 79' lang='lat' dir='ltr'>rariuS,</span> <span class='ocrx_word' id='word_1_276' title='bbox 878 3589 1287 3670; x_wconf 88' lang='lat' dir='ltr'>depositarius</span> <span class='ocrx_word' id='word_1_277' title='bbox 1334 3605 1391 3649; x_wconf 93' lang='lat' dir='ltr'>et</span> <span class='ocrx_word' id='word_1_278' title='bbox 1439 3589 1539 3649; x_wconf 91' lang='lat' dir='ltr'>alii</span> <span class='ocrx_word' id='word_1_279' title='bbox 1586 3588 1897 3668; x_wconf 86' lang='lat' dir='ltr'>officiales,</span> <span class='ocrx_word' id='word_1_280' title='bbox 1932 3590 2042 3670; x_wconf 92' lang='lat' dir='ltr'>qui</span> <span class='ocrx_word' id='word_1_281' title='bbox 2074 3589 2159 3651; x_wconf 90' lang='lat' dir='ltr'>eis</span> <span class='ocrx_word' id='word_1_282' title='bbox 2192 3590 2256 3650; x_wconf 90' lang='lat' dir='ltr'>in</span> <span class='ocrx_word' id='word_1_283' title='bbox 2288 3589 2510 3651; x_wconf 91' lang='lat' dir='ltr'>talibus</span> <span class='ocrx_word' id='word_1_284' title='bbox 2544 3590 3121 3670; x_wconf 85' lang='lat' dir='ltr'>obtemperaverint,</span> <span class='ocrx_word' id='word_1_285' title='bbox 3151 3588 3229 3649; x_wconf 92' lang='lat' dir='ltr'>de</span> 
     </span>
     <span class='ocr_line' id='line_1_38' title="bbox 615 3695 3231 3778; baseline -0.001 -20"><span class='ocrx_word' id='word_1_286' title='bbox 615 3716 732 3758; x_wconf 93' lang='lat' dir='ltr'>suo</span> <span class='ocrx_word' id='word_1_287' title='bbox 779 3696 1029 3778; x_wconf 90' lang='lat' dir='ltr'>proprio</span> <span class='ocrx_word' id='word_1_288' title='bbox 1063 3697 1361 3758; x_wconf 82' lang='lat' dir='ltr'>Gamerae</span> <span class='ocrx_word' id='word_1_289' title='bbox 1394 3695 1785 3775; x_wconf 83' lang='lat' dir='ltr'>Apostolicae</span> <span class='ocrx_word' id='word_1_290' title='bbox 1835 3695 2104 3776; x_wconf 87' lang='lat' dir='ltr'>plenarie</span> <span class='ocrx_word' id='word_1_291' title='bbox 2152 3696 2511 3769; x_wconf 87' lang='lat' dir='ltr'>satisfacere,</span> <span class='ocrx_word' id='word_1_292' title='bbox 2544 3711 2602 3756; x_wconf 91' lang='lat' dir='ltr'>et</span> <span class='ocrx_word' id='word_1_293' title='bbox 2634 3695 2925 3776; x_wconf 91' lang='lat' dir='ltr'>pecunias</span> <span class='ocrx_word' id='word_1_294' title='bbox 2957 3711 3231 3776; x_wconf 88' lang='lat' dir='ltr'>erogatas</span> 
     </span>
     <span class='ocr_line' id='line_1_39' title="bbox 616 3801 3229 3883; baseline -0.002 -18"><span class='ocrx_word' id='word_1_295' title='bbox 616 3804 950 3879; x_wconf 90' lang='lat' dir='ltr'>restituere,</span> <span class='ocrx_word' id='word_1_296' title='bbox 986 3818 1044 3863; x_wconf 93' lang='lat' dir='ltr'>et</span> <span class='ocrx_word' id='word_1_297' title='bbox 1077 3802 1331 3883; x_wconf 89' lang='lat' dir='ltr'>quaevis</span> <span class='ocrx_word' id='word_1_298' title='bbox 1364 3801 1589 3862; x_wconf 90' lang='lat' dir='ltr'>damna</span> <span class='ocrx_word' id='word_1_299' title='bbox 1612 3802 1899 3863; x_wconf 91' lang='lat' dir='ltr'>resarcire</span> <span class='ocrx_word' id='word_1_300' title='bbox 1934 3823 1966 3862; x_wconf 92' lang='lat' dir='ltr'>a</span> <span class='ocrx_word' id='word_1_301' title='bbox 2003 3803 2210 3863; x_wconf 85' lang='lat' dir='ltr'>futuro</span> <span class='ocrx_word' id='word_1_302' title='bbox 2232 3802 2529 3864; x_wconf 79' lang='lat' dir='ltr'>pontifice</span> <span class='ocrx_word' id='word_1_303' title='bbox 2551 3802 2891 3880; x_wconf 86' lang='lat' dir='ltr'>cogantur),</span> <span class='ocrx_word' id='word_1_304' title='bbox 2917 3819 3030 3862; x_wconf 90' lang='lat' dir='ltr'>nec</span> <span class='ocrx_word' id='word_1_305' title='bbox 3048 3801 3229 3862; x_wconf 87' lang='lat' dir='ltr'>etiam</span> 
     </span>
     <span class='ocr_line' id='line_1_40' title="bbox 614 3908 3232 3972; baseline -0.001 0"><span class='ocrx_word' id='word_1_306' title='bbox 614 3911 922 3972; x_wconf 88' lang='lat' dir='ltr'>eiusmodi</span> <span class='ocrx_word' id='word_1_307' title='bbox 966 3910 1143 3971; x_wconf 90' lang='lat' dir='ltr'>titulo</span> <span class='ocrx_word' id='word_1_308' title='bbox 1189 3910 1499 3970; x_wconf 88' lang='lat' dir='ltr'>licentiam</span> <span class='ocrx_word' id='word_1_309' title='bbox 1533 3908 1891 3969; x_wconf 89' lang='lat' dir='ltr'>extrahendi</span> <span class='ocrx_word' id='word_1_310' title='bbox 1925 3909 2232 3970; x_wconf 84' lang='lat' dir='ltr'>frumenta</span> <span class='ocrx_word' id='word_1_311' title='bbox 2265 3930 2296 3970; x_wconf 92' lang='lat' dir='ltr'>e</span> <span class='ocrx_word' id='word_1_312' title='bbox 2332 3910 2504 3971; x_wconf 87' lang='lat' dir='ltr'>Statu</span> <span class='ocrx_word' id='word_1_313' title='bbox 2541 3909 2971 3970; x_wconf 87' lang='lat' dir='ltr'>Ecclesiastico</span> <span class='ocrx_word' id='word_1_314' title='bbox 3009 3928 3232 3970; x_wconf 87' lang='lat' dir='ltr'>conce-</span> 
     </span>
     <span class='ocr_line' id='line_1_41' title="bbox 613 4016 3232 4099; baseline -0.002 -18"><span class='ocrx_word' id='word_1_315' title='bbox 613 4020 757 4081; x_wconf 90' lang='lat' dir='ltr'>dere</span> <span class='ocrx_word' id='word_1_316' title='bbox 792 4018 929 4095; x_wconf 83' lang='lat' dir='ltr'>(nisi</span> <span class='ocrx_word' id='word_1_317' title='bbox 966 4019 1072 4079; x_wconf 93' lang='lat' dir='ltr'>ubi</span> <span class='ocrx_word' id='word_1_318' title='bbox 1107 4017 1392 4079; x_wconf 84' lang='lat' dir='ltr'>extractio</span> <span class='ocrx_word' id='word_1_319' title='bbox 1426 4037 1496 4077; x_wconf 85' lang='lat' dir='ltr'>ex</span> <span class='ocrx_word' id='word_1_320' title='bbox 1531 4038 1713 4078; x_wconf 91' lang='lat' dir='ltr'>causa</span> <span class='ocrx_word' id='word_1_321' title='bbox 1747 4036 1887 4077; x_wconf 91' lang='lat' dir='ltr'>vere</span> <span class='ocrx_word' id='word_1_322' title='bbox 1920 4037 2182 4079; x_wconf 91' lang='lat' dir='ltr'>onerosa</span> <span class='ocrx_word' id='word_1_323' title='bbox 2218 4033 2544 4099; x_wconf 87' lang='lat' dir='ltr'>competat,</span> <span class='ocrx_word' id='word_1_324' title='bbox 2593 4034 2650 4078; x_wconf 93' lang='lat' dir='ltr'>et</span> <span class='ocrx_word' id='word_1_325' title='bbox 2682 4032 2849 4093; x_wconf 88' lang='lat' dir='ltr'>tunc,</span> <span class='ocrx_word' id='word_1_326' title='bbox 2885 4016 3232 4077; x_wconf 91' lang='lat' dir='ltr'>dummodo</span> 
     </span>
     <span class='ocr_line' id='line_1_42' title="bbox 616 4122 3229 4207; baseline -0.001 -22"><span class='ocrx_word' id='word_1_327' title='bbox 616 4125 1018 4207; x_wconf 89' lang='lat' dir='ltr'>quantitatem</span> <span class='ocrx_word' id='word_1_328' title='bbox 1067 4125 1335 4185; x_wconf 89' lang='lat' dir='ltr'>debitam</span> <span class='ocrx_word' id='word_1_329' title='bbox 1385 4142 1515 4184; x_wconf 91' lang='lat' dir='ltr'>non</span> <span class='ocrx_word' id='word_1_330' title='bbox 1563 4124 1829 4201; x_wconf 90' lang='lat' dir='ltr'>excedat,</span> <span class='ocrx_word' id='word_1_331' title='bbox 1867 4143 1937 4184; x_wconf 90' lang='lat' dir='ltr'>ac</span> <span class='ocrx_word' id='word_1_332' title='bbox 1968 4140 2233 4205; x_wconf 79' lang='lat' dir='ltr'>tempuS,</span> <span class='ocrx_word' id='word_1_333' title='bbox 2269 4144 2398 4204; x_wconf 91' lang='lat' dir='ltr'>quo</span> <span class='ocrx_word' id='word_1_334' title='bbox 2433 4123 2723 4184; x_wconf 85' lang='lat' dir='ltr'>extractio</span> <span class='ocrx_word' id='word_1_335' title='bbox 2757 4122 3021 4203; x_wconf 90' lang='lat' dir='ltr'>permitti</span> <span class='ocrx_word' id='word_1_336' title='bbox 3054 4122 3229 4199; x_wconf 89' lang='lat' dir='ltr'>solet,</span> 
     </span>
     <span class='ocr_line' id='line_1_43' title="bbox 614 4228 3230 4311; baseline -0.002 -17"><span class='ocrx_word' id='word_1_337' title='bbox 614 4231 966 4308; x_wconf 89' lang='lat' dir='ltr'>advenerit),</span> <span class='ocrx_word' id='word_1_338' title='bbox 1015 4250 1221 4311; x_wconf 90' lang='lat' dir='ltr'>neque</span> <span class='ocrx_word' id='word_1_339' title='bbox 1273 4231 1567 4310; x_wconf 89' lang='lat' dir='ltr'>cuiquam</span> <span class='ocrx_word' id='word_1_340' title='bbox 1619 4230 2072 4292; x_wconf 85' lang='lat' dir='ltr'>immunitatem</span> <span class='ocrx_word' id='word_1_341' title='bbox 2118 4251 2228 4292; x_wconf 90' lang='lat' dir='ltr'>seu</span> <span class='ocrx_word' id='word_1_342' title='bbox 2276 4231 2734 4311; x_wconf 88' lang='lat' dir='ltr'>exemptionem</span> <span class='ocrx_word' id='word_1_343' title='bbox 2782 4250 2850 4291; x_wconf 92' lang='lat' dir='ltr'>ac</span> <span class='ocrx_word' id='word_1_344' title='bbox 2898 4228 3104 4290; x_wconf 87' lang='lat' dir='ltr'>officio</span> <span class='ocrx_word' id='word_1_345' title='bbox 3137 4229 3230 4289; x_wconf 91' lang='lat' dir='ltr'>vel</span> 
     </span>
     <span class='ocr_line' id='line_1_44' title="bbox 613 4333 3230 4417; baseline -0.002 -19"><span class='ocrx_word' id='word_1_346' title='bbox 613 4338 859 4398; x_wconf 89' lang='lat' dir='ltr'>servitio</span> <span class='ocrx_word' id='word_1_347' title='bbox 892 4337 945 4396; x_wconf 93' lang='lat' dir='ltr'>ei</span> <span class='ocrx_word' id='word_1_348' title='bbox 978 4336 1393 4414; x_wconf 90' lang='lat' dir='ltr'>incumbente,</span> <span class='ocrx_word' id='word_1_349' title='bbox 1426 4337 1616 4414; x_wconf 88' lang='lat' dir='ltr'>vulgo</span> <span class='ocrx_word' id='word_1_350' title='bbox 1650 4336 2075 4397; x_wconf 89' lang='lat' dir='ltr'>iubilationem</span> <span class='ocrx_word' id='word_1_351' title='bbox 2112 4351 2552 4417; x_wconf 88' lang='lat' dir='ltr'>nuncupatam,</span> <span class='ocrx_word' id='word_1_352' title='bbox 2601 4335 2888 4413; x_wconf 88' lang='lat' dir='ltr'>tribuere,</span> <span class='ocrx_word' id='word_1_353' title='bbox 2922 4353 3038 4395; x_wconf 91' lang='lat' dir='ltr'>nec</span> <span class='ocrx_word' id='word_1_354' title='bbox 3069 4333 3230 4395; x_wconf 91' lang='lat' dir='ltr'>ullos</span> 
     </span>
     <span class='ocr_line' id='line_1_45' title="bbox 616 4439 3232 4523; baseline -0.002 -19"><span class='ocrx_word' id='word_1_355' title='bbox 616 4463 754 4504; x_wconf 90' lang='lat' dir='ltr'>reos</span> <span class='ocrx_word' id='word_1_356' title='bbox 800 4458 859 4503; x_wconf 91' lang='lat' dir='ltr'>et</span> <span class='ocrx_word' id='word_1_357' title='bbox 903 4442 1333 4523; x_wconf 89' lang='lat' dir='ltr'>delinquentes</span> <span class='ocrx_word' id='word_1_358' title='bbox 1366 4441 1703 4521; x_wconf 90' lang='lat' dir='ltr'>absolvere,</span> <span class='ocrx_word' id='word_1_359' title='bbox 1748 4443 1841 4503; x_wconf 91' lang='lat' dir='ltr'>vel</span> <span class='ocrx_word' id='word_1_360' title='bbox 1878 4463 1986 4523; x_wconf 93' lang='lat' dir='ltr'>per</span> <span class='ocrx_word' id='word_1_361' title='bbox 2017 4443 2190 4504; x_wconf 92' lang='lat' dir='ltr'>liberi</span> <span class='ocrx_word' id='word_1_362' title='bbox 2224 4459 2608 4504; x_wconf 89' lang='lat' dir='ltr'>commeatus</span> <span class='ocrx_word' id='word_1_363' title='bbox 2640 4442 2896 4520; x_wconf 91' lang='lat' dir='ltr'>tabulas,</span> <span class='ocrx_word' id='word_1_364' title='bbox 2931 4460 3082 4521; x_wconf 90' lang='lat' dir='ltr'>quas</span> <span class='ocrx_word' id='word_1_365' title='bbox 3114 4439 3232 4500; x_wconf 89' lang='lat' dir='ltr'>sal-</span> 
     </span>
     <span class='ocr_line' id='line_1_46' title="bbox 617 4548 3231 4631; baseline -0.001 -22"><span class='ocrx_word' id='word_1_366' title='bbox 617 4551 1152 4612; x_wconf 90' lang='lat' dir='ltr'>vumconductum</span> <span class='ocrx_word' id='word_1_367' title='bbox 1187 4551 1517 4631; x_wconf 90' lang='lat' dir='ltr'>appellant,</span> <span class='ocrx_word' id='word_1_368' title='bbox 1566 4550 1746 4610; x_wconf 90' lang='lat' dir='ltr'>etiam</span> <span class='ocrx_word' id='word_1_369' title='bbox 1782 4550 1859 4610; x_wconf 89' lang='lat' dir='ltr'>ad</span> <span class='ocrx_word' id='word_1_370' title='bbox 1893 4566 2139 4631; x_wconf 90' lang='lat' dir='ltr'>tempus</span> <span class='ocrx_word' id='word_1_371' title='bbox 2172 4569 2539 4629; x_wconf 89' lang='lat' dir='ltr'>assecurare,</span> <span class='ocrx_word' id='word_1_372' title='bbox 2575 4550 2688 4611; x_wconf 92' lang='lat' dir='ltr'>nisi</span> <span class='ocrx_word' id='word_1_373' title='bbox 2722 4550 2829 4630; x_wconf 93' lang='lat' dir='ltr'>qui</span> <span class='ocrx_word' id='word_1_374' title='bbox 2861 4549 3091 4610; x_wconf 90' lang='lat' dir='ltr'>leviora</span> <span class='ocrx_word' id='word_1_375' title='bbox 3123 4548 3231 4608; x_wconf 85' lang='lat' dir='ltr'>de-</span> 
     </span>
     <span class='ocr_line' id='line_1_47' title="bbox 611 4657 3232 4738; baseline -0.003 -18"><span class='ocrx_word' id='word_1_376' title='bbox 611 4658 751 4720; x_wconf 92' lang='lat' dir='ltr'>licta</span> <span class='ocrx_word' id='word_1_377' title='bbox 783 4657 941 4718; x_wconf 90' lang='lat' dir='ltr'>Sede</span> <span class='ocrx_word' id='word_1_378' title='bbox 976 4657 1104 4738; x_wconf 89' lang='lat' dir='ltr'>ipsa</span> <span class='ocrx_word' id='word_1_379' title='bbox 1135 4672 1387 4718; x_wconf 91' lang='lat' dir='ltr'>vacante</span> <span class='ocrx_word' id='word_1_380' title='bbox 1422 4657 1867 4734; x_wconf 90' lang='lat' dir='ltr'>commiserint,</span> <span class='ocrx_word' id='word_1_381' title='bbox 1900 4658 2235 4737; x_wconf 90' lang='lat' dir='ltr'>minusque</span> <span class='ocrx_word' id='word_1_382' title='bbox 2268 4658 2516 4718; x_wconf 87' lang='lat' dir='ltr'>exilium</span> <span class='ocrx_word' id='word_1_383' title='bbox 2541 4657 2796 4718; x_wconf 89' lang='lat' dir='ltr'>aliamve</span> <span class='ocrx_word' id='word_1_384' title='bbox 2819 4673 3232 4736; x_wconf 88' lang='lat' dir='ltr'>quamcunm-</span> 
     </span>
     <span class='ocr_line' id='line_1_48' title="bbox 614 4759 3232 4845; baseline -0.001 -21"><span class='ocrx_word' id='word_1_385' title='bbox 614 4784 734 4844; x_wconf 92' lang='lat' dir='ltr'>que</span> <span class='ocrx_word' id='word_1_386' title='bbox 787 4782 1052 4845; x_wconf 89' lang='lat' dir='ltr'>poenam</span> <span class='ocrx_word' id='word_1_387' title='bbox 1105 4764 1287 4825; x_wconf 87' lang='lat' dir='ltr'>etiam</span> <span class='ocrx_word' id='word_1_388' title='bbox 1341 4762 1760 4844; x_wconf 87' lang='lat' dir='ltr'>pecuniariam</span> <span class='ocrx_word' id='word_1_389' title='bbox 1810 4763 1930 4823; x_wconf 89' lang='lat' dir='ltr'>illis</span> <span class='ocrx_word' id='word_1_390' title='bbox 1981 4759 2305 4843; x_wconf 87' lang='lat' dir='ltr'>remittere,</span> <span class='ocrx_word' id='word_1_391' title='bbox 2361 4764 2719 4825; x_wconf 87' lang='lat' dir='ltr'>condonare</span> <span class='ocrx_word' id='word_1_392' title='bbox 2775 4762 2870 4823; x_wconf 92' lang='lat' dir='ltr'>vel</span> <span class='ocrx_word' id='word_1_393' title='bbox 2924 4760 3232 4822; x_wconf 88' lang='lat' dir='ltr'>moderari</span> 
     </span>
     <span class='ocr_line' id='line_1_49' title="bbox 619 4869 3233 4952; baseline -0 -23"><span class='ocrx_word' id='word_1_394' title='bbox 619 4873 832 4933; x_wconf 90' lang='lat' dir='ltr'>valeat.</span> <span class='ocrx_word' id='word_1_395' title='bbox 893 4870 957 4932; x_wconf 91' lang='lat' dir='ltr'>Si</span> <span class='ocrx_word' id='word_1_396' title='bbox 1003 4870 1154 4950; x_wconf 91' lang='lat' dir='ltr'>quid</span> <span class='ocrx_word' id='word_1_397' title='bbox 1202 4890 1349 4931; x_wconf 89' lang='lat' dir='ltr'>vero</span> <span class='ocrx_word' id='word_1_398' title='bbox 1382 4884 1594 4931; x_wconf 90' lang='lat' dir='ltr'>contra</span> <span class='ocrx_word' id='word_1_399' title='bbox 1627 4886 2013 4949; x_wconf 88' lang='lat' dir='ltr'>praesentem</span> <span class='ocrx_word' id='word_1_400' title='bbox 2045 4871 2530 4952; x_wconf 88' lang='lat' dir='ltr'>prohibitionem</span> <span class='ocrx_word' id='word_1_401' title='bbox 2564 4871 2793 4931; x_wconf 89' lang='lat' dir='ltr'>factum</span> <span class='ocrx_word' id='word_1_402' title='bbox 2828 4870 2923 4947; x_wconf 88' lang='lat' dir='ltr'>sit,</span> <span class='ocrx_word' id='word_1_403' title='bbox 2956 4869 3233 4949; x_wconf 92' lang='lat' dir='ltr'>quilibet,</span> 
     </span>
     <span class='ocr_line' id='line_1_50' title="bbox 615 4975 3306 5057; baseline -0.001 -19"><span class='ocrx_word' id='word_1_404' title='bbox 615 4998 683 5038; x_wconf 91' lang='lat' dir='ltr'>ac</span> <span class='ocrx_word' id='word_1_405' title='bbox 737 4978 917 5038; x_wconf 88' lang='lat' dir='ltr'>etiam</span> <span class='ocrx_word' id='word_1_406' title='bbox 970 4975 1249 5037; x_wconf 87' lang='lat' dir='ltr'>officialis</span> <span class='ocrx_word' id='word_1_407' title='bbox 1296 4977 1404 5057; x_wconf 93' lang='lat' dir='ltr'>qui</span> <span class='ocrx_word' id='word_1_408' title='bbox 1453 4977 1513 5037; x_wconf 93' lang='lat' dir='ltr'>id</span> <span class='ocrx_word' id='word_1_409' title='bbox 1561 4977 1783 5056; x_wconf 91' lang='lat' dir='ltr'>exequi</span> <span class='ocrx_word' id='word_1_410' title='bbox 1831 4995 2080 5040; x_wconf 89' lang='lat' dir='ltr'>coactus</span> <span class='ocrx_word' id='word_1_411' title='bbox 2128 4978 2323 5053; x_wconf 83' lang='lat' dir='ltr'>fuerit,</span> <span class='ocrx_word' id='word_1_412' title='bbox 2370 4997 2500 5038; x_wconf 90' lang='lat' dir='ltr'>rem</span> <span class='ocrx_word' id='word_1_413' title='bbox 2548 4976 2924 5039; x_wconf 90' lang='lat' dir='ltr'>denunciare</span> <span class='ocrx_word' id='word_1_414' title='bbox 2956 4992 3235 5038; x_wconf 89' lang='lat' dir='ltr'>teneatur</span> <span class='ocrx_word' id='word_1_415' title='bbox 3303 5044 3306 5046; x_wconf 45' lang='grc'>,</span> 
     </span>
    </p>
   </div>
  </div>
 </body>
</html>
