3684 5416
580 1544 631 1575 10

584 2077 628 2120 ι5

578 3144 632 3191 ²⁵

578 3680 635 3726 30

581 4215 634 4259 35

577 4750 638 4791 4ο

683 391 782 439 242
1309 373 1573 428 Potestas
1613 371 1991 428 ecclesiastica
2031 386 2087 428 et
2123 372 2427 444 imperium
2467 373 2645 429 civile.

682 557 962 619 excidant
1006 557 1091 618 illi
1138 557 1336 619 statim
1372 578 1492 620 suo
1526 558 1678 635 iure,
1715 559 1956 619 honore
1989 575 2195 618 tamen
2230 556 2516 638 famaque
2550 558 2807 636 illibatis,
2838 559 3198 640 fructusque
3230 576 3290 621 et

680 663 911 726 reditus
957 664 1101 725 citra
1132 684 1373 725 moram
1405 682 1466 726 et
1494 664 1924 745 exceptionem
1957 665 2195 739 cedant,
2237 664 2653 746 capituloque,
2687 681 2793 726 aut
2823 666 2924 727 cui
2953 666 3016 727 id
3050 668 3125 727 de
3157 667 3286 728 iure

679 771 994 851 competit,
1040 770 1350 850 integrum
1399 771 1492 849 sit,
1541 770 1721 831 aliam
1754 790 2085 852 personam
2121 771 2426 851 Religioni
2461 773 2535 849 ei,
2583 772 2660 832 ad
2691 791 2882 853 quam
2918 771 3287 833 beneficium

678 876 841 939 istud
887 876 1096 956 vigore
1143 878 1331 940 huius
1362 876 1822 939 Transactionis
1870 877 2146 957 pertinet,
2194 878 2518 952 addictam,
2567 879 2788 956 eligere
2823 894 2928 939 aut
2962 878 3286 960 postulare,

680 984 903 1046 relictis
945 999 1154 1045 tamen
1188 984 1691 1065 ArchiepiscopO,
1727 984 2056 1065 EpiscopO,
2089 984 2364 1045 Praelato
2411 1002 2518 1046 etc.
2553 985 2871 1046 decedenti
2907 986 3202 1047 fructibus
3233 1002 3289 1047 et

680 1091 976 1153 reditibus
1010 1091 1238 1152 interea
1272 1091 1571 1172 perceptis
1604 1106 1663 1151 et
1694 1091 2097 1172 consumptis.
2162 1090 2225 1151 Si
2259 1111 2407 1170 ergo
2438 1091 2664 1167 Status,
2698 1111 2808 1154 seu
2840 1093 3145 1154 Catholici
3178 1112 3288 1155 seu

681 1203 1079 1277 Augustanae
1110 1195 1506 1259 Confessioni
1550 1196 1791 1274 addicti,
1829 1196 2496 1278 Archiepiscopatibus,
2531 1199 3018 1280 Episcopatibus,
3054 1198 3290 1259 benefi-

677 1304 791 1365 ciis
822 1320 929 1365 aut
960 1303 1326 1384 praebendis
1357 1303 1487 1366 suis
1520 1303 1886 1365 immediatis
1919 1325 1950 1365 a
1985 1304 2084 1364 die
2118 1304 2310 1386 prima
2344 1305 2603 1366 Ianuarii
2636 1307 2784 1367 anni
2816 1306 3124 1372 millesimi
3156 1325 3291 1367 sex-

679 1410 997 1472 centesimi
1046 1410 1316 1471 vicesimi
1367 1411 1597 1491 quarti,
1651 1409 2014 1471 iudicialiter
2062 1425 2166 1471 aut
2217 1411 2742 1473 extraiudicialiter
2790 1411 3138 1489 exciderint,
3189 1427 3294 1471 aut

684 1536 1067 1598 quocunque
1111 1517 1302 1578 modo
1347 1517 1570 1579 turbati
1616 1516 1861 1590 fuerint,
1911 1517 2120 1596 vigore
2169 1519 2389 1578 harum
2422 1518 2587 1578 illico
2620 1535 2743 1580 tam
2777 1521 2842 1579 in
2876 1517 3296 1579 ecclesiasticis

685 1644 876 1704 quam
921 1622 1202 1706 politicis,
1248 1623 1541 1685 omnibus
1587 1623 2026 1685 novationibus
2074 1624 2331 1700 abolitiS,
2363 1624 2777 1702 restituantur,
2809 1625 2888 1685 ita
2920 1626 3193 1706 quidem,
3224 1640 3296 1686 ut

682 1749 1098 1813 quaecunque
1130 1734 1293 1792 bona
1325 1731 1729 1793 ecclesiastica
1764 1731 2114 1791 immediata
2148 1731 2248 1791 die
2283 1732 2479 1812 prima
2514 1731 2772 1792 Ianuarii
2803 1733 2948 1792 anni
2984 1730 3292 1792 millesimi

684 1838 1106 1900 sexcentesimi
1157 1838 1434 1918 vigesimi
1496 1838 1697 1920 quarti
1751 1839 2075 1899 Catholico
2129 1840 2408 1920 praesule
2463 1840 2847 1921 regebantur,
2901 1837 3296 1900 Catholicum

683 1960 869 2027 caput
898 1944 1210 2026 recipiant,
1242 1960 1300 2006 et
1330 1945 1596 2007 vicissim
1628 1966 1788 2026 quae
1823 1946 1986 2006 dicto
2019 1965 2186 2006 anno
2220 1945 2444 2026 dieque
2477 1951 2871 2026 Augustanae
2903 1944 3296 2007 Confessioni

683 2051 907 2112 addicti
938 2051 1353 2132 possidebant,
1388 2052 1686 2114 retineant
1719 2052 1902 2113 etiam
1935 2053 2001 2113 in
2035 2069 2385 2133 posterum:
2422 2054 2693 2114 remissis
2725 2070 2952 2128 tamen,
2986 2074 3146 2134 quae
3168 2071 3297 2114 una

684 2179 821 2241 pars
867 2174 1080 2219 contra
1124 2159 1373 2219 alteram
1420 2160 1820 2240 praetendere
1855 2174 2079 2240 posset,
2113 2161 2408 2241 perceptis
2442 2162 2668 2222 interea
2701 2159 3021 2237 fructibus,
3056 2159 3300 2222 damnis

681 2282 744 2327 et
774 2264 1070 2348 expensis.

887 2382 929 2443 ¹s
973 2373 1065 2434 16.
1126 2371 1223 2433 IV.
1287 2370 1358 2432 ln
1403 2372 1693 2433 omnibus
1726 2372 2392 2454 ArchiepiscopatibuS,
2443 2373 2909 2454 Episcopatibus
2951 2389 3009 2433 et
3040 2372 3298 2454 reliquis

684 2478 1152 2540 fundationibus
1202 2478 1570 2540 immediatis
1620 2479 1750 2539 iura
1801 2479 2069 2560 eligendi
2119 2496 2178 2540 et
2224 2480 2578 2561 postulandi
2626 2480 2791 2541 iuxta
2836 2480 3140 2560 cuiusque
3173 2479 3299 2540 loci

684 2585 1165 2648 consuetudines
1196 2601 1255 2646 et
1285 2601 1507 2647 statuta
1538 2587 1792 2667 antiqua
1824 2587 2048 2647 illibata
2080 2602 2391 2664 maneant,
2425 2602 2735 2667 quatenus
2757 2586 2855 2648 illa
2878 2587 3120 2668 Imperii
3141 2605 3298 2646 con—

687 2693 1136 2771 stitutionibtm,
1168 2691 1598 2755 Transactioni
1646 2693 2040 2770 passaviensi‚
2090 2693 2227 2754 Paci
2278 2692 2639 2776 Religiosae,
2690 2711 2747 2757 et
2797 2693 3098 2776 imprimis
3148 2694 3298 2756 huic

686 2800 1080 2863 declarationi
1128 2814 1188 2860 et
1218 2799 1652 2861 Transactioni
1697 2815 1844 2860 sunt
1886 2798 2228 2860 conformia
2275 2816 2333 2861 et
2378 2800 2602 2861 intuitu
2637 2801 3299 2881 Archiepiscopatuutn

687 2908 744 2969 et
777 2907 1260 2988 Episcopatuum
1293 2911 1691 2985 Augustanae
1740 2905 2136 2968 Confessioni
2182 2907 2442 2967 addictis
2490 2907 2984 2988 permanentium
3031 2928 3098 2968 ea
3145 2907 3302 2968 nihil

685 3013 754 3073 in
785 3033 848 3073 se
882 3012 1244 3074 contineant
1275 3012 1356 3072 illi
1391 3012 1788 3074 Confessioni
1820 3013 2167 3089 adversum,
2202 3013 2362 3075 sicut
2393 3014 2575 3074 etiam
2612 3014 2835 3095 pariter
2864 3015 2928 3075 in
2965 3014 3300 3096 Episcopa-

687 3120 852 3181 tibus
898 3135 955 3181 et
988 3119 1293 3198 Ecclesiis,
1342 3119 1405 3179 in
1452 3120 1682 3200 quibus
1729 3119 2062 3180 Catholicis
2110 3136 2168 3180 et
2213 3125 2612 3199 Augustanae
2659 3120 3083 3182 Confessionis
3130 3120 3300 3181 ordi-

690 3228 877 3288 nibus
941 3225 1125 3286 mixta
1175 3225 1304 3286 iura
1354 3226 1783 3303 admittuntur,
1837 3227 2073 3288 statutis
2123 3227 2391 3307 antiquis
2444 3227 2595 3288 nihil
2644 3229 2719 3288 de
2781 3247 2949 3289 novo
2995 3228 3298 3289 admisce-

685 3350 841 3410 atur,
888 3333 1059 3414 quod
1107 3333 1574 3395 Catholicorum
1621 3335 1713 3394 vel
1764 3339 2167 3414 Augustanae
2229 3334 2627 3396 Confessioni
2688 3335 3076 3395 addictorum
3140 3352 3295 3395 con-

688 3441 1002 3503 scientiam
1049 3455 1108 3500 et
1163 3459 1411 3502 causam
1459 3461 1573 3523 pro
1619 3440 1923 3521 cuiusque
1970 3458 2136 3523 parte
2182 3442 2422 3502 laedere
2468 3461 2762 3502 eorumve
2797 3442 2892 3502 ius
2924 3440 3297 3501 imminuere

689 3548 897 3630 possit.

904 3664 934 3725 s
978 3674 1072 3720 17.
1136 3651 1429 3716 Postulati
1475 3673 1622 3715 vero
1654 3673 1762 3714 seu
1797 3653 1973 3716 electi
2004 3655 2067 3716 in
2102 3655 2641 3737 capitulationibus
2674 3655 2798 3715 suis
2831 3655 3197 3736 spondeant,
3229 3674 3294 3714 se

687 3777 1005 3844 susceptos
1039 3759 1488 3822 Ecclesiasticos
1519 3760 1920 3841 Principatus,
1952 3761 2272 3840 dignitates
2304 3779 2362 3822 et
2393 3761 2685 3823 beneficia
2718 3780 3117 3841 nequaquam
3152 3761 3300 3820 hae·

689 3869 978 3931 reditario
1022 3867 1152 3929 iure
1199 3886 1590 3947 possessuros
1636 3882 1742 3928 aut
1789 3868 1849 3928 id
1898 3883 2160 3947 acturos,
2212 3884 2279 3929 ut
2327 3868 2723 3929 haereditaria
2776 3867 2936 3945 fiant,
2970 3869 3078 3928 sed
3112 3868 3300 3928 libera

692 3978 768 4039 sit
813 3976 1043 4058 ubique
1092 3974 1380 4056 capitulo,
1427 3989 1487 4036 et
1532 3976 1761 4055 quibus
1807 3974 1869 4035 id
1904 3991 2208 4056 praeterea
2241 3976 2463 4057 pariter
2494 3995 2639 4036 cum
2672 3976 2945 4056 capitulo
2978 3993 3093 4056 pro
3123 3993 3300 4036 more

694 4085 1006 4166 competit,
1056 4100 1178 4143 tam
1226 4080 1440 4142 electio
1472 4097 1528 4141 et
1562 4081 1915 4161 postulatio,
1955 4102 2145 4162 quam
2178 4083 2320 4143 sede
2352 4097 2603 4143 vacante
2635 4081 3079 4143 administratio
3113 4096 3172 4142 et
3203 4080 3299 4142 iu·-

693 4192 852 4253 rium
888 4188 1350 4271 Episcopalium
1383 4188 1764 4265 exercitium,
1807 4208 2119 4269 operaque
2153 4189 2348 4265 detur,
2386 4208 2464 4249 ne
2498 4187 2772 4266 Nobiles,
2806 4188 3062 4265 patricii,
3096 4187 3299 4268 gradi-

697 4300 811 4359 bus
842 4295 1224 4359 Academicis
1269 4294 1541 4374 insigniti
1586 4295 1899 4374 aliaequae
1949 4315 2245 4375 personae
2281 4297 2559 4370 idoneae,
2597 4295 2700 4357 ubi
2735 4296 2796 4356 id
2831 4295 3300 4358 fundationibus

697 4426 829 4467 non
859 4406 1228 4478 adversatur,
1263 4402 1685 4478 excludantur,
1721 4403 1828 4463 sed
1864 4419 1932 4463 ut
1964 4403 2172 4484 potius
2206 4403 2268 4463 in
2304 4402 2376 4463 iis
2407 4418 2870 4463 conserventur.

909 4520 937 4581 S
983 4513 1077 4573 18.
1116 4511 1185 4570 V.
1235 4509 1355 4571 Ubi
1392 4508 1571 4569 Sacra
1604 4509 1900 4569 Caesarea
1937 4508 2219 4570 Maiestas
2252 4508 2349 4570 ius
2383 4508 2808 4589 primariarum
2845 4527 3097 4590 precum
3131 4527 3300 4568 exer-

694 4619 836 4697 cuit,
888 4632 1158 4679 exerceat
1205 4616 1389 4677 etiam
1433 4615 1497 4676 in
1545 4631 1881 4697 posterum,
1930 4616 2278 4677 dummodo
2328 4615 2660 4675 decedente
2693 4619 3095 4694 Augustanae
3126 4613 3300 4676 Con-

692 4725 942 4789 fessioni
988 4724 1228 4785 addicto
1273 4725 1336 4784 in
1382 4722 1513 4783 eius
1562 4723 1903 4804 Religionis
1949 4723 2417 4805 Episcopatibus
2461 4727 2858 4800 Augustanae
2904 4720 3303 4783 Confessioni

691 4834 967 4894 addictus
997 4831 1073 4892 ad
1105 4849 1389 4891 normam
1435 4844 1806 4891 statutorum
1854 4845 1911 4891 et
1953 4830 2371 4891 observantiae
2418 4829 2685 4890 idoneus
2719 4827 3001 4909 precibus
3034 4827 3296 4890 fruatur.

689 4941 760 5001 In
810 4939 1012 5001 mixtis
1063 4958 1210 4999 vero
1261 4958 1334 4998 ex
1384 4953 1646 5018 utraque
1681 4936 2004 5018 Religione
2040 4958 2150 4999 seu
2185 4935 2665 5019 Episcopatibus,
2697 4955 2807 4996 seu
2839 4934 2970 4995 aliis
3003 4934 3155 4996 locis
3188 4936 3303 4997 im·-
