3684 5416
517 1548 565 1578 10

516 2081 561 2123 ¹5

509 2616 562 2647 20

624 380 693 434 26

1584 371 1833 428 Ecclesia
1863 369 2271 442 antiquissima.

622 558 785 640 οἴνῳ
816 557 1042 638 πολλῷ
1072 557 1537 636 προσέχουσα,
1569 555 1686 616 ἵνα
1705 552 1896 631 δύνη-
1923 586 1926 589 -
1954 553 2018 613 in
2071 553 2389 614 nocturnis
2439 553 2802 624 ministeriis,
2863 568 2923 614 et
2970 553 3020 614 si
3071 573 3229 634 quae

622 686 727 728 ται
790 663 1027 745 νήφειν
1080 662 1256 740 πρὸς
1315 663 1441 740 τὰς
1499 663 1898 738 νυκτερινὰς
1955 660 2071 722 alia
2104 658 2457 721 benefacere
2491 660 2667 731 velit:
2702 660 2929 721 etenim
2962 660 3026 721 hi
3047 659 3226 741 primi

620 770 1017 850 ὑπηρεσίας,
1032 770 1146 832 καὶ
1165 769 1339 846 εἴτις
1358 768 1565 848 ἑτέρα
1584 765 1901 852 βούλοιτο
1959 767 2214 828 Domini
2247 768 2516 829 thesauri
2549 784 2695 828 sunt
2727 767 2893 827 boni.

622 879 1069 958 ἐργαγαθείν·
1104 878 1217 941 καὶ
1250 877 1389 955 γὰρ
1421 880 1637 940 ταῦτα
1667 877 1902 953 πρῶτα

620 985 861 1063 κυρίου
890 984 1421 1067 θησαυρίσματά
1453 984 1623 1046 εἰσιν
1643 983 1897 1060 ἀγαθά.

710 1095 894 1157 ΧΧΙΙ.
946 1090 1278 1170 Ἀνδρέας
1312 1090 1527 1154 εἶπεν·
1577 1091 1900 1153 Διάκονοι

619 1201 901 1279 ἐργάται
945 1200 1077 1261 τῶν
1123 1200 1351 1261 καλῶν
1398 1197 1621 1277 ἔργων
1663 1195 1900 1275 νυχθή-

621 1327 831 1388 μερον
878 1305 1356 1369 ἐπελεύσονται
1387 1306 1755 1383 πανταχοῦ,
1789 1303 1898 1386 μή·

619 1435 693 1475 τε
767 1414 1020 1492 πένητα
1094 1410 1675 1491 ὑπεροπτεύοντες
1737 1409 1899 1492 μήτε

621 1520 947 1583 πλούσιον
977 1521 1735 1598 προσωποληπτοῦντες,
1772 1519 1896 1580 ἐπι-

619 1626 998 1707 γνώσονται
1044 1627 1164 1689 τὸν
1195 1625 1622 1711 θλιβόμενον,
1671 1625 1784 1687 καὶ
1819 1627 1898 1687 ἐκ

618 1736 738 1813 τῆς
781 1734 1021 1811 λογίας
1052 1734 1137 1796 οὐ
1169 1734 1764 1814 παραπέμψονται·
1836 1756 1893 1797 2.

621 1841 1182 1919 ἐπαναγκάσουσι
1249 1839 1411 1916 τοὺς
1472 1838 1898 1921 δυναμένους

619 1947 1193 2025 ἀποθησαυρίζειν
1242 1947 1340 2024 εἰς
1404 1946 1578 2024 ἔργα
1640 1948 1896 2024 ἀγαθά,

620 2056 1064 2133 προορῶντας
1083 2052 1245 2131 τοὺς
1259 2054 1515 2132 λόγους
1530 2056 1651 2116 τοῦ
1669 2052 1896 2116 διδασ-

616 2163 834 2225 κάλου
881 2162 1095 2243 ἡμῶν.
1162 2160 1402 2223 Εῑδετέ
1447 2182 1528 2243 με
1570 2162 1899 2223 πεινῶντα

615 2269 728 2330 καὶ
761 2270 890 2331 οὐκ
916 2269 1259 2350 ἑθρέψατέ
1281 2288 1389 2349 με·
1426 2267 1489 2328 οἱ
1510 2270 1649 2346 γὰρ
1668 2268 1896 2344 καλῶς

618 2375 1152 2454 διακονήσαντες
1180 2377 1292 2438 καὶ
1314 2374 1668 2457 ἀμέμπτως
1688 2374 1897 2436 τόπον

618 2483 889 2560 ἑαυτοῖς
935 2484 1465 2561 προσποιοῦνται
1515 2482 1635 2544 τὸν
1678 2502 1892 2564 ποιμε-

615 2590 821 2652 νικόν.

704 2701 910 2762 ΧΧΙῙΙ.
946 2695 1277 2773 Φίλιππος
1298 2695 1511 2758 εἶπεν·
1550 2693 1633 2758 ‘O
1654 2694 1894 2772 λαῖκὸς

617 2810 763 2881 τοῖς·
773 2805 1035 2882 λαῖκοίς
1046 2805 1388 2883 πράγμασι
1402 2804 1893 2880 περιπειθέσθω

616 2911 1179 2993 ὑποτασσόμενος
1211 2915 1351 2986 τοῖς
1383 2908 1892 2987 παρεδρεύουσι

614 3019 703 3099 τῷ
754 3017 1236 3099 θυσιαστηρίῳ.
1304 3042 1361 3082 2.
1398 3016 1750 3093 ’Έκαστος
1799 3017 1890 3097 τῷ

506 3153 527 3182 2
615 3123 757 3205 ἰδίῳ
807 3123 989 3205 τόπῳ
1041 3125 1397 3202 ἀρεσκέτω
1443 3125 1534 3205 τῷ
1584 3124 1751 3204 θεῷ,
1804 3123 1886 3204 μὴ

612 3231 1137 3311 φιλεχθροῦντες
1189 3230 1509 3307 ἀλλήλοις
1559 3230 1707 3307 περὶ
1757 3231 1889 3291 τῶν

611 3338 1051 3418 τεταγμένων,
1100 3335 1394 3412 ἕκαστος
1441 3337 1515 3397 ἐν
1546 3333 1598 3418 ᾧ
1634 3336 1885 3414 ἐκλήθη

608 3445 798 3521 παρὰ
844 3444 934 3522 τῷ
986 3443 1144 3524 θεῷ.
1229 3466 1284 3524 3.
1338 3440 1421 3505 ‘O
1475 3443 1715 3520 ἕτερος
1765 3445 1887 3505 τοῦ

609 3550 851 3630 ἑτέρου
901 3550 1020 3612 τὸν
1065 3548 1327 3631 δρόμον
1359 3549 1442 3631 μὴ
1476 3552 1885 3632 παρατεμνέ-

609 3659 782 3719 σθω·
816 3656 985 3720 οὐδὲ
1016 3658 1154 3737 γὰρ
1188 3657 1251 3717 οἱ
1285 3658 1564 3735 ἄγγελοι
1597 3657 1786 3733 παρὰ
1805 3656 1884 3718 τὸ

607 3764 1132 3846 διατεταγμένον
1166 3766 1398 3839 αὐτοῖς
1418 3762 1625 3825 οὐδὲν
1645 3763 1884 3840 ἕτερον

607 3871 1089 3944 ἐξελίσσουσιν.

694 3981 909 4041 XXIV.
950 3976 1292 4055 Ἀνδρέας
1325 3976 1536 4039 εἶπεν·
1581 3976 1880 4056 Εὔχρησ-

605 4082 723 4145 τόν
786 4086 986 4157 ἐστιν,
1051 4084 1360 4164 ἀδελφοί,
1424 4089 1570 4161 ταῖς
1619 4082 1879 4163 γυναιξὶ

497 4218 545 4261 ιε
604 4189 957 4253 διακονίαν
986 4193 1427 4269 καταστῆσαι.

694 4302 885 4361 XXV.
910 4298 1183 4375 Πέτρος
1203 4296 1409 4359 εἶπεν·
1440 4297 1882 4381 Ἐφθάσαμεν

602 4407 959 4481 τάξαντες·
1012 4405 1161 4482 περὶ
1208 4404 1288 4466 δὲ
1318 4407 1438 4483 τῆς
1469 4408 1881 4484 προσφορᾶς

602 4515 722 4574 τοῦ
756 4510 1072 4594 σώματος
1102 4511 1214 4572 καὶ
1248 4513 1369 4573 τοῦ
1392 4513 1677 4591 αἵματος
1700 4516 1878 4589 ἀκρι-

607 4621 742 4703 βῶς
775 4618 1187 4701 μηνύσωμεν.

689 4730 906 4790 XXVI.
976 4726 1293 4802 Ἰωάννης
1333 4724 1544 4787 εἶπεν·
1605 4725 1876 4788 Ἐπελά-

603 4834 834 4905 θεσθε,
888 4832 1195 4914 ἀδελφοί,
1244 4833 1360 4895 ὅτε
1408 4831 1655 4912 ᾔτησεν
1701 4833 1741 4892 ό
1787 4832 1874 4895 δι-

601 4939 957 5017 δάσκαλος
1005 4939 1124 5001 τὸν
1170 4942 1382 5018 ἄρτον
1425 4939 1538 5000 καὶ
1573 4938 1649 5000 τὸ
1683 4939 1873 5018 ποτή-

2044 1088 2225 1149 XXII.
2258 1088 2541 1149 Andreas
2574 1088 2754 1149 dixit:
2791 1087 3049 1149 Diaconi
3081 1106 3228 1168 ope—

1954 1211 2183 1256 ratores
2216 1198 2529 1257 bonorum
2562 1215 2845 1276 operum,
2878 1210 3068 1257 noctu
3099 1193 3229 1256 die-

1955 1319 2075 1382 que
2107 1302 2520 1363 circumibunt
2552 1302 2803 1383 ubique,
2837 1320 3042 1382 neque
3075 1321 3227 1382 pau-

1955 1429 2165 1490 perem
2199 1410 2604 1491 despicientes
2636 1429 2839 1489 neque
2872 1407 3070 1470 divitis
3092 1426 3227 1489 per-

1953 1536 2170 1578 sonam
2203 1516 2585 1598 accipientes,
2617 1531 2954 1596 agnoscent
2975 1534 3228 1597 oppres-

1952 1644 2092 1684 sum
2139 1643 2340 1705 neque
2371 1645 2405 1685 a
2436 1623 2691 1685 collecta
2736 1623 3101 1691 excludent:
3171 1641 3226 1682 2.

1952 1749 2060 1792 eos
2091 1751 2258 1807 vem,
2307 1731 2536 1811 quibus
2568 1729 2881 1791 facultates
2911 1746 3075 1806 sunt,
3123 1747 3224 1790 co-

1953 1853 2102 1919 gent
2146 1838 2212 1899 in
2258 1837 2439 1898 bonis
2483 1837 2774 1918 operibus
2804 1837 3227 1913 thesaurizare,

1953 1944 2411 2006 considerantes
2456 1947 2639 2004 verba
2684 1943 2953 2023 magistri
3000 1941 3225 2004 nostri:

1958 2052 2204 2114 Vidistis
2235 2071 2336 2112 me
2368 2050 2758 2125 esurientem,
2795 2067 2852 2111 et
2883 2070 3012 2111 non
3033 2050 3228 2111 nutri-

1954 2160 2119 2220 vistis
2171 2178 2286 2219 me.
2351 2158 2479 2233 Qui
2531 2159 2692 2219 enim
2731 2161 2885 2219 bene
2917 2157 3224 2218 ministra-

1952 2282 2171 2327 verunt
2217 2281 2277 2326 et
2326 2263 2799 2346 inculpabiliter,
2853 2266 3061 2325 locum
3113 2263 3225 2325 sibi

1951 2373 2262 2434 vindicant
2292 2372 2678 2454 pastoralem.

2039 2693 2249 2755 XXIII.
2284 2691 2604 2773 Philippus
2636 2692 2816 2754 dixit:
2865 2692 3086 2753 Laicus
3118 2712 3224 2752 ne-

1949 2801 2133 2879 gotiis
2164 2800 2578 2861 saecularibus
2610 2799 2917 2876 inserviat,
2956 2799 3042 2859 eis
3074 2801 3220 2859 sub-

1948 2908 2126 2977 dituS,
2178 2906 2286 2988 qui
2338 2907 2506 2968 altari
2551 2906 2852 2969 adsident.
2924 2927 2978 2967 2.
3014 2906 3219 2969 Unus-

1947 3016 2211 3095 quisque
2245 3014 2494 3094 proprio
2513 3033 2631 3073 suo
2650 3013 2791 3074 loco
2814 3013 3042 3094 placeat
3067 3014 3215 3088 Dee,

1945 3122 2098 3182 alius
2144 3122 2241 3182 alii
2280 3141 2411 3183 non
2444 3141 2816 3183 succensens
2850 3137 3096 3202 propter
3129 3120 3218 3180 in·

1943 3230 2222 3290 stitutum
2268 3229 2575 3305 ordinem,
2642 3229 3093 3308 unusquisque,
3157 3229 3220 3288 in

1945 3356 2073 3417 quo
2106 3351 2357 3396 vocatus
2396 3351 2485 3397 est
2516 3357 2548 3396 a
2583 3335 2876 3396 DominO.
2947 3355 3001 3414 3.
3051 3334 3222 3395 Alter

1943 3444 2189 3504 alterius
2220 3462 2470 3503 cursum
2508 3462 2586 3503 ne
2618 3442 2967 3522 intercipiat.
3001 3443 3219 3521 Neque

1945 3551 2110 3611 enim
2172 3551 2374 3630 angeli
2422 3565 2659 3632 praeter
2709 3549 2789 3624 id,
2853 3549 3025 3629 quod
3074 3548 3218 3629 ipsis

1942 3674 2339 3739 praeceptum
2361 3674 2467 3730 est,
2489 3657 2833 3737 quidquam
2856 3656 3022 3717 aliud
3045 3675 3218 3737 prae-

1939 3780 2264 3846 occupant.

2025 3979 2238 4041 XXIV.
2309 3979 2591 4038 Andreas
2642 3976 2817 4038 dixit:
2887 3976 3049 4038 Utile
3100 3990 3207 4046 est,

1942 4087 2170 4163 fratreS,
2220 4085 2581 4146 mulieribus
2628 4082 3035 4143 ministerium
3069 4080 3214 4142 assi-

1936 4212 2141 4271 gnare.

2025 4300 2214 4360 XXV.
2258 4300 2469 4360 Petrus
2492 4298 2667 4358 dixit:
2704 4297 2827 4358 Iam
2862 4296 3209 4367 statuimus;

1936 4407 2012 4467 de
2046 4407 2355 4467 oblatione
2385 4425 2531 4466 vero
2565 4405 2842 4486 corporis
2874 4421 2932 4464 et
2964 4402 3210 4482 sangui-

1936 4514 2029 4574 nis
2061 4529 2337 4574 accurate
2371 4512 3016 4573 commonefaciamus,

2021 4721 2242 4787 XXVI.
2294 4727 2552 4788 Ioannes
2597 4726 2775 4787 dixit:
2833 4725 3021 4786 Obliti
3053 4724 3210 4800 esda,

1936 4833 2162 4913 fratres,
2199 4834 2370 4914 quod
2403 4834 2710 4914 magister,
2746 4853 2889 4895 cum
2912 4852 3131 4915 panem
3152 4848 3210 4892 et

1934 4941 2184 5003 calicem
2249 4957 2491 5022 rogaret
2553 4942 2763 5022 eisque
2827 4940 3207 5001 benediceret
