<?xml version="1.0" encoding="UTF-8"?>
<!DOCTYPE html PUBLIC "-//W3C//DTD XHTML 1.0 Transitional//EN"
    "http://www.w3.org/TR/xhtml1/DTD/xhtml1-transitional.dtd">
<html xmlns="http://www.w3.org/1999/xhtml" xml:lang="en" lang="en">
 <head>
  <title>
</title>
<meta http-equiv="Content-Type" content="text/html;charset=utf-8" />
  <meta name='ocr-system' content='tesseract 3.04.00' />
  <meta name='ocr-capabilities' content='ocr_page ocr_carea ocr_par ocr_line ocrx_word'/>
</head>
<body>
  <div class='ocr_page' id='page_1' title='image "./fontesiuriscano00unkngoog/fontesiuriscano00unkngoog_0096.png"; bbox 0 0 3684 5416; ppageno 0'>
   <div class='ocr_carea' id='block_1_1' title="bbox 582 1572 630 1604">
    <p class='ocr_par' dir='ltr' id='par_1_1' title="bbox 582 1572 630 1604">
     <span class='ocr_line' id='line_1_1' title="bbox 582 1572 630 1604; baseline -0.021 0"><span class='ocrx_word' id='word_1_1' title='bbox 582 1572 630 1604; x_wconf 85' lang='lat'>10</span> 
     </span>
    </p>
   </div>
   <div class='ocr_carea' id='block_1_2' title="bbox 588 2109 635 2152">
    <p class='ocr_par' dir='ltr' id='par_1_2' title="bbox 588 2109 635 2152">
     <span class='ocr_line' id='line_1_2' title="bbox 588 2109 635 2152; baseline 0 0"><span class='ocrx_word' id='word_1_2' title='bbox 588 2109 635 2152; x_wconf 82' lang='lat'>¹5</span> 
     </span>
    </p>
   </div>
   <div class='ocr_carea' id='block_1_3' title="bbox 586 2644 638 2675">
    <p class='ocr_par' dir='ltr' id='par_1_3' title="bbox 586 2644 638 2675">
     <span class='ocr_line' id='line_1_3' title="bbox 586 2644 638 2675; baseline 0 0"><span class='ocrx_word' id='word_1_3' title='bbox 586 2644 638 2675; x_wconf 81' lang='lat'>20</span> 
     </span>
    </p>
   </div>
   <div class='ocr_carea' id='block_1_4' title="bbox 593 3804 645 3849">
    <p class='ocr_par' dir='ltr' id='par_1_4' title="bbox 593 3804 645 3849">
     <span class='ocr_line' id='line_1_4' title="bbox 593 3804 645 3849; baseline 0 -16"><span class='ocrx_word' id='word_1_4' title='bbox 593 3804 645 3849; x_wconf 78' lang='lat'>30</span> 
     </span>
    </p>
   </div>
   <div class='ocr_carea' id='block_1_5' title="bbox 592 4875 649 4915">
    <p class='ocr_par' dir='ltr' id='par_1_5' title="bbox 592 4875 649 4915">
     <span class='ocr_line' id='line_1_5' title="bbox 592 4875 649 4915; baseline 0 -10"><span class='ocrx_word' id='word_1_5' title='bbox 592 4875 649 4915; x_wconf 80' lang='lat'>40</span> 
     </span>
    </p>
   </div>
   <div class='ocr_carea' id='block_1_6' title="bbox 676 404 746 458">
    <p class='ocr_par' dir='ltr' id='par_1_6' title="bbox 676 404 746 458">
     <span class='ocr_line' id='line_1_6' title="bbox 676 404 746 458; baseline 0 0"><span class='ocrx_word' id='word_1_6' title='bbox 676 404 746 458; x_wconf 84' lang='lat'>68</span> 
     </span>
    </p>
   </div>
   <div class='ocr_carea' id='block_1_7' title="bbox 678 582 1974 3023">
    <p class='ocr_par' dir='ltr' id='par_1_7' title="bbox 678 582 1971 2375">
     <span class='ocr_line' id='line_1_7' title="bbox 678 582 1957 662; baseline -0.003 -14"><span class='ocrx_word' id='word_1_7' title='bbox 678 586 919 659; x_wconf 79' lang='grc' dir='ltr'>ζεσθαι</span> <span class='ocrx_word' id='word_1_8' title='bbox 951 582 1205 662; x_wconf 77' lang='grc' dir='ltr'>αὐτοὺς</span> <span class='ocrx_word' id='word_1_9' title='bbox 1237 584 1640 662; x_wconf 76' lang='grc' dir='ltr'>ἐξάπαντος·</span> <span class='ocrx_word' id='word_1_10' title='bbox 1678 585 1736 647; x_wconf 79' lang='grc' dir='ltr'>εἰ</span> <span class='ocrx_word' id='word_1_11' title='bbox 1768 582 1850 647; x_wconf 91' lang='grc' dir='ltr'>δέ</span> <span class='ocrx_word' id='word_1_12' title='bbox 1879 604 1957 646; x_wconf 91' lang='grc' dir='ltr'>τι-</span> 
     </span>
     <span class='ocr_line' id='line_1_8' title="bbox 679 689 1959 774; baseline 0.001 -23"><span class='ocrx_word' id='word_1_13' title='bbox 679 711 797 768; x_wconf 89' lang='grc' dir='ltr'>νες</span> <span class='ocrx_word' id='word_1_14' title='bbox 818 692 893 753; x_wconf 81' lang='grc' dir='ltr'>ἐν</span> <span class='ocrx_word' id='word_1_15' title='bbox 910 692 1001 773; x_wconf 83' lang='grc' dir='ltr'>τῷ</span> <span class='ocrx_word' id='word_1_16' title='bbox 1021 689 1515 770; x_wconf 69' lang='grc' dir='ltr'>παρεληλυθότι</span> <span class='ocrx_word' id='word_1_17' title='bbox 1537 690 1761 774; x_wconf 84' lang='grc' dir='ltr'>χρόνῳ</span> <span class='ocrx_word' id='word_1_18' title='bbox 1778 692 1854 753; x_wconf 85' lang='grc' dir='ltr'>ἐν</span> <span class='ocrx_word' id='word_1_19' title='bbox 1868 691 1959 772; x_wconf 84' lang='grc' dir='ltr'>τῷ</span> 
     </span>
     <span class='ocr_line' id='line_1_9' title="bbox 684 797 1962 881; baseline -0.001 -21"><span class='ocrx_word' id='word_1_20' title='bbox 684 797 914 880; x_wconf 80' lang='grc' dir='ltr'>κλήρῳ</span> <span class='ocrx_word' id='word_1_21' title='bbox 926 798 1424 877; x_wconf 74' lang='grc' dir='ltr'>ἐξητάσθησαν,</span> <span class='ocrx_word' id='word_1_22' title='bbox 1439 799 1495 860; x_wconf 81' lang='grc' dir='ltr'>εἰ</span> <span class='ocrx_word' id='word_1_23' title='bbox 1506 797 1627 881; x_wconf 86' lang='grc' dir='ltr'>μὲν</span> <span class='ocrx_word' id='word_1_24' title='bbox 1637 800 1962 880; x_wconf 79' lang='grc' dir='ltr'><strong>ἄμεμπτοι</strong></span> 
     </span>
     <span class='ocr_line' id='line_1_10' title="bbox 683 904 1962 990; baseline 0.002 -24"><span class='ocrx_word' id='word_1_25' title='bbox 683 904 797 967; x_wconf 86' lang='grc' dir='ltr'>καὶ</span> <span class='ocrx_word' id='word_1_26' title='bbox 846 904 1271 986; x_wconf 76' lang='grc' dir='ltr'>ἀνεπίληπτοι</span> <span class='ocrx_word' id='word_1_27' title='bbox 1319 909 1617 988; x_wconf 83' lang='grc' dir='ltr'>φανεῖεν,</span> <span class='ocrx_word' id='word_1_28' title='bbox 1669 908 1962 990; x_wconf 71' lang='grc' dir='ltr'>ἀναβατι-</span> 
     </span>
     <span class='ocr_line' id='line_1_11' title="bbox 685 1011 1963 1092; baseline 0 -18"><span class='ocrx_word' id='word_1_29' title='bbox 685 1013 1028 1089; x_wconf 89' lang='grc' dir='ltr'>τισθέντες</span> <span class='ocrx_word' id='word_1_30' title='bbox 1095 1011 1751 1092; x_wconf 87' lang='grc' dir='ltr'>χειροτονείσθωσαν</span> <span class='ocrx_word' id='word_1_31' title='bbox 1828 1011 1963 1075; x_wconf 82' lang='grc' dir='ltr'>ὑπὸ</span> 
     </span>
     <span class='ocr_line' id='line_1_12' title="bbox 686 1118 1963 1200; baseline 0 -19"><span class='ocrx_word' id='word_1_32' title='bbox 686 1122 809 1182; x_wconf 83' lang='grc' dir='ltr'>τοῦ</span> <span class='ocrx_word' id='word_1_33' title='bbox 852 1122 973 1197; x_wconf 83' lang='grc' dir='ltr'>τῆς</span> <span class='ocrx_word' id='word_1_34' title='bbox 1016 1120 1389 1199; x_wconf 85' lang='grc' dir='ltr'>καθολικῆς</span> <span class='ocrx_word' id='word_1_35' title='bbox 1434 1118 1798 1200; x_wconf 75' lang='grc' dir='ltr'>ἐκκλησίας</span> <span class='ocrx_word' id='word_1_36' title='bbox 1837 1122 1963 1181; x_wconf 86' lang='grc' dir='ltr'>ἐπι-</span> 
     </span>
     <span class='ocr_line' id='line_1_13' title="bbox 687 1226 1964 1307; baseline -0.002 -17"><span class='ocrx_word' id='word_1_37' title='bbox 687 1226 982 1290; x_wconf 87' lang='grc' dir='ltr'>σκόπου·</span> <span class='ocrx_word' id='word_1_38' title='bbox 1049 1228 1106 1289; x_wconf 78' lang='grc' dir='ltr'>εἰ</span> <span class='ocrx_word' id='word_1_39' title='bbox 1152 1226 1233 1289; x_wconf 84' lang='grc' dir='ltr'>δὲ</span> <span class='ocrx_word' id='word_1_40' title='bbox 1276 1227 1315 1307; x_wconf 82' lang='grc' dir='ltr'>ἡ</span> <span class='ocrx_word' id='word_1_41' title='bbox 1357 1228 1715 1306; x_wconf 81' lang='grc' dir='ltr'>ἀνάκρισις</span> <span class='ocrx_word' id='word_1_42' title='bbox 1747 1230 1964 1289; x_wconf 87' lang='grc' dir='ltr'>ἀνεπι-</span> 
     </span>
     <span class='ocr_line' id='line_1_14' title="bbox 686 1332 1965 1412; baseline -0.001 -16"><span class='ocrx_word' id='word_1_43' title='bbox 686 1332 1001 1412; x_wconf 88' lang='grc' dir='ltr'>τηδείους</span> <span class='ocrx_word' id='word_1_44' title='bbox 1049 1332 1303 1412; x_wconf 71' lang='grc' dir='ltr'>αὐτοὺς</span> <span class='ocrx_word' id='word_1_45' title='bbox 1352 1334 1679 1412; x_wconf 78' lang='grc' dir='ltr'>εὑρίσκοι,</span> <span class='ocrx_word' id='word_1_46' title='bbox 1729 1335 1965 1396; x_wconf 87' lang='grc' dir='ltr'>καθαι-</span> 
     </span>
     <span class='ocr_line' id='line_1_15' title="bbox 687 1439 1967 1519; baseline 0 -17"><span class='ocrx_word' id='word_1_47' title='bbox 687 1442 957 1519; x_wconf 82' lang='grc' dir='ltr'>ρεῖσθαι</span> <span class='ocrx_word' id='word_1_48' title='bbox 978 1439 1232 1519; x_wconf 80' lang='grc' dir='ltr'>αὐτοὺς</span> <span class='ocrx_word' id='word_1_49' title='bbox 1250 1440 1599 1519; x_wconf 85' lang='grc' dir='ltr'>προσήκει.</span> <span class='ocrx_word' id='word_1_50' title='bbox 1633 1439 1967 1519; x_wconf 79' lang='grc' dir='ltr'>ὡσαύτως</span> 
     </span>
     <span class='ocr_line' id='line_1_16' title="bbox 688 1547 1967 1625; baseline -0.001 -16"><span class='ocrx_word' id='word_1_51' title='bbox 688 1547 769 1609; x_wconf 85' lang='grc' dir='ltr'>δὲ</span> <span class='ocrx_word' id='word_1_52' title='bbox 812 1547 925 1609; x_wconf 85' lang='grc' dir='ltr'>καὶ</span> <span class='ocrx_word' id='word_1_53' title='bbox 971 1547 1119 1625; x_wconf 89' lang='grc' dir='ltr'>περὶ</span> <span class='ocrx_word' id='word_1_54' title='bbox 1164 1549 1296 1609; x_wconf 80' lang='grc' dir='ltr'>τῶν</span> <span class='ocrx_word' id='word_1_55' title='bbox 1336 1548 1808 1622; x_wconf 82' lang='grc' dir='ltr'>διακονισσῶν,</span> <span class='ocrx_word' id='word_1_56' title='bbox 1854 1548 1967 1611; x_wconf 87' lang='grc' dir='ltr'>καὶ</span> 
     </span>
     <span class='ocr_line' id='line_1_17' title="bbox 688 1655 1966 1736; baseline 0.001 -20"><span class='ocrx_word' id='word_1_57' title='bbox 688 1656 868 1732; x_wconf 82' lang='grc' dir='ltr'>ὅλως</span> <span class='ocrx_word' id='word_1_58' title='bbox 897 1655 1047 1731; x_wconf 90' lang='grc' dir='ltr'>περὶ</span> <span class='ocrx_word' id='word_1_59' title='bbox 1080 1656 1212 1716; x_wconf 81' lang='grc' dir='ltr'>τῶν</span> <span class='ocrx_word' id='word_1_60' title='bbox 1244 1658 1318 1717; x_wconf 84' lang='grc' dir='ltr'>ἐν</span> <span class='ocrx_word' id='word_1_61' title='bbox 1350 1655 1439 1736; x_wconf 78' lang='grc' dir='ltr'>τῷ</span> <span class='ocrx_word' id='word_1_62' title='bbox 1472 1656 1712 1719; x_wconf 87' lang='grc' dir='ltr'>κανόνι</span> <span class='ocrx_word' id='word_1_63' title='bbox 1746 1658 1966 1730; x_wconf 78' lang='grc' dir='ltr'>ἐξετα-</span> 
     </span>
     <span class='ocr_line' id='line_1_18' title="bbox 687 1760 1967 1843; baseline 0.001 -20"><span class='ocrx_word' id='word_1_64' title='bbox 687 1762 1007 1843; x_wconf 79' lang='grc' dir='ltr'>ζομένων,</span> <span class='ocrx_word' id='word_1_65' title='bbox 1055 1761 1094 1821; x_wconf 87' lang='grc' dir='ltr'>ὁ</span> <span class='ocrx_word' id='word_1_66' title='bbox 1141 1760 1352 1838; x_wconf 81' lang='grc' dir='ltr'>αὐτὸς</span> <span class='ocrx_word' id='word_1_67' title='bbox 1401 1760 1610 1840; x_wconf 82' lang='grc' dir='ltr'>τύπος</span> <span class='ocrx_word' id='word_1_68' title='bbox 1660 1782 1967 1843; x_wconf 86' lang='grc' dir='ltr'>παραφυ-</span> 
     </span>
     <span class='ocr_line' id='line_1_19' title="bbox 689 1867 1967 1951; baseline 0 -21"><span class='ocrx_word' id='word_1_69' title='bbox 689 1867 1119 1949; x_wconf 87' lang='grc' dir='ltr'>λαχθήσεται.</span> <span class='ocrx_word' id='word_1_70' title='bbox 1170 1868 1594 1951; x_wconf 69' lang='grc' dir='ltr'>ἐμνήσθημεν</span> <span class='ocrx_word' id='word_1_71' title='bbox 1631 1868 1713 1932; x_wconf 86' lang='grc' dir='ltr'>δὲ</span> <span class='ocrx_word' id='word_1_72' title='bbox 1744 1869 1967 1932; x_wconf 85' lang='grc' dir='ltr'>διακο-</span> 
     </span>
     <span class='ocr_line' id='line_1_20' title="bbox 690 1976 1968 2057; baseline 0.002 -21"><span class='ocrx_word' id='word_1_73' title='bbox 690 1976 940 2039; x_wconf 83' lang='grc' dir='ltr'>νισσῶν</span> <span class='ocrx_word' id='word_1_74' title='bbox 986 1976 1117 2038; x_wconf 81' lang='grc' dir='ltr'>τῶν</span> <span class='ocrx_word' id='word_1_75' title='bbox 1162 1977 1237 2038; x_wconf 83' lang='grc' dir='ltr'>ἐν</span> <span class='ocrx_word' id='word_1_76' title='bbox 1281 1976 1372 2057; x_wconf 84' lang='grc' dir='ltr'>τῷ</span> <span class='ocrx_word' id='word_1_77' title='bbox 1418 1976 1697 2057; x_wconf 91' lang='grc' dir='ltr'>σχήματι</span> <span class='ocrx_word' id='word_1_78' title='bbox 1746 1977 1968 2050; x_wconf 77' lang='grc' dir='ltr'>ἐξετα-</span> 
     </span>
     <span class='ocr_line' id='line_1_21' title="bbox 692 2081 1971 2165; baseline 0 -20"><span class='ocrx_word' id='word_1_79' title='bbox 692 2083 1005 2156; x_wconf 82' lang='grc' dir='ltr'>σθεισῶν,</span> <span class='ocrx_word' id='word_1_80' title='bbox 1028 2082 1166 2145; x_wconf 85' lang='grc' dir='ltr'>ἐπεὶ</span> <span class='ocrx_word' id='word_1_81' title='bbox 1188 2081 1359 2165; x_wconf 83' lang='grc' dir='ltr'>μηδὲ</span> <span class='ocrx_word' id='word_1_82' title='bbox 1378 2083 1808 2162; x_wconf 80' lang='grc' dir='ltr'>χειροθεσίαν</span> <span class='ocrx_word' id='word_1_83' title='bbox 1822 2084 1971 2146; x_wconf 88' lang='grc' dir='ltr'>τινὰ</span> 
     </span>
     <span class='ocr_line' id='line_1_22' title="bbox 694 2189 1971 2268; baseline 0 -17"><span class='ocrx_word' id='word_1_84' title='bbox 694 2189 982 2268; x_wconf 78' lang='grc' dir='ltr'>ἔχουσιν,</span> <span class='ocrx_word' id='word_1_85' title='bbox 1048 2189 1225 2253; x_wconf 80' lang='grc' dir='ltr'>ὥστε</span> <span class='ocrx_word' id='word_1_86' title='bbox 1275 2191 1656 2268; x_wconf 75' lang='grc' dir='ltr'>ἐξάπαντος</span> <span class='ocrx_word' id='word_1_87' title='bbox 1706 2193 1780 2253; x_wconf 83' lang='grc' dir='ltr'>ἐν</span> <span class='ocrx_word' id='word_1_88' title='bbox 1826 2196 1971 2268; x_wconf 81' lang='grc' dir='ltr'>τοῖς</span> 
     </span>
     <span class='ocr_line' id='line_1_23' title="bbox 692 2298 1694 2375; baseline 0 -16"><span class='ocrx_word' id='word_1_89' title='bbox 692 2299 952 2375; x_wconf 86' lang='grc' dir='ltr'>λαῖκοίς</span> <span class='ocrx_word' id='word_1_90' title='bbox 985 2298 1200 2375; x_wconf 84' lang='grc' dir='ltr'>αὑτὰς</span> <span class='ocrx_word' id='word_1_91' title='bbox 1233 2299 1694 2373; x_wconf 77' lang='grc' dir='ltr'>ἐξετάζεσθαι.</span> 
     </span>
    </p>

    <p class='ocr_par' dir='ltr' id='par_1_8' title="bbox 692 2403 1974 3023">
     <span class='ocr_line' id='line_1_24' title="bbox 779 2403 1972 2485; baseline -0.003 -16"><span class='ocrx_word' id='word_1_92' title='bbox 779 2409 914 2469; x_wconf 88' lang='lat' dir='ltr'>XX.</span> <span class='ocrx_word' id='word_1_93' title='bbox 954 2403 1221 2483; x_wconf 86' lang='grc' dir='ltr'>Ἐπειδή</span> <span class='ocrx_word' id='word_1_94' title='bbox 1255 2408 1429 2482; x_wconf 87' lang='grc' dir='ltr'>τινές</span> <span class='ocrx_word' id='word_1_95' title='bbox 1462 2408 1629 2468; x_wconf 81' lang='grc' dir='ltr'>εἰσιν</span> <span class='ocrx_word' id='word_1_96' title='bbox 1661 2407 1737 2468; x_wconf 83' lang='grc' dir='ltr'>ἐν</span> <span class='ocrx_word' id='word_1_97' title='bbox 1766 2408 1844 2485; x_wconf 85' lang='grc' dir='ltr'>τῇ</span> <span class='ocrx_word' id='word_1_98' title='bbox 1864 2425 1972 2466; x_wconf 88' lang='grc' dir='ltr'>κυ-</span> 
     </span>
     <span class='ocr_line' id='line_1_25' title="bbox 692 2510 1974 2591; baseline 0.001 -18"><span class='ocrx_word' id='word_1_99' title='bbox 692 2514 893 2591; x_wconf 84' lang='grc' dir='ltr'>ριακῇ</span> <span class='ocrx_word' id='word_1_100' title='bbox 942 2510 1112 2590; x_wconf 84' lang='grc' dir='ltr'>γόνυ</span> <span class='ocrx_word' id='word_1_101' title='bbox 1162 2513 1503 2589; x_wconf 83' lang='grc' dir='ltr'>κλίνοντες</span> <span class='ocrx_word' id='word_1_102' title='bbox 1546 2511 1659 2575; x_wconf 84' lang='grc' dir='ltr'>καὶ</span> <span class='ocrx_word' id='word_1_103' title='bbox 1705 2515 1781 2575; x_wconf 89' lang='grc' dir='ltr'>ἐν</span> <span class='ocrx_word' id='word_1_104' title='bbox 1825 2517 1974 2589; x_wconf 81' lang='grc' dir='ltr'>ταῖς</span> 
     </span>
     <span class='ocr_line' id='line_1_26' title="bbox 694 2618 1973 2701; baseline 0.002 -22"><span class='ocrx_word' id='word_1_105' title='bbox 694 2621 814 2699; x_wconf 82' lang='grc' dir='ltr'>τῆς</span> <span class='ocrx_word' id='word_1_106' title='bbox 843 2622 1303 2697; x_wconf 82' lang='grc' dir='ltr'>πεντηκοστῆς</span> <span class='ocrx_word' id='word_1_107' title='bbox 1322 2619 1621 2701; x_wconf 78' lang='grc' dir='ltr'>ἡμέραις·</span> <span class='ocrx_word' id='word_1_108' title='bbox 1657 2618 1829 2698; x_wconf 80' lang='grc' dir='ltr'>ὑπὲρ</span> <span class='ocrx_word' id='word_1_109' title='bbox 1849 2622 1973 2682; x_wconf 81' lang='grc' dir='ltr'>τοῦ</span> 
     </span>
     <span class='ocr_line' id='line_1_27' title="bbox 695 2727 1971 2808; baseline 0.002 -20"><span class='ocrx_word' id='word_1_110' title='bbox 695 2727 914 2788; x_wconf 87' lang='grc' dir='ltr'>πάντα</span> <span class='ocrx_word' id='word_1_111' title='bbox 977 2728 1051 2787; x_wconf 85' lang='grc' dir='ltr'>ἐν</span> <span class='ocrx_word' id='word_1_112' title='bbox 1111 2727 1293 2807; x_wconf 84' lang='grc' dir='ltr'>πάσῃ</span> <span class='ocrx_word' id='word_1_113' title='bbox 1344 2727 1668 2807; x_wconf 78' lang='grc' dir='ltr'>παροικίᾳ</span> <span class='ocrx_word' id='word_1_114' title='bbox 1728 2729 1971 2808; x_wconf 87' lang='grc' dir='ltr'>φυλάτ-</span> 
     </span>
     <span class='ocr_line' id='line_1_28' title="bbox 697 2832 1973 2914; baseline 0 -18"><span class='ocrx_word' id='word_1_115' title='bbox 697 2834 956 2906; x_wconf 88' lang='grc' dir='ltr'>τεσθαι,</span> <span class='ocrx_word' id='word_1_116' title='bbox 990 2833 1291 2912; x_wconf 80' lang='grc' dir='ltr'>ἑστῶτας</span> <span class='ocrx_word' id='word_1_117' title='bbox 1322 2832 1525 2908; x_wconf 80' lang='grc' dir='ltr'>ἔδοξε</span> <span class='ocrx_word' id='word_1_118' title='bbox 1555 2837 1632 2914; x_wconf 87' lang='grc' dir='ltr'>τῇ</span> <span class='ocrx_word' id='word_1_119' title='bbox 1668 2833 1832 2914; x_wconf 83' lang='grc' dir='ltr'>ἁγίᾳ</span> <span class='ocrx_word' id='word_1_120' title='bbox 1863 2850 1973 2896; x_wconf 86' lang='grc' dir='ltr'>συ-</span> 
     </span>
     <span class='ocr_line' id='line_1_29' title="bbox 696 2938 1970 3023; baseline 0.004 -22"><span class='ocrx_word' id='word_1_121' title='bbox 696 2938 879 3021; x_wconf 84' lang='grc' dir='ltr'>νόδῳ</span> <span class='ocrx_word' id='word_1_122' title='bbox 901 2940 1026 3017; x_wconf 88' lang='grc' dir='ltr'>τὰς</span> <span class='ocrx_word' id='word_1_123' title='bbox 1047 2941 1253 3019; x_wconf 76' lang='grc' dir='ltr'>εὐχὰς</span> <span class='ocrx_word' id='word_1_124' title='bbox 1273 2939 1679 3003; x_wconf 77' lang='grc' dir='ltr'>ἀποδιδόναι</span> <span class='ocrx_word' id='word_1_125' title='bbox 1697 2942 1788 3022; x_wconf 84' lang='grc' dir='ltr'>τῷ</span> <span class='ocrx_word' id='word_1_126' title='bbox 1812 2942 1970 3023; x_wconf 82' lang='grc' dir='ltr'>θεῷ.</span> 
     </span>
    </p>
   </div>
   <div class='ocr_carea' id='block_1_8' title="bbox 1637 401 2325 475">
    <p class='ocr_par' dir='ltr' id='par_1_9' title="bbox 1637 401 2325 475">
     <span class='ocr_line' id='line_1_30' title="bbox 1637 401 2325 475; baseline 0.001 -19"><span class='ocrx_word' id='word_1_127' title='bbox 1637 402 1890 458; x_wconf 79' lang='lat' dir='ltr'>Ecclesia</span> <span class='ocrx_word' id='word_1_128' title='bbox 1915 401 2325 475; x_wconf 84' lang='lat' dir='ltr'>antiquissima.</span> 
     </span>
    </p>
   </div>
   <div class='ocr_carea' id='block_1_9' title="bbox 2016 587 3303 2062">
    <p class='ocr_par' dir='ltr' id='par_1_10' title="bbox 2016 587 3303 2062">
     <span class='ocr_line' id='line_1_31' title="bbox 2016 587 3293 669; baseline 0 -20"><span class='ocrx_word' id='word_1_129' title='bbox 2016 587 2080 649; x_wconf 88' lang='lat' dir='ltr'>Si</span> <span class='ocrx_word' id='word_1_130' title='bbox 2126 588 2232 668; x_wconf 86' lang='lat' dir='ltr'>qui</span> <span class='ocrx_word' id='word_1_131' title='bbox 2278 603 2483 649; x_wconf 88' lang='lat' dir='ltr'>autem</span> <span class='ocrx_word' id='word_1_132' title='bbox 2529 588 2606 648; x_wconf 90' lang='lat' dir='ltr'>de</span> <span class='ocrx_word' id='word_1_133' title='bbox 2653 588 2749 649; x_wconf 87' lang='lat' dir='ltr'>his</span> <span class='ocrx_word' id='word_1_134' title='bbox 2781 587 3105 669; x_wconf 82' lang='lat' dir='ltr'>praeterito</span> <span class='ocrx_word' id='word_1_135' title='bbox 3136 602 3293 649; x_wconf 89' lang='lat' dir='ltr'>tem-</span> 
     </span>
     <span class='ocr_line' id='line_1_32' title="bbox 2017 694 3292 776; baseline 0 -21"><span class='ocrx_word' id='word_1_136' title='bbox 2017 712 2168 776; x_wconf 85' lang='lat' dir='ltr'>pore</span> <span class='ocrx_word' id='word_1_137' title='bbox 2215 694 2438 756; x_wconf 77' lang='lat' dir='ltr'>fuerint</span> <span class='ocrx_word' id='word_1_138' title='bbox 2483 694 2545 755; x_wconf 90' lang='lat' dir='ltr'>in</span> <span class='ocrx_word' id='word_1_139' title='bbox 2580 694 2764 773; x_wconf 79' lang='lat' dir='ltr'>clerc,</span> <span class='ocrx_word' id='word_1_140' title='bbox 2801 695 2851 755; x_wconf 94' lang='lat' dir='ltr'>si</span> <span class='ocrx_word' id='word_1_141' title='bbox 2891 694 3145 774; x_wconf 89' lang='lat' dir='ltr'>quidem</span> <span class='ocrx_word' id='word_1_142' title='bbox 3176 695 3292 755; x_wconf 91' lang='lat' dir='ltr'>im-</span> 
     </span>
     <span class='ocr_line' id='line_1_33' title="bbox 2020 801 3294 883; baseline 0.001 -22"><span class='ocrx_word' id='word_1_143' title='bbox 2020 801 2308 863; x_wconf 84' lang='lat' dir='ltr'>maculati</span> <span class='ocrx_word' id='word_1_144' title='bbox 2334 816 2393 862; x_wconf 88' lang='lat' dir='ltr'>et</span> <span class='ocrx_word' id='word_1_145' title='bbox 2413 801 2976 882; x_wconf 85' lang='lat' dir='ltr'>irreprehensibiles</span> <span class='ocrx_word' id='word_1_146' title='bbox 2993 820 3294 883; x_wconf 88' lang='lat' dir='ltr'>apparue-</span> 
     </span>
     <span class='ocr_line' id='line_1_34' title="bbox 2020 907 3294 990; baseline 0.002 -21"><span class='ocrx_word' id='word_1_147' title='bbox 2020 907 2157 986; x_wconf 84' lang='lat' dir='ltr'>rint,</span> <span class='ocrx_word' id='word_1_148' title='bbox 2188 908 2470 989; x_wconf 80' lang='lat' dir='ltr'>baptizati</span> <span class='ocrx_word' id='word_1_149' title='bbox 2503 908 2868 970; x_wconf 86' lang='lat' dir='ltr'>ordinentur</span> <span class='ocrx_word' id='word_1_150' title='bbox 2896 910 2973 969; x_wconf 85' lang='lat' dir='ltr'>ab</span> <span class='ocrx_word' id='word_1_151' title='bbox 3002 908 3294 990; x_wconf 89' lang='lat' dir='ltr'>episcopo</span> 
     </span>
     <span class='ocr_line' id='line_1_35' title="bbox 2020 1015 3293 1096; baseline 0 -19"><span class='ocrx_word' id='word_1_152' title='bbox 2020 1015 2324 1077; x_wconf 87' lang='lat' dir='ltr'>Ecclesiae</span> <span class='ocrx_word' id='word_1_153' title='bbox 2343 1015 2705 1091; x_wconf 83' lang='lat' dir='ltr'>catholicae3</span> <span class='ocrx_word' id='word_1_154' title='bbox 2740 1016 2913 1096; x_wconf 90' lang='lat' dir='ltr'>quod</span> <span class='ocrx_word' id='word_1_155' title='bbox 2928 1015 2977 1076; x_wconf 91' lang='lat' dir='ltr'>si</span> <span class='ocrx_word' id='word_1_156' title='bbox 2997 1015 3293 1077; x_wconf 88' lang='lat' dir='ltr'>discussio</span> 
     </span>
     <span class='ocr_line' id='line_1_36' title="bbox 2021 1122 3296 1202; baseline 0.001 -19"><span class='ocrx_word' id='word_1_157' title='bbox 2021 1122 2399 1202; x_wconf 86' lang='lat' dir='ltr'>incongruos</span> <span class='ocrx_word' id='word_1_158' title='bbox 2432 1141 2539 1183; x_wconf 85' lang='lat' dir='ltr'>eos</span> <span class='ocrx_word' id='word_1_159' title='bbox 2573 1122 2895 1200; x_wconf 85' lang='lat' dir='ltr'>invenerit,</span> <span class='ocrx_word' id='word_1_160' title='bbox 2941 1122 3119 1183; x_wconf 89' lang='lat' dir='ltr'>abiici</span> <span class='ocrx_word' id='word_1_161' title='bbox 3148 1123 3296 1184; x_wconf 84' lang='lat' dir='ltr'>tales</span> 
     </span>
     <span class='ocr_line' id='line_1_37' title="bbox 2022 1227 3295 1292; baseline 0.001 -2"><span class='ocrx_word' id='word_1_162' title='bbox 2022 1227 2365 1292; x_wconf 87' lang='lat' dir='ltr'>conveniet.</span> <span class='ocrx_word' id='word_1_163' title='bbox 2398 1228 2692 1291; x_wconf 87' lang='lat' dir='ltr'>Similiter</span> <span class='ocrx_word' id='word_1_164' title='bbox 2727 1244 2935 1290; x_wconf 88' lang='lat' dir='ltr'>autem</span> <span class='ocrx_word' id='word_1_165' title='bbox 2969 1245 3026 1291; x_wconf 88' lang='lat' dir='ltr'>et</span> <span class='ocrx_word' id='word_1_166' title='bbox 3059 1230 3134 1291; x_wconf 91' lang='lat' dir='ltr'>de</span> <span class='ocrx_word' id='word_1_167' title='bbox 3166 1229 3295 1291; x_wconf 86' lang='lat' dir='ltr'>dia·</span> 
     </span>
     <span class='ocr_line' id='line_1_38' title="bbox 2023 1336 3298 1417; baseline 0 -20"><span class='ocrx_word' id='word_1_168' title='bbox 2023 1337 2305 1413; x_wconf 89' lang='lat' dir='ltr'>conissis,</span> <span class='ocrx_word' id='word_1_169' title='bbox 2352 1352 2412 1397; x_wconf 94' lang='lat' dir='ltr'>et</span> <span class='ocrx_word' id='word_1_170' title='bbox 2457 1337 2733 1397; x_wconf 89' lang='lat' dir='ltr'>omnino</span> <span class='ocrx_word' id='word_1_171' title='bbox 2780 1337 2856 1398; x_wconf 90' lang='lat' dir='ltr'>de</span> <span class='ocrx_word' id='word_1_172' title='bbox 2903 1336 2999 1397; x_wconf 89' lang='lat' dir='ltr'>his</span> <span class='ocrx_word' id='word_1_173' title='bbox 3044 1337 3152 1417; x_wconf 89' lang='lat' dir='ltr'>qui</span> <span class='ocrx_word' id='word_1_174' title='bbox 3182 1338 3298 1397; x_wconf 88' lang='lat' dir='ltr'>sub</span> 
     </span>
     <span class='ocr_line' id='line_1_39' title="bbox 2023 1443 3298 1522; baseline 0.001 -19"><span class='ocrx_word' id='word_1_175' title='bbox 2023 1443 2232 1522; x_wconf 88' lang='lat' dir='ltr'>regula</span> <span class='ocrx_word' id='word_1_176' title='bbox 2282 1458 2619 1520; x_wconf 82' lang='lat' dir='ltr'>versantur,</span> <span class='ocrx_word' id='word_1_177' title='bbox 2672 1444 2821 1505; x_wconf 89' lang='lat' dir='ltr'>haec</span> <span class='ocrx_word' id='word_1_178' title='bbox 2868 1443 3066 1505; x_wconf 89' lang='lat' dir='ltr'>forma</span> <span class='ocrx_word' id='word_1_179' title='bbox 3098 1463 3298 1505; x_wconf 85' lang='lat' dir='ltr'>serva-</span> 
     </span>
     <span class='ocr_line' id='line_1_40' title="bbox 2023 1549 3299 1613; baseline 0.001 -2"><span class='ocrx_word' id='word_1_180' title='bbox 2023 1551 2202 1613; x_wconf 87' lang='lat' dir='ltr'>bitur.</span> <span class='ocrx_word' id='word_1_181' title='bbox 2266 1549 2669 1612; x_wconf 86' lang='lat' dir='ltr'>Meminimus</span> <span class='ocrx_word' id='word_1_182' title='bbox 2714 1563 2922 1612; x_wconf 86' lang='lat' dir='ltr'>autem</span> <span class='ocrx_word' id='word_1_183' title='bbox 2968 1551 3044 1611; x_wconf 91' lang='lat' dir='ltr'>de</span> <span class='ocrx_word' id='word_1_184' title='bbox 3091 1550 3299 1612; x_wconf 91' lang='lat' dir='ltr'>diaco-</span> 
     </span>
     <span class='ocr_line' id='line_1_41' title="bbox 2025 1657 3300 1738; baseline -0.002 -19"><span class='ocrx_word' id='word_1_185' title='bbox 2025 1657 2219 1734; x_wconf 90' lang='lat' dir='ltr'>nissis,</span> <span class='ocrx_word' id='word_1_186' title='bbox 2283 1676 2442 1738; x_wconf 85' lang='lat' dir='ltr'>quae</span> <span class='ocrx_word' id='word_1_187' title='bbox 2502 1657 2568 1717; x_wconf 92' lang='lat' dir='ltr'>in</span> <span class='ocrx_word' id='word_1_188' title='bbox 2632 1658 2855 1719; x_wconf 88' lang='lat' dir='ltr'>eodem</span> <span class='ocrx_word' id='word_1_189' title='bbox 2905 1659 3118 1719; x_wconf 88' lang='lat' dir='ltr'>habitu</span> <span class='ocrx_word' id='word_1_190' title='bbox 3169 1677 3300 1718; x_wconf 86' lang='lat' dir='ltr'>esse</span> 
     </span>
     <span class='ocr_line' id='line_1_42' title="bbox 2026 1764 3300 1847; baseline 0 -22"><span class='ocrx_word' id='word_1_191' title='bbox 2026 1767 2385 1847; x_wconf 87' lang='lat' dir='ltr'>probantur,</span> <span class='ocrx_word' id='word_1_192' title='bbox 2404 1766 2578 1845; x_wconf 89' lang='lat' dir='ltr'>quod</span> <span class='ocrx_word' id='word_1_193' title='bbox 2601 1781 2732 1825; x_wconf 91' lang='lat' dir='ltr'>non</span> <span class='ocrx_word' id='word_1_194' title='bbox 2756 1766 3018 1826; x_wconf 87' lang='lat' dir='ltr'>habeant</span> <span class='ocrx_word' id='word_1_195' title='bbox 3033 1764 3300 1845; x_wconf 81' lang='lat' dir='ltr'>aliquam</span> 
     </span>
     <span class='ocr_line' id='line_1_43' title="bbox 2025 1871 3303 1953; baseline -0.001 -20"><span class='ocrx_word' id='word_1_196' title='bbox 2025 1891 2251 1933; x_wconf 88' lang='lat' dir='ltr'>manus</span> <span class='ocrx_word' id='word_1_197' title='bbox 2282 1871 2769 1953; x_wconf 83' lang='lat' dir='ltr'>impositionem,</span> <span class='ocrx_word' id='word_1_198' title='bbox 2818 1888 2878 1934; x_wconf 91' lang='lat' dir='ltr'>et</span> <span class='ocrx_word' id='word_1_199' title='bbox 2923 1872 3065 1934; x_wconf 90' lang='lat' dir='ltr'>ideo</span> <span class='ocrx_word' id='word_1_200' title='bbox 3098 1872 3303 1932; x_wconf 89' lang='lat' dir='ltr'>modis</span> 
     </span>
     <span class='ocr_line' id='line_1_44' title="bbox 2025 1979 3193 2062; baseline -0.003 -21"><span class='ocrx_word' id='word_1_201' title='bbox 2025 1980 2318 2041; x_wconf 88' lang='lat' dir='ltr'>omnibus</span> <span class='ocrx_word' id='word_1_202' title='bbox 2348 1998 2451 2040; x_wconf 86' lang='lat' dir='ltr'>eas</span> <span class='ocrx_word' id='word_1_203' title='bbox 2484 1980 2641 2040; x_wconf 89' lang='lat' dir='ltr'>inter</span> <span class='ocrx_word' id='word_1_204' title='bbox 2675 1980 2866 2042; x_wconf 87' lang='lat' dir='ltr'>laicos</span> <span class='ocrx_word' id='word_1_205' title='bbox 2898 1979 3193 2062; x_wconf 87' lang='lat' dir='ltr'>deputari.</span> 
     </span>
    </p>
   </div>
   <div class='ocr_carea' id='block_1_10' title="bbox 2028 2406 3310 3025">
    <p class='ocr_par' dir='ltr' id='par_1_11' title="bbox 2028 2406 3310 3025">
     <span class='ocr_line' id='line_1_45' title="bbox 2115 2406 3307 2487; baseline -0.003 -18"><span class='ocrx_word' id='word_1_206' title='bbox 2115 2408 2248 2469; x_wconf 87' lang='lat' dir='ltr'>XX.</span> <span class='ocrx_word' id='word_1_207' title='bbox 2300 2408 2621 2482; x_wconf 81' lang='lat' dir='ltr'>Quoniam</span> <span class='ocrx_word' id='word_1_208' title='bbox 2653 2423 2795 2468; x_wconf 91' lang='lat' dir='ltr'>sunt</span> <span class='ocrx_word' id='word_1_209' title='bbox 2827 2406 3078 2487; x_wconf 87' lang='lat' dir='ltr'>quidam</span> <span class='ocrx_word' id='word_1_210' title='bbox 3112 2407 3172 2467; x_wconf 90' lang='lat' dir='ltr'>in</span> <span class='ocrx_word' id='word_1_211' title='bbox 3205 2406 3307 2466; x_wconf 87' lang='lat' dir='ltr'>die</span> 
     </span>
     <span class='ocr_line' id='line_1_46' title="bbox 2029 2513 3309 2594; baseline -0.002 -19"><span class='ocrx_word' id='word_1_212' title='bbox 2029 2515 2345 2576; x_wconf 88' lang='lat' dir='ltr'>dominico</span> <span class='ocrx_word' id='word_1_213' title='bbox 2377 2514 2880 2594; x_wconf 77' lang='lat' dir='ltr'>genuflectenteS,</span> <span class='ocrx_word' id='word_1_214' title='bbox 2914 2529 2973 2574; x_wconf 91' lang='lat' dir='ltr'>et</span> <span class='ocrx_word' id='word_1_215' title='bbox 3005 2513 3067 2574; x_wconf 92' lang='lat' dir='ltr'>in</span> <span class='ocrx_word' id='word_1_216' title='bbox 3086 2513 3309 2574; x_wconf 86' lang='lat' dir='ltr'>diebus</span> 
     </span>
     <span class='ocr_line' id='line_1_47' title="bbox 2029 2620 3305 2697; baseline -0.002 -15"><span class='ocrx_word' id='word_1_217' title='bbox 2029 2622 2449 2697; x_wconf 87' lang='lat' dir='ltr'>Pentecostes;</span> <span class='ocrx_word' id='word_1_218' title='bbox 2506 2638 2574 2682; x_wconf 92' lang='lat' dir='ltr'>ut</span> <span class='ocrx_word' id='word_1_219' title='bbox 2623 2620 2832 2683; x_wconf 89' lang='lat' dir='ltr'>omnia</span> <span class='ocrx_word' id='word_1_220' title='bbox 2883 2621 2948 2682; x_wconf 92' lang='lat' dir='ltr'>in</span> <span class='ocrx_word' id='word_1_221' title='bbox 2998 2620 3305 2681; x_wconf 86' lang='lat' dir='ltr'>universis</span> 
     </span>
     <span class='ocr_line' id='line_1_48' title="bbox 2028 2727 3308 2809; baseline -0.003 -19"><span class='ocrx_word' id='word_1_222' title='bbox 2028 2730 2179 2791; x_wconf 90' lang='lat' dir='ltr'>locis</span> <span class='ocrx_word' id='word_1_223' title='bbox 2199 2746 2612 2792; x_wconf 80' lang='lat' dir='ltr'>consonanter</span> <span class='ocrx_word' id='word_1_224' title='bbox 2631 2732 3054 2805; x_wconf 80' lang='lat' dir='ltr'>observentur,</span> <span class='ocrx_word' id='word_1_225' title='bbox 3077 2727 3308 2809; x_wconf 86' lang='lat' dir='ltr'>placuit</span> 
     </span>
     <span class='ocr_line' id='line_1_49' title="bbox 2029 2834 3310 2898; baseline -0.002 -1"><span class='ocrx_word' id='word_1_226' title='bbox 2029 2853 2238 2898; x_wconf 86' lang='lat' dir='ltr'>sancto</span> <span class='ocrx_word' id='word_1_227' title='bbox 2282 2837 2549 2898; x_wconf 89' lang='lat' dir='ltr'>concilio</span> <span class='ocrx_word' id='word_1_228' title='bbox 2596 2851 2820 2898; x_wconf 85' lang='lat' dir='ltr'>stantes</span> <span class='ocrx_word' id='word_1_229' title='bbox 2856 2834 3134 2897; x_wconf 87' lang='lat' dir='ltr'>Domino</span> <span class='ocrx_word' id='word_1_230' title='bbox 3166 2850 3310 2894; x_wconf 76' lang='lat' dir='ltr'>vota</span> 
     </span>
     <span class='ocr_line' id='line_1_50' title="bbox 2031 2945 2395 3025; baseline 0.003 -21"><span class='ocrx_word' id='word_1_231' title='bbox 2031 2945 2395 3025; x_wconf 85' lang='lat' dir='ltr'>persolvere.</span> 
     </span>
    </p>
   </div>
   <div class='ocr_carea' id='block_1_11' title="bbox 1334 3122 2668 3184">
    <p class='ocr_par' dir='ltr' id='par_1_12' title="bbox 1334 3122 2668 3184">
     <span class='ocr_line' id='line_1_51' title="bbox 1334 3122 2668 3184; baseline -0.001 -2"><span class='ocrx_word' id='word_1_232' title='bbox 1334 3122 1757 3183; x_wconf 87' lang='lat' dir='ltr'>Decretum</span> <span class='ocrx_word' id='word_1_233' title='bbox 1808 3124 1898 3183; x_wconf 80' lang='lat' dir='ltr'>d&#39;e</span> <span class='ocrx_word' id='word_1_234' title='bbox 1945 3139 2220 3184; x_wconf 89' lang='lat' dir='ltr'>sancto</span> <span class='ocrx_word' id='word_1_235' title='bbox 2268 3123 2668 3184; x_wconf 78' lang='lat' dir='ltr'>paschate.</span> 
     </span>
    </p>
   </div>
   <div class='ocr_carea' id='block_1_12' title="bbox 788 3242 1981 3324">
    <p class='ocr_par' dir='ltr' id='par_1_13' title="bbox 788 3242 1981 3324">
     <span class='ocr_line' id='line_1_52' title="bbox 788 3242 1981 3324; baseline -0.002 -16"><span class='ocrx_word' id='word_1_236' title='bbox 788 3246 1181 3324; x_wconf 87' lang='grc' dir='ltr'>Πέπρακται</span> <span class='ocrx_word' id='word_1_237' title='bbox 1218 3243 1299 3306; x_wconf 82' lang='grc' dir='ltr'>δὲ</span> <span class='ocrx_word' id='word_1_238' title='bbox 1328 3242 1545 3321; x_wconf 79' lang='grc' dir='ltr'>οὕτως</span> <span class='ocrx_word' id='word_1_239' title='bbox 1573 3244 1658 3305; x_wconf 88' lang='grc' dir='ltr'>τὰ</span> <span class='ocrx_word' id='word_1_240' title='bbox 1677 3242 1981 3317; x_wconf 80' lang='grc' dir='ltr'>δόξαντα</span> 
     </span>
    </p>
   </div>
   <div class='ocr_carea' id='block_1_13' title="bbox 2123 3242 3315 3307">
    <p class='ocr_par' dir='ltr' id='par_1_14' title="bbox 2123 3242 3315 3307">
     <span class='ocr_line' id='line_1_53' title="bbox 2123 3242 3315 3307; baseline -0.003 0"><span class='ocrx_word' id='word_1_241' title='bbox 2123 3247 2205 3307; x_wconf 84' lang='lat' dir='ltr'>Ita</span> <span class='ocrx_word' id='word_1_242' title='bbox 2252 3260 2459 3307; x_wconf 88' lang='lat' dir='ltr'>autem</span> <span class='ocrx_word' id='word_1_243' title='bbox 2499 3262 2700 3306; x_wconf 91' lang='lat' dir='ltr'>actum</span> <span class='ocrx_word' id='word_1_244' title='bbox 2742 3260 2830 3306; x_wconf 89' lang='lat' dir='ltr'>est</span> <span class='ocrx_word' id='word_1_245' title='bbox 2862 3243 2950 3305; x_wconf 91' lang='lat' dir='ltr'>uti</span> <span class='ocrx_word' id='word_1_246' title='bbox 2983 3242 3188 3304; x_wconf 84' lang='lat' dir='ltr'>visum</span> <span class='ocrx_word' id='word_1_247' title='bbox 3221 3259 3315 3304; x_wconf 87' lang='lat' dir='ltr'>est</span> 
     </span>
    </p>
   </div>
   <div class='ocr_carea' id='block_1_14' title="bbox 697 3348 3314 3757">
    <p class='ocr_par' dir='ltr' id='par_1_15' title="bbox 697 3348 3314 3757">
     <span class='ocr_line' id='line_1_54' title="bbox 697 3348 3312 3433; baseline -0.002 -17"><span class='ocrx_word' id='word_1_248' title='bbox 697 3357 860 3416; x_wconf 87' lang='grc' dir='ltr'>πᾶσι</span> <span class='ocrx_word' id='word_1_249' title='bbox 894 3358 1037 3431; x_wconf 87' lang='grc' dir='ltr'>τοίς</span> <span class='ocrx_word' id='word_1_250' title='bbox 1068 3354 1143 3414; x_wconf 88' lang='grc' dir='ltr'>ἐν</span> <span class='ocrx_word' id='word_1_251' title='bbox 1174 3354 1250 3431; x_wconf 79' lang='grc' dir='ltr'>τῇ</span> <span class='ocrx_word' id='word_1_252' title='bbox 1282 3351 1436 3430; x_wconf 81' lang='grc' dir='ltr'>ἱερᾷ</span> <span class='ocrx_word' id='word_1_253' title='bbox 1456 3348 1729 3433; x_wconf 77' lang='grc' dir='ltr'>συνόδῳ</span> <span class='ocrx_word' id='word_1_254' title='bbox 1750 3351 1978 3413; x_wconf 83' lang='grc' dir='ltr'>συνελ·</span> <span class='ocrx_word' id='word_1_255' title='bbox 2035 3353 2325 3416; x_wconf 89' lang='lat' dir='ltr'>omnibus</span> <span class='ocrx_word' id='word_1_256' title='bbox 2357 3353 2422 3414; x_wconf 90' lang='lat' dir='ltr'>in</span> <span class='ocrx_word' id='word_1_257' title='bbox 2454 3371 2618 3413; x_wconf 86' lang='lat' dir='ltr'>sacra</span> <span class='ocrx_word' id='word_1_258' title='bbox 2651 3352 2898 3432; x_wconf 87' lang='lat' dir='ltr'>synodo</span> <span class='ocrx_word' id='word_1_259' title='bbox 2930 3350 3312 3412; x_wconf 85' lang='lat' dir='ltr'>convenien-</span> 
     </span>
     <span class='ocr_line' id='line_1_55' title="bbox 698 3457 3311 3540; baseline -0.002 -17"><span class='ocrx_word' id='word_1_260' title='bbox 698 3464 959 3532; x_wconf 84' lang='grc' dir='ltr'>θοῦσιν,</span> <span class='ocrx_word' id='word_1_261' title='bbox 995 3462 1069 3523; x_wconf 87' lang='grc' dir='ltr'>ἐν</span> <span class='ocrx_word' id='word_1_262' title='bbox 1101 3465 1248 3537; x_wconf 85' lang='grc' dir='ltr'>ταῖς</span> <span class='ocrx_word' id='word_1_263' title='bbox 1281 3458 1564 3539; x_wconf 78' lang='grc' dir='ltr'>ἡμέραις</span> <span class='ocrx_word' id='word_1_264' title='bbox 1596 3460 1717 3520; x_wconf 84' lang='grc' dir='ltr'>τοῦ</span> <span class='ocrx_word' id='word_1_265' title='bbox 1747 3458 1978 3520; x_wconf 85' lang='grc' dir='ltr'>θεοσε-</span> <span class='ocrx_word' id='word_1_266' title='bbox 2032 3460 2215 3538; x_wconf 85' lang='lat' dir='ltr'>tibus,</span> <span class='ocrx_word' id='word_1_267' title='bbox 2261 3461 2377 3520; x_wconf 92' lang='lat' dir='ltr'>sub</span> <span class='ocrx_word' id='word_1_268' title='bbox 2410 3460 2628 3520; x_wconf 89' lang='lat' dir='ltr'>diebus</span> <span class='ocrx_word' id='word_1_269' title='bbox 2661 3457 2927 3540; x_wconf 84' lang='lat' dir='ltr'>religiosi</span> <span class='ocrx_word' id='word_1_270' title='bbox 2962 3474 3147 3538; x_wconf 88' lang='lat' dir='ltr'>atque</span> <span class='ocrx_word' id='word_1_271' title='bbox 3180 3476 3311 3518; x_wconf 91' lang='lat' dir='ltr'>ma-</span> 
     </span>
     <span class='ocr_line' id='line_1_56' title="bbox 703 3562 3312 3653; baseline -0.003 -22"><span class='ocrx_word' id='word_1_272' title='bbox 703 3571 871 3653; x_wconf 81' lang='grc' dir='ltr'>βοῦς</span> <span class='ocrx_word' id='word_1_273' title='bbox 887 3568 1000 3630; x_wconf 89' lang='grc' dir='ltr'>καὶ</span> <span class='ocrx_word' id='word_1_274' title='bbox 1021 3568 1323 3649; x_wconf 82' lang='grc' dir='ltr'>μεγάλου</span> <span class='ocrx_word' id='word_1_275' title='bbox 1340 3564 1879 3644; x_wconf 81' lang='grc' dir='ltr'>Κωνσταντίνου,</span> <span class='ocrx_word' id='word_1_276' title='bbox 1899 3562 1981 3641; x_wconf 85' lang='grc' dir='ltr'>ὃς</span> <span class='ocrx_word' id='word_1_277' title='bbox 2032 3567 2140 3647; x_wconf 86' lang='lat' dir='ltr'>gni</span> <span class='ocrx_word' id='word_1_278' title='bbox 2161 3566 2572 3645; x_wconf 80' lang='lat' dir='ltr'>Constantini,</span> <span class='ocrx_word' id='word_1_279' title='bbox 2604 3565 2866 3646; x_wconf 90' lang='lat' dir='ltr'>quinon</span> <span class='ocrx_word' id='word_1_280' title='bbox 2885 3563 3086 3643; x_wconf 86' lang='lat' dir='ltr'>coegit</span> <span class='ocrx_word' id='word_1_281' title='bbox 3104 3564 3312 3625; x_wconf 88' lang='lat' dir='ltr'>solum</span> 
     </span>
     <span class='ocr_line' id='line_1_57' title="bbox 699 3671 3314 3757; baseline -0.003 -20"><span class='ocrx_word' id='word_1_282' title='bbox 699 3678 783 3739; x_wconf 79' lang='grc' dir='ltr'>οὔ</span> <span class='ocrx_word' id='word_1_283' title='bbox 846 3675 1054 3757; x_wconf 91' lang='grc' dir='ltr'>μόνον</span> <span class='ocrx_word' id='word_1_284' title='bbox 1115 3672 1467 3752; x_wconf 79' lang='grc' dir='ltr'>συνήγαγε</span> <span class='ocrx_word' id='word_1_285' title='bbox 1516 3671 1680 3749; x_wconf 82' lang='grc' dir='ltr'>τοὺς</span> <span class='ocrx_word' id='word_1_286' title='bbox 1740 3692 1978 3750; x_wconf 84' lang='grc' dir='ltr'>προγε-</span> <span class='ocrx_word' id='word_1_287' title='bbox 2034 3693 2219 3754; x_wconf 87' lang='lat' dir='ltr'>supra</span> <span class='ocrx_word' id='word_1_288' title='bbox 2268 3674 2527 3754; x_wconf 89' lang='lat' dir='ltr'>scriptos</span> <span class='ocrx_word' id='word_1_289' title='bbox 2577 3671 2901 3753; x_wconf 83' lang='lat' dir='ltr'>episcopos</span> <span class='ocrx_word' id='word_1_290' title='bbox 2963 3671 3027 3731; x_wconf 92' lang='lat' dir='ltr'>in</span> <span class='ocrx_word' id='word_1_291' title='bbox 3089 3689 3314 3749; x_wconf 89' lang='lat' dir='ltr'>unum,</span> 
     </span>
    </p>
   </div>
   <div class='ocr_carea' id='block_1_15' title="bbox 699 3778 1980 4292">
    <p class='ocr_par' dir='ltr' id='par_1_16' title="bbox 699 3778 1980 4292">
     <span class='ocr_line' id='line_1_58' title="bbox 699 3778 1978 3864; baseline -0.005 -18"><span class='ocrx_word' id='word_1_292' title='bbox 699 3782 1131 3864; x_wconf 86' lang='grc' dir='ltr'>γραμμένους</span> <span class='ocrx_word' id='word_1_293' title='bbox 1148 3780 1562 3856; x_wconf 83' lang='grc' dir='ltr'>ἐπισκόπους</span> <span class='ocrx_word' id='word_1_294' title='bbox 1580 3781 1678 3857; x_wconf 80' lang='grc' dir='ltr'>εἰς</span> <span class='ocrx_word' id='word_1_295' title='bbox 1712 3778 1978 3853; x_wconf 76' lang='grc' dir='ltr'>ταύτόν,</span> 
     </span>
     <span class='ocr_line' id='line_1_59' title="bbox 700 3885 1978 3971; baseline -0.005 -18"><span class='ocrx_word' id='word_1_296' title='bbox 700 3888 972 3971; x_wconf 81' lang='grc' dir='ltr'>εἰρήνην</span> <span class='ocrx_word' id='word_1_297' title='bbox 1002 3887 1406 3969; x_wconf 83' lang='grc' dir='ltr'>ποιούμενος</span> <span class='ocrx_word' id='word_1_298' title='bbox 1436 3887 1528 3968; x_wconf 81' lang='grc' dir='ltr'>τῷ</span> <span class='ocrx_word' id='word_1_299' title='bbox 1563 3885 1742 3949; x_wconf 82' lang='grc' dir='ltr'>ἔθνει</span> <span class='ocrx_word' id='word_1_300' title='bbox 1776 3886 1978 3968; x_wconf 79' lang='grc' dir='ltr'>ἡμῶν,</span> 
     </span>
     <span class='ocr_line' id='line_1_60' title="bbox 701 3992 1980 4076; baseline -0.005 -16"><span class='ocrx_word' id='word_1_301' title='bbox 701 3997 881 4060; x_wconf 87' lang='grc' dir='ltr'>ἀλλὰ</span> <span class='ocrx_word' id='word_1_302' title='bbox 911 3996 1048 4074; x_wconf 88' lang='grc' dir='ltr'>γὰρ</span> <span class='ocrx_word' id='word_1_303' title='bbox 1078 3994 1192 4058; x_wconf 83' lang='grc' dir='ltr'>καὶ</span> <span class='ocrx_word' id='word_1_304' title='bbox 1224 3993 1593 4076; x_wconf 82' lang='grc' dir='ltr'>συμπαρὼν</span> <span class='ocrx_word' id='word_1_305' title='bbox 1625 3995 1701 4073; x_wconf 85' lang='grc' dir='ltr'>τῇ</span> <span class='ocrx_word' id='word_1_306' title='bbox 1723 3992 1980 4057; x_wconf 81' lang='grc' dir='ltr'>τούτων</span> 
     </span>
     <span class='ocr_line' id='line_1_61' title="bbox 702 4101 1978 4186; baseline -0.002 -21"><span class='ocrx_word' id='word_1_307' title='bbox 702 4102 1029 4186; x_wconf 81' lang='grc' dir='ltr'>όμηγύρει</span> <span class='ocrx_word' id='word_1_308' title='bbox 1049 4102 1477 4176; x_wconf 76' lang='grc' dir='ltr'>συνεξετάζει</span> <span class='ocrx_word' id='word_1_309' title='bbox 1497 4101 1583 4164; x_wconf 89' lang='grc' dir='ltr'>τὰ</span> <span class='ocrx_word' id='word_1_310' title='bbox 1602 4101 1978 4183; x_wconf 79' lang='grc' dir='ltr'>συμφέρον·</span> 
     </span>
     <span class='ocr_line' id='line_1_62' title="bbox 700 4206 1978 4292; baseline -0.005 -17"><span class='ocrx_word' id='word_1_311' title='bbox 700 4233 787 4275; x_wconf 92' lang='grc' dir='ltr'>τα</span> <span class='ocrx_word' id='word_1_312' title='bbox 816 4213 893 4292; x_wconf 81' lang='grc' dir='ltr'>τῇ</span> <span class='ocrx_word' id='word_1_313' title='bbox 932 4211 1263 4290; x_wconf 82' lang='grc' dir='ltr'>καθολικῇ</span> <span class='ocrx_word' id='word_1_314' title='bbox 1303 4208 1687 4289; x_wconf 78' lang='grc' dir='ltr'>Ἐκκλησία·</span> <span class='ocrx_word' id='word_1_315' title='bbox 1747 4206 1978 4286; x_wconf 84' lang='grc' dir='ltr'>ἐπειδὴ</span> 
     </span>
    </p>
   </div>
   <div class='ocr_carea' id='block_1_16' title="bbox 624 4315 1979 4399">
    <p class='ocr_par' dir='ltr' id='par_1_17' title="bbox 624 4315 1979 4399">
     <span class='ocr_line' id='line_1_63' title="bbox 624 4315 1979 4399; baseline 0 -23"><span class='ocrx_word' id='word_1_316' title='bbox 624 4339 643 4376; x_wconf 64' lang='grc' dir='ltr'><strong>ς</strong></span> <span class='ocrx_word' id='word_1_317' title='bbox 700 4317 944 4390; x_wconf 87' lang='grc' dir='ltr'>τοίνυν,</span> <span class='ocrx_word' id='word_1_318' title='bbox 992 4317 1479 4399; x_wconf 79' lang='grc' dir='ltr'>ἐξεταζομένου</span> <span class='ocrx_word' id='word_1_319' title='bbox 1524 4317 1646 4379; x_wconf 81' lang='grc' dir='ltr'>τοῦ</span> <span class='ocrx_word' id='word_1_320' title='bbox 1678 4315 1979 4396; x_wconf 87' lang='grc' dir='ltr'>πράγμα-</span> 
     </span>
    </p>
   </div>
   <div class='ocr_carea' id='block_1_17' title="bbox 701 4420 1984 5048">
    <p class='ocr_par' dir='ltr' id='par_1_18' title="bbox 701 4420 1984 5048">
     <span class='ocr_line' id='line_1_64' title="bbox 702 4420 1981 4505; baseline -0.005 -16"><span class='ocrx_word' id='word_1_321' title='bbox 702 4447 821 4503; x_wconf 89' lang='grc' dir='ltr'>τος</span> <span class='ocrx_word' id='word_1_322' title='bbox 864 4424 1013 4505; x_wconf 85' lang='grc' dir='ltr'>περὶ</span> <span class='ocrx_word' id='word_1_323' title='bbox 1052 4427 1173 4488; x_wconf 80' lang='grc' dir='ltr'>τοῦ</span> <span class='ocrx_word' id='word_1_324' title='bbox 1205 4423 1349 4486; x_wconf 82' lang='grc' dir='ltr'>δεῖν</span> <span class='ocrx_word' id='word_1_325' title='bbox 1380 4420 1758 4504; x_wconf 82' lang='grc' dir='ltr'>συμφώνως</span> <span class='ocrx_word' id='word_1_326' title='bbox 1790 4422 1981 4499; x_wconf 82' lang='grc' dir='ltr'>ἄγειν</span> 
     </span>
     <span class='ocr_line' id='line_1_65' title="bbox 701 4528 1978 4612; baseline -0.005 -16"><span class='ocrx_word' id='word_1_327' title='bbox 701 4533 780 4596; x_wconf 82' lang='grc' dir='ltr'>τὸ</span> <span class='ocrx_word' id='word_1_328' title='bbox 813 4533 1066 4612; x_wconf 85' lang='grc' dir='ltr'>Πάσχα</span> <span class='ocrx_word' id='word_1_329' title='bbox 1112 4532 1390 4593; x_wconf 85' lang='grc' dir='ltr'>ἅπασαν</span> <span class='ocrx_word' id='word_1_330' title='bbox 1433 4528 1553 4607; x_wconf 86' lang='grc' dir='ltr'>τὴν</span> <span class='ocrx_word' id='word_1_331' title='bbox 1596 4528 1728 4591; x_wconf 82' lang='grc' dir='ltr'>ὑπὸ</span> <span class='ocrx_word' id='word_1_332' title='bbox 1776 4531 1978 4606; x_wconf 78' lang='grc' dir='ltr'>οὐρα-</span> 
     </span>
     <span class='ocr_line' id='line_1_66' title="bbox 701 4635 1980 4718; baseline -0.005 -16"><span class='ocrx_word' id='word_1_333' title='bbox 701 4639 825 4702; x_wconf 89' lang='grc' dir='ltr'>νὸν</span> <span class='ocrx_word' id='word_1_334' title='bbox 854 4639 1114 4718; x_wconf 78' lang='grc' dir='ltr'>ηὑρέθη</span> <span class='ocrx_word' id='word_1_335' title='bbox 1148 4638 1233 4699; x_wconf 89' lang='grc' dir='ltr'>τὰ</span> <span class='ocrx_word' id='word_1_336' title='bbox 1263 4635 1416 4714; x_wconf 89' lang='grc' dir='ltr'>τρία</span> <span class='ocrx_word' id='word_1_337' title='bbox 1435 4637 1604 4717; x_wconf 90' lang='grc' dir='ltr'>μέρη</span> <span class='ocrx_word' id='word_1_338' title='bbox 1624 4637 1744 4714; x_wconf 81' lang='grc' dir='ltr'>τῆς</span> <span class='ocrx_word' id='word_1_339' title='bbox 1763 4636 1980 4696; x_wconf 84' lang='grc' dir='ltr'>οἰκου-</span> 
     </span>
     <span class='ocr_line' id='line_1_67' title="bbox 705 4739 1981 4831; baseline -0.006 -22"><span class='ocrx_word' id='word_1_340' title='bbox 705 4747 909 4831; x_wconf 86' lang='grc' dir='ltr'>μένης</span> <span class='ocrx_word' id='word_1_341' title='bbox 954 4741 1332 4828; x_wconf 82' lang='grc' dir='ltr'>συμφώνως</span> <span class='ocrx_word' id='word_1_342' title='bbox 1362 4744 1686 4805; x_wconf 81' lang='grc' dir='ltr'>ποιοῦντα</span> <span class='ocrx_word' id='word_1_343' title='bbox 1716 4739 1981 4823; x_wconf 87' lang='grc' dir='ltr'>Ῥωμαί-</span> 
     </span>
     <span class='ocr_line' id='line_1_68' title="bbox 706 4847 1983 4932; baseline -0.007 -14"><span class='ocrx_word' id='word_1_344' title='bbox 706 4876 812 4932; x_wconf 90' lang='grc' dir='ltr'>οις</span> <span class='ocrx_word' id='word_1_345' title='bbox 856 4852 969 4916; x_wconf 85' lang='grc' dir='ltr'>καὶ</span> <span class='ocrx_word' id='word_1_346' title='bbox 1007 4849 1601 4929; x_wconf 79' lang='grc' dir='ltr'>Ἀλεξανδρεῦσιν,</span> <span class='ocrx_word' id='word_1_347' title='bbox 1651 4847 1726 4911; x_wconf 80' lang='grc' dir='ltr'>ἓν</span> <span class='ocrx_word' id='word_1_348' title='bbox 1757 4848 1839 4911; x_wconf 85' lang='grc' dir='ltr'>δὲ</span> <span class='ocrx_word' id='word_1_349' title='bbox 1869 4847 1983 4911; x_wconf 86' lang='grc' dir='ltr'>καὶ</span> 
     </span>
     <span class='ocr_line' id='line_1_69' title="bbox 707 4957 1984 5048; baseline -0.005 -24"><span class='ocrx_word' id='word_1_350' title='bbox 707 4963 915 5048; x_wconf 92' lang='grc' dir='ltr'>μόνον</span> <span class='ocrx_word' id='word_1_351' title='bbox 977 4957 1178 5042; x_wconf 86' lang='grc' dir='ltr'>κλίμα</span> <span class='ocrx_word' id='word_1_352' title='bbox 1239 4961 1359 5037; x_wconf 79' lang='grc' dir='ltr'>τῆς</span> <span class='ocrx_word' id='word_1_353' title='bbox 1408 4957 1748 5036; x_wconf 80' lang='grc' dir='ltr'>ἀνατολῆς</span> <span class='ocrx_word' id='word_1_354' title='bbox 1796 4960 1984 5037; x_wconf 86' lang='grc' dir='ltr'>ἀμφι-</span> 
     </span>
    </p>
   </div>
   <div class='ocr_carea' id='block_1_18' title="bbox 2033 3776 3320 5034">
    <p class='ocr_par' dir='ltr' id='par_1_19' title="bbox 2033 3776 3320 5034">
     <span class='ocr_line' id='line_1_70' title="bbox 2036 3776 3314 3861; baseline -0.004 -20"><span class='ocrx_word' id='word_1_355' title='bbox 2036 3800 2250 3861; x_wconf 84' lang='lat' dir='ltr'>pacem</span> <span class='ocrx_word' id='word_1_356' title='bbox 2268 3779 2436 3861; x_wconf 89' lang='lat' dir='ltr'>genti</span> <span class='ocrx_word' id='word_1_357' title='bbox 2458 3795 2702 3842; x_wconf 86' lang='lat' dir='ltr'>nostrae</span> <span class='ocrx_word' id='word_1_358' title='bbox 2724 3778 2969 3854; x_wconf 87' lang='lat' dir='ltr'>faciens,</span> <span class='ocrx_word' id='word_1_359' title='bbox 3002 3778 3107 3838; x_wconf 88' lang='lat' dir='ltr'>sed</span> <span class='ocrx_word' id='word_1_360' title='bbox 3130 3776 3314 3837; x_wconf 88' lang='lat' dir='ltr'>etiam</span> 
     </span>
     <span class='ocr_line' id='line_1_71' title="bbox 2035 3883 3314 3960; baseline -0.003 -12"><span class='ocrx_word' id='word_1_361' title='bbox 2035 3887 2230 3950; x_wconf 88' lang='lat' dir='ltr'>adfuit</span> <span class='ocrx_word' id='word_1_362' title='bbox 2280 3887 2648 3956; x_wconf 83' lang='lat' dir='ltr'>eorumdem</span> <span class='ocrx_word' id='word_1_363' title='bbox 2698 3885 3061 3960; x_wconf 90' lang='lat' dir='ltr'>conventui,</span> <span class='ocrx_word' id='word_1_364' title='bbox 3122 3883 3314 3946; x_wconf 84' lang='lat' dir='ltr'>colla-</span> 
     </span>
     <span class='ocr_line' id='line_1_72' title="bbox 2035 3990 3314 4076; baseline -0.005 -20"><span class='ocrx_word' id='word_1_365' title='bbox 2035 3997 2236 4076; x_wconf 90' lang='lat' dir='ltr'>tisque</span> <span class='ocrx_word' id='word_1_366' title='bbox 2266 3994 2559 4070; x_wconf 87' lang='lat' dir='ltr'>consiliis,</span> <span class='ocrx_word' id='word_1_367' title='bbox 2599 3992 2889 4074; x_wconf 86' lang='lat' dir='ltr'>expendit</span> <span class='ocrx_word' id='word_1_368' title='bbox 2919 4011 3081 4072; x_wconf 83' lang='lat' dir='ltr'>quae</span> <span class='ocrx_word' id='word_1_369' title='bbox 3115 3990 3177 4051; x_wconf 89' lang='lat' dir='ltr'>in</span> <span class='ocrx_word' id='word_1_370' title='bbox 3213 4009 3314 4050; x_wconf 87' lang='lat' dir='ltr'>ca·-</span> 
     </span>
     <span class='ocr_line' id='line_1_73' title="bbox 2033 4100 3307 4180; baseline -0.003 -19"><span class='ocrx_word' id='word_1_371' title='bbox 2033 4102 2295 4164; x_wconf 87' lang='lat' dir='ltr'>tholicae</span> <span class='ocrx_word' id='word_1_372' title='bbox 2317 4101 2619 4164; x_wconf 87' lang='lat' dir='ltr'>Ecclesiae</span> <span class='ocrx_word' id='word_1_373' title='bbox 2652 4101 2893 4161; x_wconf 90' lang='lat' dir='ltr'>bonum</span> <span class='ocrx_word' id='word_1_374' title='bbox 2924 4100 3307 4180; x_wconf 85' lang='lat' dir='ltr'>spectabant;</span> 
     </span>
     <span class='ocr_line' id='line_1_74' title="bbox 2036 4202 3314 4289; baseline -0.004 -20"><span class='ocrx_word' id='word_1_375' title='bbox 2036 4210 2374 4289; x_wconf 88' lang='lat' dir='ltr'>Postquam</span> <span class='ocrx_word' id='word_1_376' title='bbox 2419 4208 2602 4289; x_wconf 88' lang='lat' dir='ltr'>igitur</span> <span class='ocrx_word' id='word_1_377' title='bbox 2642 4208 2700 4268; x_wconf 91' lang='lat' dir='ltr'>id</span> <span class='ocrx_word' id='word_1_378' title='bbox 2736 4206 3141 4267; x_wconf 84' lang='lat' dir='ltr'>deliberatum</span> <span class='ocrx_word' id='word_1_379' title='bbox 3174 4202 3314 4265; x_wconf 89' lang='lat' dir='ltr'>dili-</span> 
     </span>
     <span class='ocr_line' id='line_1_75' title="bbox 2033 4314 3315 4394; baseline -0.004 -18"><span class='ocrx_word' id='word_1_380' title='bbox 2033 4332 2247 4394; x_wconf 85' lang='lat' dir='ltr'>genter</span> <span class='ocrx_word' id='word_1_381' title='bbox 2278 4314 2409 4389; x_wconf 88' lang='lat' dir='ltr'>fuit,</span> <span class='ocrx_word' id='word_1_382' title='bbox 2446 4329 2658 4377; x_wconf 89' lang='lat' dir='ltr'>utrum</span> <span class='ocrx_word' id='word_1_383' title='bbox 2690 4332 2934 4374; x_wconf 89' lang='lat' dir='ltr'>necesse</span> <span class='ocrx_word' id='word_1_384' title='bbox 2967 4328 3122 4373; x_wconf 86' lang='lat' dir='ltr'>esset</span> <span class='ocrx_word' id='word_1_385' title='bbox 3163 4330 3315 4372; x_wconf 90' lang='lat' dir='ltr'>con-</span> 
     </span>
     <span class='ocr_line' id='line_1_76' title="bbox 2034 4418 3314 4503; baseline -0.005 -20"><span class='ocrx_word' id='word_1_386' title='bbox 2034 4439 2215 4485; x_wconf 91' lang='lat' dir='ltr'>centu</span> <span class='ocrx_word' id='word_1_387' title='bbox 2250 4421 2532 4483; x_wconf 85' lang='lat' dir='ltr'>unanimi</span> <span class='ocrx_word' id='word_1_388' title='bbox 2564 4420 2774 4503; x_wconf 85' lang='lat' dir='ltr'>peragi</span> <span class='ocrx_word' id='word_1_389' title='bbox 2803 4420 3035 4481; x_wconf 84' lang='lat' dir='ltr'>Pascha</span> <span class='ocrx_word' id='word_1_390' title='bbox 3065 4421 3143 4480; x_wconf 90' lang='lat' dir='ltr'>ab</span> <span class='ocrx_word' id='word_1_391' title='bbox 3175 4418 3314 4479; x_wconf 87' lang='lat' dir='ltr'>uni-</span> 
     </span>
     <span class='ocr_line' id='line_1_77' title="bbox 2033 4525 3313 4604; baseline -0.002 -17"><span class='ocrx_word' id='word_1_392' title='bbox 2033 4549 2204 4590; x_wconf 86' lang='lat' dir='ltr'>versa</span> <span class='ocrx_word' id='word_1_393' title='bbox 2236 4531 2352 4590; x_wconf 89' lang='lat' dir='ltr'>sub</span> <span class='ocrx_word' id='word_1_394' title='bbox 2383 4530 2557 4590; x_wconf 89' lang='lat' dir='ltr'>coelo</span> <span class='ocrx_word' id='word_1_395' title='bbox 2587 4527 2873 4604; x_wconf 88' lang='lat' dir='ltr'>Ecclesia,</span> <span class='ocrx_word' id='word_1_396' title='bbox 2906 4542 2963 4586; x_wconf 93' lang='lat' dir='ltr'>et</span> <span class='ocrx_word' id='word_1_397' title='bbox 2994 4525 3313 4586; x_wconf 88' lang='lat' dir='ltr'>inventum</span> 
     </span>
     <span class='ocr_line' id='line_1_78' title="bbox 2035 4631 3315 4715; baseline -0.005 -18"><span class='ocrx_word' id='word_1_398' title='bbox 2035 4653 2124 4697; x_wconf 89' lang='lat' dir='ltr'>est</span> <span class='ocrx_word' id='word_1_399' title='bbox 2175 4653 2293 4697; x_wconf 89' lang='lat' dir='ltr'>tres</span> <span class='ocrx_word' id='word_1_400' title='bbox 2337 4636 2526 4697; x_wconf 89' lang='lat' dir='ltr'>totius</span> <span class='ocrx_word' id='word_1_401' title='bbox 2571 4635 2736 4696; x_wconf 87' lang='lat' dir='ltr'>orbis</span> <span class='ocrx_word' id='word_1_402' title='bbox 2786 4649 2984 4715; x_wconf 88' lang='lat' dir='ltr'>partes</span> <span class='ocrx_word' id='word_1_403' title='bbox 3016 4631 3080 4692; x_wconf 90' lang='lat' dir='ltr'>in</span> <span class='ocrx_word' id='word_1_404' title='bbox 3113 4649 3315 4692; x_wconf 89' lang='lat' dir='ltr'>unum</span> 
     </span>
     <span class='ocr_line' id='line_1_79' title="bbox 2036 4738 3313 4805; baseline -0.006 0"><span class='ocrx_word' id='word_1_405' title='bbox 2036 4744 2381 4805; x_wconf 89' lang='lat' dir='ltr'>consentire</span> <span class='ocrx_word' id='word_1_406' title='bbox 2428 4761 2572 4803; x_wconf 88' lang='lat' dir='ltr'>cum</span> <span class='ocrx_word' id='word_1_407' title='bbox 2605 4741 2910 4803; x_wconf 86' lang='lat' dir='ltr'>Romanis</span> <span class='ocrx_word' id='word_1_408' title='bbox 2960 4755 3020 4800; x_wconf 93' lang='lat' dir='ltr'>et</span> <span class='ocrx_word' id='word_1_409' title='bbox 3051 4738 3313 4799; x_wconf 85' lang='lat' dir='ltr'>Alexan·</span> 
     </span>
     <span class='ocr_line' id='line_1_80' title="bbox 2038 4846 3317 4927; baseline -0.004 -17"><span class='ocrx_word' id='word_1_410' title='bbox 2038 4850 2246 4927; x_wconf 89' lang='lat' dir='ltr'>drinis,</span> <span class='ocrx_word' id='word_1_411' title='bbox 2280 4869 2472 4911; x_wconf 89' lang='lat' dir='ltr'>unam</span> <span class='ocrx_word' id='word_1_412' title='bbox 2502 4868 2649 4911; x_wconf 87' lang='lat' dir='ltr'>vero</span> <span class='ocrx_word' id='word_1_413' title='bbox 2681 4847 3047 4910; x_wconf 87' lang='lat' dir='ltr'>orientalem</span> <span class='ocrx_word' id='word_1_414' title='bbox 3075 4846 3317 4927; x_wconf 87' lang='lat' dir='ltr'>plagam</span> 
     </span>
     <span class='ocr_line' id='line_1_81' title="bbox 2040 4952 3320 5034; baseline -0.005 -15"><span class='ocrx_word' id='word_1_415' title='bbox 2040 4977 2171 5019; x_wconf 88' lang='lat' dir='ltr'>esse</span> <span class='ocrx_word' id='word_1_416' title='bbox 2220 4957 2563 5032; x_wconf 85' lang='lat' dir='ltr'>dissonam;</span> <span class='ocrx_word' id='word_1_417' title='bbox 2630 4955 2834 5016; x_wconf 86' lang='lat' dir='ltr'>visum</span> <span class='ocrx_word' id='word_1_418' title='bbox 2887 4969 2997 5027; x_wconf 79' lang='lat' dir='ltr'>est,</span> <span class='ocrx_word' id='word_1_419' title='bbox 3049 4952 3320 5034; x_wconf 85' lang='lat' dir='ltr'>qualibet</span> 
     </span>
    </p>
   </div>
  </div>
 </body>
</html>
