<?xml version="1.0" encoding="UTF-8"?>
<!DOCTYPE html PUBLIC "-//W3C//DTD XHTML 1.0 Transitional//EN"
    "http://www.w3.org/TR/xhtml1/DTD/xhtml1-transitional.dtd">
<html xmlns="http://www.w3.org/1999/xhtml" xml:lang="en" lang="en">
 <head>
  <title>
</title>
<meta http-equiv="Content-Type" content="text/html;charset=utf-8" />
  <meta name='ocr-system' content='tesseract 3.04.00' />
  <meta name='ocr-capabilities' content='ocr_page ocr_carea ocr_par ocr_line ocrx_word'/>
</head>
<body>
  <div class='ocr_page' id='page_1' title='image "./fontesiuriscano00unkngoog/fontesiuriscano00unkngoog_0325.png"; bbox 0 0 3684 5416; ppageno 0'>
   <div class='ocr_carea' id='block_1_1' title="bbox 351 1010 373 1054">
    <p class='ocr_par' dir='ltr' id='par_1_1' title="bbox 351 1010 373 1054">
     <span class='ocr_line' id='line_1_1' title="bbox 351 1010 373 1054; baseline 0 0"><span class='ocrx_word' id='word_1_1' title='bbox 351 1010 373 1054; x_wconf 81' lang='lat'><strong>5</strong></span> 
     </span>
    </p>
   </div>
   <div class='ocr_carea' id='block_1_2' title="bbox 331 1543 380 1574">
    <p class='ocr_par' dir='ltr' id='par_1_2' title="bbox 331 1543 380 1574">
     <span class='ocr_line' id='line_1_2' title="bbox 331 1543 380 1574; baseline 0 0"><span class='ocrx_word' id='word_1_2' title='bbox 331 1543 380 1574; x_wconf 87' lang='grc'>10</span> 
     </span>
    </p>
   </div>
   <div class='ocr_carea' id='block_1_3' title="bbox 332 2090 380 2133">
    <p class='ocr_par' dir='ltr' id='par_1_3' title="bbox 332 2090 380 2133">
     <span class='ocr_line' id='line_1_3' title="bbox 332 2090 380 2133; baseline 0 0"><span class='ocrx_word' id='word_1_3' title='bbox 332 2090 380 2133; x_wconf 81' lang='lat'>¹5</span> 
     </span>
    </p>
   </div>
   <div class='ocr_carea' id='block_1_4' title="bbox 332 2629 385 2660">
    <p class='ocr_par' dir='ltr' id='par_1_4' title="bbox 332 2629 385 2660">
     <span class='ocr_line' id='line_1_4' title="bbox 332 2629 385 2660; baseline 0.019 -1"><span class='ocrx_word' id='word_1_4' title='bbox 332 2629 385 2660; x_wconf 82' lang='lat'>20</span> 
     </span>
    </p>
   </div>
   <div class='ocr_carea' id='block_1_5' title="bbox 332 3164 383 3207">
    <p class='ocr_par' dir='ltr' id='par_1_5' title="bbox 332 3164 383 3207">
     <span class='ocr_line' id='line_1_5' title="bbox 332 3164 383 3207; baseline 0 0"><span class='ocrx_word' id='word_1_5' title='bbox 332 3164 383 3207; x_wconf 83' lang='lat'>25</span> 
     </span>
    </p>
   </div>
   <div class='ocr_carea' id='block_1_6' title="bbox 336 3698 390 3743">
    <p class='ocr_par' dir='ltr' id='par_1_6' title="bbox 336 3698 390 3743">
     <span class='ocr_line' id='line_1_6' title="bbox 336 3698 390 3743; baseline 0 -14"><span class='ocrx_word' id='word_1_6' title='bbox 336 3698 390 3743; x_wconf 74' lang='grc'>30</span> 
     </span>
    </p>
   </div>
   <div class='ocr_carea' id='block_1_7' title="bbox 338 4243 389 4287">
    <p class='ocr_par' dir='ltr' id='par_1_7' title="bbox 338 4243 389 4287">
     <span class='ocr_line' id='line_1_7' title="bbox 338 4243 389 4287; baseline 0 0"><span class='ocrx_word' id='word_1_7' title='bbox 338 4243 389 4287; x_wconf 84' lang='grc'>35</span> 
     </span>
    </p>
   </div>
   <div class='ocr_carea' id='block_1_8' title="bbox 1073 369 3048 444">
    <p class='ocr_par' dir='ltr' id='par_1_8' title="bbox 1073 369 3048 444">
     <span class='ocr_line' id='line_1_8' title="bbox 1073 369 3048 444; baseline -0.001 -19"><span class='ocrx_word' id='word_1_8' title='bbox 1073 372 1339 426; x_wconf 84' lang='lat' dir='ltr'>Potestas</span> <span class='ocrx_word' id='word_1_9' title='bbox 1378 370 1758 425; x_wconf 87' lang='lat' dir='ltr'>ecclesiastica</span> <span class='ocrx_word' id='word_1_10' title='bbox 1798 383 1854 425; x_wconf 93' lang='lat' dir='ltr'>et</span> <span class='ocrx_word' id='word_1_11' title='bbox 1892 369 2196 439; x_wconf 89' lang='lat' dir='ltr'>imperium</span> <span class='ocrx_word' id='word_1_12' title='bbox 2233 370 2411 426; x_wconf 89' lang='lat' dir='ltr'>civile.</span> <span class='ocrx_word' id='word_1_13' title='bbox 2942 374 3048 444; x_wconf 86' lang='lat'>289</span> 
     </span>
    </p>
   </div>
   <div class='ocr_carea' id='block_1_9' title="bbox 427 554 3070 4719">
    <p class='ocr_par' dir='ltr' id='par_1_9' title="bbox 427 554 3057 1689">
     <span class='ocr_line' id='line_1_9' title="bbox 430 554 3047 638; baseline 0 -22"><span class='ocrx_word' id='word_1_14' title='bbox 430 555 723 617; x_wconf 77' lang='lat' dir='ltr'>duntaxat</span> <span class='ocrx_word' id='word_1_15' title='bbox 755 572 1033 638; x_wconf 91' lang='lat' dir='ltr'>tempore</span> <span class='ocrx_word' id='word_1_16' title='bbox 1065 575 1253 616; x_wconf 91' lang='lat' dir='ltr'>suum</span> <span class='ocrx_word' id='word_1_17' title='bbox 1286 554 1572 616; x_wconf 86' lang='lat' dir='ltr'>effectum</span> <span class='ocrx_word' id='word_1_18' title='bbox 1605 554 1806 615; x_wconf 88' lang='lat' dir='ltr'>sortiri</span> <span class='ocrx_word' id='word_1_19' title='bbox 1837 556 2079 629; x_wconf 89' lang='lat' dir='ltr'>debere,</span> <span class='ocrx_word' id='word_1_20' title='bbox 2113 574 2256 616; x_wconf 90' lang='lat' dir='ltr'>cum</span> <span class='ocrx_word' id='word_1_21' title='bbox 2291 556 2622 637; x_wconf 87' lang='lat' dir='ltr'>episcopali</span> <span class='ocrx_word' id='word_1_22' title='bbox 2658 557 2788 617; x_wconf 89' lang='lat' dir='ltr'>sedi</span> <span class='ocrx_word' id='word_1_23' title='bbox 2823 558 3047 618; x_wconf 89' lang='lat' dir='ltr'>Pader-</span> 
     </span>
     <span class='ocr_line' id='line_1_10' title="bbox 430 662 3047 744; baseline 0 -22"><span class='ocrx_word' id='word_1_24' title='bbox 430 662 717 724; x_wconf 88' lang='lat' dir='ltr'>bornensi</span> <span class='ocrx_word' id='word_1_25' title='bbox 763 664 838 723; x_wconf 89' lang='lat' dir='ltr'>de</span> <span class='ocrx_word' id='word_1_26' title='bbox 886 662 1113 724; x_wconf 90' lang='lat' dir='ltr'>laudati</span> <span class='ocrx_word' id='word_1_27' title='bbox 1148 662 1449 724; x_wconf 85' lang='lat' dir='ltr'>Antistitis</span> <span class='ocrx_word' id='word_1_28' title='bbox 1497 662 1802 723; x_wconf 89' lang='lat' dir='ltr'>Francisci</span> <span class='ocrx_word' id='word_1_29' title='bbox 1851 662 2086 741; x_wconf 86' lang='lat' dir='ltr'>Egonis</span> <span class='ocrx_word' id='word_1_30' title='bbox 2132 664 2399 724; x_wconf 83' lang='lat' dir='ltr'>Persona</span> <span class='ocrx_word' id='word_1_31' title='bbox 2448 665 3047 744; x_wconf 87' lang='lat' dir='ltr'>quomodocumque</span> 
     </span>
     <span class='ocr_line' id='line_1_11' title="bbox 427 767 3050 850; baseline 0.001 -21"><span class='ocrx_word' id='word_1_32' title='bbox 427 768 661 829; x_wconf 84' lang='lat' dir='ltr'>vacanti</span> <span class='ocrx_word' id='word_1_33' title='bbox 708 789 910 830; x_wconf 85' lang='lat' dir='ltr'>novus</span> <span class='ocrx_word' id='word_1_34' title='bbox 945 769 1290 850; x_wconf 84' lang='lat' dir='ltr'>Episcopus</span> <span class='ocrx_word' id='word_1_35' title='bbox 1322 767 1717 848; x_wconf 82' lang='lat' dir='ltr'>Apostolicae</span> <span class='ocrx_word' id='word_1_36' title='bbox 1763 769 1927 828; x_wconf 90' lang='lat' dir='ltr'>sedis</span> <span class='ocrx_word' id='word_1_37' title='bbox 1971 769 2326 830; x_wconf 87' lang='lat' dir='ltr'>auctoritate</span> <span class='ocrx_word' id='word_1_38' title='bbox 2374 769 2738 833; x_wconf 88' lang='lat' dir='ltr'>instituetur.</span> <span class='ocrx_word' id='word_1_39' title='bbox 2818 772 3050 832; x_wconf 86' lang='lat' dir='ltr'>Interea</span> 
     </span>
     <span class='ocr_line' id='line_1_12' title="bbox 430 875 3050 959; baseline 0.003 -26"><span class='ocrx_word' id='word_1_40' title='bbox 430 893 578 936; x_wconf 87' lang='lat' dir='ltr'>vero</span> <span class='ocrx_word' id='word_1_41' title='bbox 625 876 833 951; x_wconf 86' lang='lat' dir='ltr'>omnia</span> <span class='ocrx_word' id='word_1_42' title='bbox 867 876 1049 953; x_wconf 91' lang='lat' dir='ltr'>Loca,</span> <span class='ocrx_word' id='word_1_43' title='bbox 1097 891 1155 937; x_wconf 90' lang='lat' dir='ltr'>et</span> <span class='ocrx_word' id='word_1_44' title='bbox 1196 876 1530 953; x_wconf 84' lang='lat' dir='ltr'>Paraeciae,</span> <span class='ocrx_word' id='word_1_45' title='bbox 1578 895 1736 956; x_wconf 90' lang='lat' dir='ltr'>quae</span> <span class='ocrx_word' id='word_1_46' title='bbox 1781 897 1814 936; x_wconf 95' lang='lat' dir='ltr'>a</span> <span class='ocrx_word' id='word_1_47' title='bbox 1849 875 2233 938; x_wconf 85' lang='lat' dir='ltr'>Coloniensi.</span> <span class='ocrx_word' id='word_1_48' title='bbox 2269 893 2329 939; x_wconf 91' lang='lat' dir='ltr'>et</span> <span class='ocrx_word' id='word_1_49' title='bbox 2361 879 2826 959; x_wconf 88' lang='lat' dir='ltr'>Osnabrugensi</span> <span class='ocrx_word' id='word_1_50' title='bbox 2862 879 3050 940; x_wconf 92' lang='lat' dir='ltr'>Dioe-</span> 
     </span>
     <span class='ocr_line' id='line_1_13' title="bbox 430 981 3052 1066; baseline 0.002 -25"><span class='ocrx_word' id='word_1_51' title='bbox 430 981 669 1042; x_wconf 90' lang='lat' dir='ltr'>cesibus</span> <span class='ocrx_word' id='word_1_52' title='bbox 702 998 771 1045; x_wconf 92' lang='lat' dir='ltr'>ut</span> <span class='ocrx_word' id='word_1_53' title='bbox 802 1002 985 1065; x_wconf 89' lang='lat' dir='ltr'>supra</span> <span class='ocrx_word' id='word_1_54' title='bbox 1020 983 1563 1061; x_wconf 88' lang='lat' dir='ltr'>dismembrantur,</span> <span class='ocrx_word' id='word_1_55' title='bbox 1616 982 2128 1045; x_wconf 85' lang='lat' dir='ltr'>administrationi</span> <span class='ocrx_word' id='word_1_56' title='bbox 2162 984 2488 1065; x_wconf 89' lang='lat' dir='ltr'>peculiaris</span> <span class='ocrx_word' id='word_1_57' title='bbox 2522 985 2745 1046; x_wconf 79' lang='lat' dir='ltr'>Vicarii</span> <span class='ocrx_word' id='word_1_58' title='bbox 2784 992 3052 1066; x_wconf 81' lang='lat' dir='ltr'>Aposto-</span> 
     </span>
     <span class='ocr_line' id='line_1_14' title="bbox 431 1088 3052 1174; baseline 0.002 -25"><span class='ocrx_word' id='word_1_59' title='bbox 431 1088 527 1149; x_wconf 89' lang='lat' dir='ltr'>lici</span> <span class='ocrx_word' id='word_1_60' title='bbox 576 1110 609 1149; x_wconf 91' lang='lat' dir='ltr'>a</span> <span class='ocrx_word' id='word_1_61' title='bbox 660 1089 857 1150; x_wconf 90' lang='lat' dir='ltr'>Nobis</span> <span class='ocrx_word' id='word_1_62' title='bbox 904 1089 1389 1168; x_wconf 70' lang='lat' dir='ltr'>committantur,</span> <span class='ocrx_word' id='word_1_63' title='bbox 1439 1106 1506 1151; x_wconf 92' lang='lat' dir='ltr'>ut</span> <span class='ocrx_word' id='word_1_64' title='bbox 1559 1090 1711 1151; x_wconf 87' lang='lat' dir='ltr'>inibi</span> <span class='ocrx_word' id='word_1_65' title='bbox 1758 1111 1958 1172; x_wconf 91' lang='lat' dir='ltr'>usque</span> <span class='ocrx_word' id='word_1_66' title='bbox 2005 1092 2081 1153; x_wconf 91' lang='lat' dir='ltr'>ad</span> <span class='ocrx_word' id='word_1_67' title='bbox 2117 1093 2641 1154; x_wconf 76' lang='lat' dir='ltr'>paderbornensis</span> <span class='ocrx_word' id='word_1_68' title='bbox 2676 1092 3052 1174; x_wconf 89' lang='lat' dir='ltr'>Episcopalis</span> 
     </span>
     <span class='ocr_line' id='line_1_15' title="bbox 435 1197 3053 1281; baseline 0.001 -24"><span class='ocrx_word' id='word_1_69' title='bbox 435 1197 595 1258; x_wconf 90' lang='lat' dir='ltr'>sedis</span> <span class='ocrx_word' id='word_1_70' title='bbox 630 1198 1028 1276; x_wconf 88' lang='lat' dir='ltr'>vacationem,</span> <span class='ocrx_word' id='word_1_71' title='bbox 1062 1218 1131 1259; x_wconf 91' lang='lat' dir='ltr'>ac</span> <span class='ocrx_word' id='word_1_72' title='bbox 1167 1198 1356 1259; x_wconf 91' lang='lat' dir='ltr'>futuri</span> <span class='ocrx_word' id='word_1_73' title='bbox 1389 1198 1533 1259; x_wconf 85' lang='lat' dir='ltr'>novi</span> <span class='ocrx_word' id='word_1_74' title='bbox 1555 1198 1841 1280; x_wconf 88' lang='lat' dir='ltr'>Episcopi</span> <span class='ocrx_word' id='word_1_75' title='bbox 1878 1200 2344 1277; x_wconf 87' lang='lat' dir='ltr'>institutionem,</span> <span class='ocrx_word' id='word_1_76' title='bbox 2375 1216 2647 1262; x_wconf 84' lang='lat' dir='ltr'>exerceat</span> <span class='ocrx_word' id='word_1_77' title='bbox 2678 1200 3053 1281; x_wconf 87' lang='lat' dir='ltr'>spiritualem</span> 
     </span>
     <span class='ocr_line' id='line_1_16' title="bbox 436 1302 3053 1387; baseline 0.001 -23"><span class='ocrx_word' id='word_1_78' title='bbox 436 1302 955 1383; x_wconf 88' lang='lat' dir='ltr'>jurisdictionem:</span> <span class='ocrx_word' id='word_1_79' title='bbox 1018 1322 1202 1387; x_wconf 90' lang='lat' dir='ltr'>atque</span> <span class='ocrx_word' id='word_1_80' title='bbox 1247 1306 1496 1387; x_wconf 88' lang='lat' dir='ltr'>insuper</span> <span class='ocrx_word' id='word_1_81' title='bbox 1540 1307 1653 1368; x_wconf 89' lang='lat' dir='ltr'>alia</span> <span class='ocrx_word' id='word_1_82' title='bbox 1699 1308 1833 1369; x_wconf 89' lang='lat' dir='ltr'>loca</span> <span class='ocrx_word' id='word_1_83' title='bbox 1880 1324 1939 1369; x_wconf 91' lang='lat' dir='ltr'>et</span> <span class='ocrx_word' id='word_1_84' title='bbox 1971 1308 2286 1370; x_wconf 86' lang='lat' dir='ltr'>Paraeciae</span> <span class='ocrx_word' id='word_1_85' title='bbox 2320 1330 2352 1369; x_wconf 92' lang='lat' dir='ltr'>a</span> <span class='ocrx_word' id='word_1_86' title='bbox 2387 1307 2671 1369; x_wconf 88' lang='lat' dir='ltr'>Dioecesi</span> <span class='ocrx_word' id='word_1_87' title='bbox 2713 1306 2865 1368; x_wconf 91' lang='lat' dir='ltr'>olim</span> <span class='ocrx_word' id='word_1_88' title='bbox 2914 1307 3053 1367; x_wconf 84' lang='lat' dir='ltr'>Mo-</span> 
     </span>
     <span class='ocr_line' id='line_1_17' title="bbox 434 1411 3057 1495; baseline 0 -23"><span class='ocrx_word' id='word_1_89' title='bbox 434 1411 687 1489; x_wconf 87' lang='lat' dir='ltr'>guntina</span> <span class='ocrx_word' id='word_1_90' title='bbox 734 1428 943 1493; x_wconf 90' lang='lat' dir='ltr'>postea</span> <span class='ocrx_word' id='word_1_91' title='bbox 979 1412 1415 1474; x_wconf 82' lang='lat' dir='ltr'>Ratisbonensi</span> <span class='ocrx_word' id='word_1_92' title='bbox 1464 1412 1791 1492; x_wconf 89' lang='lat' dir='ltr'>disjuncta,</span> <span class='ocrx_word' id='word_1_93' title='bbox 1839 1430 1898 1475; x_wconf 89' lang='lat' dir='ltr'>et</span> <span class='ocrx_word' id='word_1_94' title='bbox 1943 1416 2018 1475; x_wconf 93' lang='lat' dir='ltr'>ab</span> <span class='ocrx_word' id='word_1_95' title='bbox 2054 1414 2363 1495; x_wconf 86' lang='lat' dir='ltr'>Episcopo</span> <span class='ocrx_word' id='word_1_96' title='bbox 2399 1415 2640 1495; x_wconf 90' lang='lat' dir='ltr'>pridem</span> <span class='ocrx_word' id='word_1_97' title='bbox 2674 1411 3057 1490; x_wconf 89' lang='lat' dir='ltr'>Corbejensi,</span> 
     </span>
     <span class='ocr_line' id='line_1_18' title="bbox 437 1519 3052 1604; baseline 0.002 -27"><span class='ocrx_word' id='word_1_98' title='bbox 437 1536 604 1579; x_wconf 88' lang='lat' dir='ltr'>nunc</span> <span class='ocrx_word' id='word_1_99' title='bbox 658 1519 1131 1581; x_wconf 87' lang='lat' dir='ltr'>Monasteriensi</span> <span class='ocrx_word' id='word_1_100' title='bbox 1193 1521 1611 1583; x_wconf 88' lang='lat' dir='ltr'>administrata</span> <span class='ocrx_word' id='word_1_101' title='bbox 1674 1537 2110 1603; x_wconf 86' lang='lat' dir='ltr'>temporaneae</span> <span class='ocrx_word' id='word_1_102' title='bbox 2164 1523 2385 1604; x_wconf 89' lang='lat' dir='ltr'>pariter</span> <span class='ocrx_word' id='word_1_103' title='bbox 2441 1521 2659 1583; x_wconf 89' lang='lat' dir='ltr'>Vicarii</span> <span class='ocrx_word' id='word_1_104' title='bbox 2713 1521 3052 1602; x_wconf 87' lang='lat' dir='ltr'>Apostolici</span> 
     </span>
     <span class='ocr_line' id='line_1_19' title="bbox 436 1624 1331 1689; baseline 0.001 -2"><span class='ocrx_word' id='word_1_105' title='bbox 436 1624 969 1687; x_wconf 86' lang='lat' dir='ltr'>Administrationi</span> <span class='ocrx_word' id='word_1_106' title='bbox 999 1626 1331 1689; x_wconf 86' lang='lat' dir='ltr'>tradentur.</span> 
     </span>
    </p>

    <p class='ocr_par' dir='ltr' id='par_1_10' title="bbox 436 1731 3062 2981">
     <span class='ocr_line' id='line_1_20' title="bbox 650 1731 3056 1816; baseline -0 -24"><span class='ocrx_word' id='word_1_107' title='bbox 650 1733 908 1808; x_wconf 87' lang='lat' dir='ltr'><strong>(XXXI.)</strong></span> <span class='ocrx_word' id='word_1_108' title='bbox 972 1734 1610 1816; x_wconf 86' lang='lat' dir='ltr'>Archiepiscopalium</span> <span class='ocrx_word' id='word_1_109' title='bbox 1656 1732 2161 1795; x_wconf 90' lang='lat' dir='ltr'>Gnesnensis</span> <span class='ocrx_word' id='word_1_110' title='bbox 2208 1750 2280 1795; x_wconf 88' lang='lat' dir='ltr'>et</span> <span class='ocrx_word' id='word_1_111' title='bbox 2332 1731 2914 1796; x_wconf 85' lang='lat' dir='ltr'>Posnaniensis</span> <span class='ocrx_word' id='word_1_112' title='bbox 2962 1732 3056 1791; x_wconf 92' lang='lat' dir='ltr'>in-</span> 
     </span>
     <span class='ocr_line' id='line_1_21' title="bbox 438 1840 3058 1924; baseline 0 -23"><span class='ocrx_word' id='word_1_113' title='bbox 438 1841 633 1902; x_wconf 85' lang='lat' dir='ltr'>vicem</span> <span class='ocrx_word' id='word_1_114' title='bbox 664 1857 965 1922; x_wconf 89' lang='lat' dir='ltr'>perpetuo</span> <span class='ocrx_word' id='word_1_115' title='bbox 996 1861 1194 1922; x_wconf 90' lang='lat' dir='ltr'>aeque</span> <span class='ocrx_word' id='word_1_116' title='bbox 1229 1843 1644 1924; x_wconf 88' lang='lat' dir='ltr'>principaliter</span> <span class='ocrx_word' id='word_1_117' title='bbox 1677 1843 1991 1904; x_wconf 88' lang='lat' dir='ltr'>unitarum</span> <span class='ocrx_word' id='word_1_118' title='bbox 2013 1844 2342 1904; x_wconf 88' lang='lat' dir='ltr'>Dioeceses</span> <span class='ocrx_word' id='word_1_119' title='bbox 2375 1843 2794 1904; x_wconf 87' lang='lat' dir='ltr'>efformabunt</span> <span class='ocrx_word' id='word_1_120' title='bbox 2827 1862 2895 1902; x_wconf 91' lang='lat' dir='ltr'>ea</span> <span class='ocrx_word' id='word_1_121' title='bbox 2930 1840 3058 1921; x_wconf 90' lang='lat' dir='ltr'>ipsa</span> 
     </span>
     <span class='ocr_line' id='line_1_22' title="bbox 436 1946 3059 2029; baseline 0 -23"><span class='ocrx_word' id='word_1_122' title='bbox 436 1946 590 2023; x_wconf 89' lang='lat' dir='ltr'>loca,</span> <span class='ocrx_word' id='word_1_123' title='bbox 638 1965 798 2027; x_wconf 88' lang='lat' dir='ltr'>quae</span> <span class='ocrx_word' id='word_1_124' title='bbox 831 1963 969 2008; x_wconf 89' lang='lat' dir='ltr'>actu</span> <span class='ocrx_word' id='word_1_125' title='bbox 1004 1947 1068 2008; x_wconf 90' lang='lat' dir='ltr'>in</span> <span class='ocrx_word' id='word_1_126' title='bbox 1102 1947 1318 2008; x_wconf 90' lang='lat' dir='ltr'>iisdem</span> <span class='ocrx_word' id='word_1_127' title='bbox 1353 1948 1773 2026; x_wconf 88' lang='lat' dir='ltr'>continentur,</span> <span class='ocrx_word' id='word_1_128' title='bbox 1821 1964 1961 2029; x_wconf 90' lang='lat' dir='ltr'>post</span> <span class='ocrx_word' id='word_1_129' title='bbox 1994 1947 2393 2010; x_wconf 88' lang='lat' dir='ltr'>novissimam</span> <span class='ocrx_word' id='word_1_130' title='bbox 2428 1949 2824 2010; x_wconf 90' lang='lat' dir='ltr'>Dioecesium</span> <span class='ocrx_word' id='word_1_131' title='bbox 2858 1947 3059 2027; x_wconf 84' lang='lat' dir='ltr'>Regni</span> 
     </span>
     <span class='ocr_line' id='line_1_23' title="bbox 439 2054 3058 2138; baseline -0 -23"><span class='ocrx_word' id='word_1_132' title='bbox 439 2054 716 2115; x_wconf 88' lang='lat' dir='ltr'>Polonici</span> <span class='ocrx_word' id='word_1_133' title='bbox 749 2075 785 2115; x_wconf 90' lang='lat' dir='ltr'>a</span> <span class='ocrx_word' id='word_1_134' title='bbox 816 2054 1013 2116; x_wconf 89' lang='lat' dir='ltr'>Nobis</span> <span class='ocrx_word' id='word_1_135' title='bbox 1045 2071 1350 2135; x_wconf 87' lang='lat' dir='ltr'>peractam</span> <span class='ocrx_word' id='word_1_136' title='bbox 1387 2055 2059 2138; x_wconf 89' lang='lat' dir='ltr'>Circumscriptionem,</span> <span class='ocrx_word' id='word_1_137' title='bbox 2107 2056 2374 2137; x_wconf 85' lang='lat' dir='ltr'>exceptis</span> <span class='ocrx_word' id='word_1_138' title='bbox 2405 2070 2612 2116; x_wconf 89' lang='lat' dir='ltr'>tamen</span> <span class='ocrx_word' id='word_1_139' title='bbox 2646 2055 3058 2116; x_wconf 87' lang='lat' dir='ltr'>Decanatibus</span> 
     </span>
     <span class='ocr_line' id='line_1_24' title="bbox 441 2160 3056 2241; baseline -0.001 -19"><span class='ocrx_word' id='word_1_140' title='bbox 441 2161 961 2240; x_wconf 88' lang='lat' dir='ltr'>Schlochaviensi,</span> <span class='ocrx_word' id='word_1_141' title='bbox 994 2162 1391 2240; x_wconf 87' lang='lat' dir='ltr'>Tuchelensi,</span> <span class='ocrx_word' id='word_1_142' title='bbox 1424 2179 1483 2224; x_wconf 90' lang='lat' dir='ltr'>et</span> <span class='ocrx_word' id='word_1_143' title='bbox 1514 2163 1909 2241; x_wconf 87' lang='lat' dir='ltr'>Camenensi,</span> <span class='ocrx_word' id='word_1_144' title='bbox 1941 2161 2265 2224; x_wconf 89' lang='lat' dir='ltr'>Culmensi</span> <span class='ocrx_word' id='word_1_145' title='bbox 2303 2162 2582 2224; x_wconf 88' lang='lat' dir='ltr'>Dioecesi</span> <span class='ocrx_word' id='word_1_146' title='bbox 2616 2177 2683 2221; x_wconf 91' lang='lat' dir='ltr'>ut</span> <span class='ocrx_word' id='word_1_147' title='bbox 2717 2161 2872 2221; x_wconf 87' lang='lat' dir='ltr'>infra</span> <span class='ocrx_word' id='word_1_148' title='bbox 2906 2160 3056 2236; x_wconf 86' lang='lat' dir='ltr'>adji-</span> 
     </span>
     <span class='ocr_line' id='line_1_25' title="bbox 437 2267 3059 2350; baseline -0.002 -21"><span class='ocrx_word' id='word_1_149' title='bbox 437 2268 687 2345; x_wconf 89' lang='lat' dir='ltr'>ciendis,</span> <span class='ocrx_word' id='word_1_150' title='bbox 719 2288 787 2330; x_wconf 90' lang='lat' dir='ltr'>ac</span> <span class='ocrx_word' id='word_1_151' title='bbox 820 2284 1124 2350; x_wconf 88' lang='lat' dir='ltr'>praeterea</span> <span class='ocrx_word' id='word_1_152' title='bbox 1150 2270 1498 2331; x_wconf 89' lang='lat' dir='ltr'>Decanatus</span> <span class='ocrx_word' id='word_1_153' title='bbox 1519 2270 2030 2348; x_wconf 87' lang='lat' dir='ltr'>Kruszwicensis,</span> <span class='ocrx_word' id='word_1_154' title='bbox 2050 2272 2077 2331; x_wconf 95' lang='lat' dir='ltr'>J</span> <span class='ocrx_word' id='word_1_155' title='bbox 2084 2269 2689 2346; x_wconf 80' lang='lat' dir='ltr'>univladislaviensis,</span> <span class='ocrx_word' id='word_1_156' title='bbox 2723 2282 2781 2327; x_wconf 90' lang='lat' dir='ltr'>et</span> <span class='ocrx_word' id='word_1_157' title='bbox 2802 2267 3059 2328; x_wconf 87' lang='lat' dir='ltr'>Gniew-</span> 
     </span>
     <span class='ocr_line' id='line_1_26' title="bbox 441 2372 3058 2461; baseline -0.002 -23"><span class='ocrx_word' id='word_1_158' title='bbox 441 2378 751 2439; x_wconf 88' lang='lat' dir='ltr'>kowensis</span> <span class='ocrx_word' id='word_1_159' title='bbox 795 2399 828 2438; x_wconf 92' lang='lat' dir='ltr'>a</span> <span class='ocrx_word' id='word_1_160' title='bbox 880 2378 1161 2439; x_wconf 86' lang='lat' dir='ltr'>Dioecesi</span> <span class='ocrx_word' id='word_1_161' title='bbox 1200 2378 1691 2440; x_wconf 87' lang='lat' dir='ltr'>Wladislaviensi</span> <span class='ocrx_word' id='word_1_162' title='bbox 1738 2380 2083 2461; x_wconf 89' lang='lat' dir='ltr'>separandi,</span> <span class='ocrx_word' id='word_1_163' title='bbox 2136 2379 2243 2460; x_wconf 92' lang='lat' dir='ltr'>qui</span> <span class='ocrx_word' id='word_1_164' title='bbox 2288 2380 2366 2440; x_wconf 90' lang='lat' dir='ltr'>ad</span> <span class='ocrx_word' id='word_1_165' title='bbox 2415 2395 2703 2459; x_wconf 88' lang='lat' dir='ltr'>praesens</span> <span class='ocrx_word' id='word_1_166' title='bbox 2748 2397 2781 2436; x_wconf 89' lang='lat' dir='ltr'>a</span> <span class='ocrx_word' id='word_1_167' title='bbox 2816 2372 3058 2434; x_wconf 91' lang='lat' dir='ltr'>Vicario</span> 
     </span>
     <span class='ocr_line' id='line_1_27' title="bbox 441 2481 3056 2566; baseline -0.002 -21"><span class='ocrx_word' id='word_1_168' title='bbox 441 2486 804 2566; x_wconf 90' lang='lat' dir='ltr'>Apostolico</span> <span class='ocrx_word' id='word_1_169' title='bbox 839 2486 1195 2547; x_wconf 81' lang='lat' dir='ltr'>Gedanensi</span> <span class='ocrx_word' id='word_1_170' title='bbox 1237 2487 1741 2549; x_wconf 88' lang='lat' dir='ltr'>administrantur</span> <span class='ocrx_word' id='word_1_171' title='bbox 1774 2506 1890 2548; x_wconf 91' lang='lat' dir='ltr'>nec</span> <span class='ocrx_word' id='word_1_172' title='bbox 1924 2506 2054 2549; x_wconf 90' lang='lat' dir='ltr'>non</span> <span class='ocrx_word' id='word_1_173' title='bbox 2089 2488 2437 2548; x_wconf 89' lang='lat' dir='ltr'>Decanatus</span> <span class='ocrx_word' id='word_1_174' title='bbox 2473 2481 3056 2545; x_wconf 84' lang='lat' dir='ltr'>Ostrszeszowensis</span> 
     </span>
     <span class='ocr_line' id='line_1_28' title="bbox 441 2593 3058 2676; baseline -0.002 -21"><span class='ocrx_word' id='word_1_175' title='bbox 441 2611 500 2654; x_wconf 90' lang='lat' dir='ltr'>et</span> <span class='ocrx_word' id='word_1_176' title='bbox 532 2595 943 2675; x_wconf 88' lang='lat' dir='ltr'>Kempnensis</span> <span class='ocrx_word' id='word_1_177' title='bbox 978 2594 1373 2676; x_wconf 88' lang='lat' dir='ltr'>disjungendi</span> <span class='ocrx_word' id='word_1_178' title='bbox 1407 2618 1440 2656; x_wconf 91' lang='lat' dir='ltr'>a</span> <span class='ocrx_word' id='word_1_179' title='bbox 1476 2596 1759 2657; x_wconf 90' lang='lat' dir='ltr'>Dioecesi</span> <span class='ocrx_word' id='word_1_180' title='bbox 1797 2594 2291 2657; x_wconf 88' lang='lat' dir='ltr'>Wratislaviensi.</span> <span class='ocrx_word' id='word_1_181' title='bbox 2338 2593 2724 2654; x_wconf 87' lang='lat' dir='ltr'>Divisionem</span> <span class='ocrx_word' id='word_1_182' title='bbox 2758 2605 2967 2652; x_wconf 91' lang='lat' dir='ltr'>autem</span> <span class='ocrx_word' id='word_1_183' title='bbox 3000 2604 3058 2649; x_wconf 89' lang='lat' dir='ltr'>et</span> 
     </span>
     <span class='ocr_line' id='line_1_29' title="bbox 441 2698 3062 2785; baseline -0.002 -22"><span class='ocrx_word' id='word_1_184' title='bbox 441 2702 920 2783; x_wconf 84' lang='lat' dir='ltr'>assignationem</span> <span class='ocrx_word' id='word_1_185' title='bbox 953 2703 1269 2765; x_wconf 89' lang='lat' dir='ltr'>Territorii</span> <span class='ocrx_word' id='word_1_186' title='bbox 1308 2703 1670 2766; x_wconf 87' lang='lat' dir='ltr'>Dioecesani</span> <span class='ocrx_word' id='word_1_187' title='bbox 1705 2723 1818 2785; x_wconf 92' lang='lat' dir='ltr'>pro</span> <span class='ocrx_word' id='word_1_188' title='bbox 1854 2724 2000 2782; x_wconf 89' lang='lat' dir='ltr'>una,</span> <span class='ocrx_word' id='word_1_189' title='bbox 2033 2719 2091 2764; x_wconf 90' lang='lat' dir='ltr'>et</span> <span class='ocrx_word' id='word_1_190' title='bbox 2124 2702 2314 2763; x_wconf 89' lang='lat' dir='ltr'>altera</span> <span class='ocrx_word' id='word_1_191' title='bbox 2353 2699 2633 2762; x_wconf 87' lang='lat' dir='ltr'>Dioecesi</span> <span class='ocrx_word' id='word_1_192' title='bbox 2668 2698 3062 2760; x_wconf 83' lang='lat' dir='ltr'>statuendam</span> 
     </span>
     <span class='ocr_line' id='line_1_30' title="bbox 441 2809 3062 2894; baseline -0.002 -24"><span class='ocrx_word' id='word_1_193' title='bbox 441 2809 593 2872; x_wconf 88' lang='lat' dir='ltr'>infra</span> <span class='ocrx_word' id='word_1_194' title='bbox 625 2810 892 2873; x_wconf 87' lang='lat' dir='ltr'>dicendo</span> <span class='ocrx_word' id='word_1_195' title='bbox 926 2812 1345 2894; x_wconf 87' lang='lat' dir='ltr'>praesentium</span> <span class='ocrx_word' id='word_1_196' title='bbox 1368 2812 1713 2873; x_wconf 88' lang='lat' dir='ltr'>Literarum</span> <span class='ocrx_word' id='word_1_197' title='bbox 1737 2812 2115 2892; x_wconf 82' lang='lat' dir='ltr'>Exequutori</span> <span class='ocrx_word' id='word_1_198' title='bbox 2151 2811 2565 2891; x_wconf 89' lang='lat' dir='ltr'>peragendam</span> <span class='ocrx_word' id='word_1_199' title='bbox 2588 2827 2867 2891; x_wconf 88' lang='lat' dir='ltr'>expresse</span> <span class='ocrx_word' id='word_1_200' title='bbox 2891 2826 3062 2867; x_wconf 84' lang='lat' dir='ltr'>com-</span> 
     </span>
     <span class='ocr_line' id='line_1_31' title="bbox 443 2917 760 2981; baseline 0.006 -2"><span class='ocrx_word' id='word_1_201' title='bbox 443 2917 760 2981; x_wconf 80' lang='lat' dir='ltr'>mittimus,</span> 
     </span>
    </p>

    <p class='ocr_par' dir='ltr' id='par_1_11' title="bbox 442 3024 3070 4719">
     <span class='ocr_line' id='line_1_32' title="bbox 657 3024 3065 3108; baseline -0.001 -21"><span class='ocrx_word' id='word_1_202' title='bbox 657 3027 943 3104; x_wconf 86' lang='lat' dir='ltr'>(XXXII.)</span> <span class='ocrx_word' id='word_1_203' title='bbox 1010 3027 1322 3088; x_wconf 88' lang='lat' dir='ltr'>Dioecesis</span> <span class='ocrx_word' id='word_1_204' title='bbox 1366 3026 1744 3108; x_wconf 87' lang='lat' dir='ltr'>Episcopalis</span> <span class='ocrx_word' id='word_1_205' title='bbox 1779 3025 2083 3086; x_wconf 86' lang='lat' dir='ltr'>Ecclesiae</span> <span class='ocrx_word' id='word_1_206' title='bbox 2132 3025 2623 3100; x_wconf 86' lang='lat' dir='ltr'>Culmensis‚</span> <span class='ocrx_word' id='word_1_207' title='bbox 2680 3024 3065 3105; x_wconf 84' lang='lat' dir='ltr'>suffraganae</span> 
     </span>
     <span class='ocr_line' id='line_1_33' title="bbox 443 3131 3062 3215; baseline -0 -23"><span class='ocrx_word' id='word_1_208' title='bbox 443 3132 906 3215; x_wconf 82' lang='lat' dir='ltr'>Archiepiscopi</span> <span class='ocrx_word' id='word_1_209' title='bbox 940 3133 1324 3195; x_wconf 85' lang='lat' dir='ltr'>Gnesnensis</span> <span class='ocrx_word' id='word_1_210' title='bbox 1371 3151 1428 3195; x_wconf 89' lang='lat' dir='ltr'>et</span> <span class='ocrx_word' id='word_1_211' title='bbox 1460 3133 1924 3208; x_wconf 77' lang='lat' dir='ltr'>posnaniensis,</span> <span class='ocrx_word' id='word_1_212' title='bbox 1975 3132 2276 3194; x_wconf 89' lang='lat' dir='ltr'>constabit</span> <span class='ocrx_word' id='word_1_213' title='bbox 2309 3153 2380 3193; x_wconf 84' lang='lat' dir='ltr'>ex</span> <span class='ocrx_word' id='word_1_214' title='bbox 2414 3132 2762 3194; x_wconf 86' lang='lat' dir='ltr'>bisceutum</span> <span class='ocrx_word' id='word_1_215' title='bbox 2798 3131 3062 3213; x_wconf 90' lang='lat' dir='ltr'>quinde-</span> 
     </span>
     <span class='ocr_line' id='line_1_34' title="bbox 444 3237 3063 3322; baseline -0.001 -23"><span class='ocrx_word' id='word_1_216' title='bbox 444 3239 563 3300; x_wconf 90' lang='lat' dir='ltr'>cim</span> <span class='ocrx_word' id='word_1_217' title='bbox 597 3241 891 3302; x_wconf 85' lang='lat' dir='ltr'>Paraeciis</span> <span class='ocrx_word' id='word_1_218' title='bbox 932 3261 1158 3322; x_wconf 87' lang='lat' dir='ltr'>nempe</span> <span class='ocrx_word' id='word_1_219' title='bbox 1193 3259 1337 3302; x_wconf 90' lang='lat' dir='ltr'>cum</span> <span class='ocrx_word' id='word_1_220' title='bbox 1370 3242 1498 3302; x_wconf 90' lang='lat' dir='ltr'>suis</span> <span class='ocrx_word' id='word_1_221' title='bbox 1532 3240 1866 3321; x_wconf 89' lang='lat' dir='ltr'>respective</span> <span class='ocrx_word' id='word_1_222' title='bbox 1898 3238 2382 3315; x_wconf 80' lang='lat' dir='ltr'>SuccursalibuS,</span> <span class='ocrx_word' id='word_1_223' title='bbox 2417 3256 2475 3300; x_wconf 89' lang='lat' dir='ltr'>et</span> <span class='ocrx_word' id='word_1_224' title='bbox 2509 3240 2823 3300; x_wconf 86' lang='lat' dir='ltr'>Filialibus</span> <span class='ocrx_word' id='word_1_225' title='bbox 2854 3237 3063 3299; x_wconf 87' lang='lat' dir='ltr'>Eccle-</span> 
     </span>
     <span class='ocr_line' id='line_1_35' title="bbox 442 3344 3065 3425; baseline -0 -20"><span class='ocrx_word' id='word_1_226' title='bbox 442 3346 542 3406; x_wconf 91' lang='lat' dir='ltr'>siis</span> <span class='ocrx_word' id='word_1_227' title='bbox 575 3366 645 3406; x_wconf 87' lang='lat' dir='ltr'>ex</span> <span class='ocrx_word' id='word_1_228' title='bbox 669 3347 1084 3409; x_wconf 89' lang='lat' dir='ltr'>Decanatibus</span> <span class='ocrx_word' id='word_1_229' title='bbox 1122 3349 1428 3425; x_wconf 87' lang='lat' dir='ltr'>Lessensi,</span> <span class='ocrx_word' id='word_1_230' title='bbox 1465 3347 1797 3419; x_wconf 87' lang='lat' dir='ltr'>Rhedensi‚</span> <span class='ocrx_word' id='word_1_231' title='bbox 1832 3346 2293 3422; x_wconf 83' lang='lat' dir='ltr'>NeumarkanO,</span> <span class='ocrx_word' id='word_1_232' title='bbox 2330 3344 2759 3422; x_wconf 88' lang='lat' dir='ltr'>Loebaviensi,</span> <span class='ocrx_word' id='word_1_233' title='bbox 2796 3346 3065 3405; x_wconf 87' lang='lat' dir='ltr'>Lauten·</span> 
     </span>
     <span class='ocr_line' id='line_1_36' title="bbox 442 3452 3066 3537; baseline -0.001 -23"><span class='ocrx_word' id='word_1_234' title='bbox 442 3455 751 3534; x_wconf 88' lang='lat' dir='ltr'>burgensi,</span> <span class='ocrx_word' id='word_1_235' title='bbox 788 3457 1273 3537; x_wconf 87' lang='lat' dir='ltr'>Strasburgensi,</span> <span class='ocrx_word' id='word_1_236' title='bbox 1308 3456 1700 3532; x_wconf 90' lang='lat' dir='ltr'>Gollubensi,</span> <span class='ocrx_word' id='word_1_237' title='bbox 1721 3452 2148 3530; x_wconf 87' lang='lat' dir='ltr'>Thorunensi,</span> <span class='ocrx_word' id='word_1_238' title='bbox 2184 3452 2533 3529; x_wconf 87' lang='lat' dir='ltr'>Culmensi,</span> <span class='ocrx_word' id='word_1_239' title='bbox 2559 3453 2971 3532; x_wconf 86' lang='lat' dir='ltr'>Culmseensi,</span> <span class='ocrx_word' id='word_1_240' title='bbox 3007 3469 3066 3512; x_wconf 90' lang='lat' dir='ltr'>et</span> 
     </span>
     <span class='ocr_line' id='line_1_37' title="bbox 444 3558 3066 3641; baseline -0.003 -15"><span class='ocrx_word' id='word_1_241' title='bbox 444 3563 847 3637; x_wconf 83' lang='lat' dir='ltr'>Gurcznensi‚</span> <span class='ocrx_word' id='word_1_242' title='bbox 880 3584 1023 3624; x_wconf 91' lang='lat' dir='ltr'>cum</span> <span class='ocrx_word' id='word_1_243' title='bbox 1060 3564 1338 3626; x_wconf 82' lang='lat' dir='ltr'>Paraecia</span> <span class='ocrx_word' id='word_1_244' title='bbox 1374 3563 1680 3624; x_wconf 87' lang='lat' dir='ltr'>Bialutten</span> <span class='ocrx_word' id='word_1_245' title='bbox 1713 3575 2101 3641; x_wconf 87' lang='lat' dir='ltr'>nuncupata:</span> <span class='ocrx_word' id='word_1_246' title='bbox 2141 3578 2299 3639; x_wconf 89' lang='lat' dir='ltr'>quae</span> <span class='ocrx_word' id='word_1_247' title='bbox 2335 3574 2685 3639; x_wconf 88' lang='lat' dir='ltr'>postremae</span> <span class='ocrx_word' id='word_1_248' title='bbox 2723 3560 2883 3622; x_wconf 88' lang='lat' dir='ltr'>duae</span> <span class='ocrx_word' id='word_1_249' title='bbox 2915 3558 3066 3620; x_wconf 93' lang='lat' dir='ltr'>olim</span> 
     </span>
     <span class='ocr_line' id='line_1_38' title="bbox 446 3666 3063 3748; baseline -0.002 -17"><span class='ocrx_word' id='word_1_250' title='bbox 446 3671 758 3732; x_wconf 89' lang='lat' dir='ltr'>Dioecesis</span> <span class='ocrx_word' id='word_1_251' title='bbox 807 3672 1116 3733; x_wconf 84' lang='lat' dir='ltr'>Plocensis</span> <span class='ocrx_word' id='word_1_252' title='bbox 1170 3695 1201 3733; x_wconf 87' lang='lat' dir='ltr'>a</span> <span class='ocrx_word' id='word_1_253' title='bbox 1255 3670 1645 3748; x_wconf 85' lang='lat' dir='ltr'>suffraganeo</span> <span class='ocrx_word' id='word_1_254' title='bbox 1693 3667 2017 3730; x_wconf 87' lang='lat' dir='ltr'>Culmensi</span> <span class='ocrx_word' id='word_1_255' title='bbox 2065 3667 2130 3726; x_wconf 90' lang='lat' dir='ltr'>in</span> <span class='ocrx_word' id='word_1_256' title='bbox 2184 3685 2474 3747; x_wconf 88' lang='lat' dir='ltr'>praesens</span> <span class='ocrx_word' id='word_1_257' title='bbox 2523 3666 3063 3736; x_wconf 87' lang='lat' dir='ltr'>administrantur;</span> 
     </span>
     <span class='ocr_line' id='line_1_39' title="bbox 445 3773 3065 3859; baseline -0.001 -21"><span class='ocrx_word' id='word_1_258' title='bbox 445 3778 714 3859; x_wconf 89' lang='lat' dir='ltr'>itemque</span> <span class='ocrx_word' id='word_1_259' title='bbox 749 3799 821 3839; x_wconf 87' lang='lat' dir='ltr'>ex</span> <span class='ocrx_word' id='word_1_260' title='bbox 858 3779 1268 3840; x_wconf 88' lang='lat' dir='ltr'>Decanatibus</span> <span class='ocrx_word' id='word_1_261' title='bbox 1305 3777 1684 3854; x_wconf 89' lang='lat' dir='ltr'>Gedanensi,</span> <span class='ocrx_word' id='word_1_262' title='bbox 1723 3775 2092 3855; x_wconf 88' lang='lat' dir='ltr'>Putzigensi,</span> <span class='ocrx_word' id='word_1_263' title='bbox 2115 3773 2565 3848; x_wconf 88' lang='lat' dir='ltr'>Mirchaviensi‚</span> <span class='ocrx_word' id='word_1_264' title='bbox 2590 3774 3065 3854; x_wconf 87' lang='lat' dir='ltr'>Dirschaviensi,</span> 
     </span>
     <span class='ocr_line' id='line_1_40' title="bbox 445 3881 3067 3966; baseline -0.002 -19"><span class='ocrx_word' id='word_1_265' title='bbox 445 3881 898 3966; x_wconf 76' lang='lat' dir='ltr'>Stargard&#39;ensi,</span> <span class='ocrx_word' id='word_1_266' title='bbox 965 3888 1338 3963; x_wconf 89' lang='lat' dir='ltr'>Moewensi‚</span> <span class='ocrx_word' id='word_1_267' title='bbox 1403 3884 1952 3964; x_wconf 86' lang='lat' dir='ltr'>Neuenburgensi,</span> <span class='ocrx_word' id='word_1_268' title='bbox 2015 3882 2467 3960; x_wconf 87' lang='lat' dir='ltr'>Schwetzensi,</span> <span class='ocrx_word' id='word_1_269' title='bbox 2536 3882 3067 3962; x_wconf 88' lang='lat' dir='ltr'>Lauenburgensi,</span> 
     </span>
     <span class='ocr_line' id='line_1_41' title="bbox 447 3989 3066 4072; baseline -0.002 -15"><span class='ocrx_word' id='word_1_270' title='bbox 447 3996 967 4072; x_wconf 86' lang='lat' dir='ltr'>Sc-hlochaviensi,</span> <span class='ocrx_word' id='word_1_271' title='bbox 1002 3995 1404 4071; x_wconf 88' lang='lat' dir='ltr'>Tuchelensi,</span> <span class='ocrx_word' id='word_1_272' title='bbox 1437 3993 1834 4069; x_wconf 89' lang='lat' dir='ltr'>Camenensi,</span> <span class='ocrx_word' id='word_1_273' title='bbox 1868 4007 1925 4052; x_wconf 90' lang='lat' dir='ltr'>et</span> <span class='ocrx_word' id='word_1_274' title='bbox 1960 3989 2381 4064; x_wconf 87' lang='lat' dir='ltr'>Fordonensi;</span> <span class='ocrx_word' id='word_1_275' title='bbox 2418 3990 2530 4069; x_wconf 92' lang='lat' dir='ltr'>qui</span> <span class='ocrx_word' id='word_1_276' title='bbox 2565 3990 2911 4051; x_wconf 87' lang='lat' dir='ltr'>Decanatus</span> <span class='ocrx_word' id='word_1_277' title='bbox 2945 3993 3066 4071; x_wconf 89' lang='lat' dir='ltr'>pri-</span> 
     </span>
     <span class='ocr_line' id='line_1_42' title="bbox 448 4094 3066 4177; baseline -0.002 -15"><span class='ocrx_word' id='word_1_278' title='bbox 448 4102 590 4162; x_wconf 91' lang='lat' dir='ltr'>dem</span> <span class='ocrx_word' id='word_1_279' title='bbox 625 4101 937 4163; x_wconf 90' lang='lat' dir='ltr'>Dioecesis</span> <span class='ocrx_word' id='word_1_280' title='bbox 963 4101 1510 4177; x_wconf 89' lang='lat' dir='ltr'>Wladislaviensis‚</span> <span class='ocrx_word' id='word_1_281' title='bbox 1544 4119 1709 4161; x_wconf 88' lang='lat' dir='ltr'>nunc</span> <span class='ocrx_word' id='word_1_282' title='bbox 1742 4099 1816 4159; x_wconf 93' lang='lat' dir='ltr'>ab</span> <span class='ocrx_word' id='word_1_283' title='bbox 1850 4097 2156 4158; x_wconf 90' lang='lat' dir='ltr'>antedicto</span> <span class='ocrx_word' id='word_1_284' title='bbox 2190 4095 2431 4156; x_wconf 88' lang='lat' dir='ltr'>Vicario</span> <span class='ocrx_word' id='word_1_285' title='bbox 2467 4096 2830 4175; x_wconf 83' lang='lat' dir='ltr'>Apostolico</span> <span class='ocrx_word' id='word_1_286' title='bbox 2864 4094 3066 4157; x_wconf 84' lang='lat' dir='ltr'>Geda-</span> 
     </span>
     <span class='ocr_line' id='line_1_43' title="bbox 447 4203 3068 4285; baseline -0.003 -15"><span class='ocrx_word' id='word_1_287' title='bbox 447 4209 619 4270; x_wconf 88' lang='lat' dir='ltr'>nensi</span> <span class='ocrx_word' id='word_1_288' title='bbox 664 4209 1190 4285; x_wconf 87' lang='lat' dir='ltr'>administrantur,</span> <span class='ocrx_word' id='word_1_289' title='bbox 1238 4227 1348 4268; x_wconf 88' lang='lat' dir='ltr'>nec</span> <span class='ocrx_word' id='word_1_290' title='bbox 1396 4227 1524 4268; x_wconf 87' lang='lat' dir='ltr'>non</span> <span class='ocrx_word' id='word_1_291' title='bbox 1571 4227 1644 4267; x_wconf 83' lang='lat' dir='ltr'>ex</span> <span class='ocrx_word' id='word_1_292' title='bbox 1675 4204 2018 4266; x_wconf 90' lang='lat' dir='ltr'>Territorio</span> <span class='ocrx_word' id='word_1_293' title='bbox 2068 4203 2427 4265; x_wconf 90' lang='lat' dir='ltr'>Monasterii</span> <span class='ocrx_word' id='word_1_294' title='bbox 2475 4203 2772 4263; x_wconf 84' lang='lat' dir='ltr'>Abbatiae</span> <span class='ocrx_word' id='word_1_295' title='bbox 2822 4222 3068 4264; x_wconf 90' lang='lat' dir='ltr'>nuncu-</span> 
     </span>
     <span class='ocr_line' id='line_1_44' title="bbox 448 4311 3067 4398; baseline -0.003 -21"><span class='ocrx_word' id='word_1_296' title='bbox 448 4332 618 4398; x_wconf 87' lang='lat' dir='ltr'>patae</span> <span class='ocrx_word' id='word_1_297' title='bbox 651 4315 962 4376; x_wconf 87' lang='lat' dir='ltr'>Olivensis</span> <span class='ocrx_word' id='word_1_298' title='bbox 1007 4331 1075 4375; x_wconf 92' lang='lat' dir='ltr'>ut</span> <span class='ocrx_word' id='word_1_299' title='bbox 1122 4334 1308 4396; x_wconf 90' lang='lat' dir='ltr'>supra</span> <span class='ocrx_word' id='word_1_300' title='bbox 1355 4313 1665 4394; x_wconf 89' lang='lat' dir='ltr'>suppressi</span> <span class='ocrx_word' id='word_1_301' title='bbox 1714 4333 1786 4373; x_wconf 85' lang='lat' dir='ltr'>ex</span> <span class='ocrx_word' id='word_1_302' title='bbox 1835 4331 2004 4372; x_wconf 91' lang='lat' dir='ltr'>nunc</span> <span class='ocrx_word' id='word_1_303' title='bbox 2054 4330 2166 4391; x_wconf 91' lang='lat' dir='ltr'>pro</span> <span class='ocrx_word' id='word_1_304' title='bbox 2214 4325 2364 4371; x_wconf 90' lang='lat' dir='ltr'>tunc</span> <span class='ocrx_word' id='word_1_305' title='bbox 2401 4311 2657 4389; x_wconf 88' lang='lat' dir='ltr'>quando</span> <span class='ocrx_word' id='word_1_306' title='bbox 2691 4330 2764 4371; x_wconf 87' lang='lat' dir='ltr'>ex</span> <span class='ocrx_word' id='word_1_307' title='bbox 2797 4311 3067 4371; x_wconf 84' lang='lat' dir='ltr'>Persona</span> 
     </span>
     <span class='ocr_line' id='line_1_45' title="bbox 449 4417 3070 4502; baseline -0.003 -18"><span class='ocrx_word' id='word_1_308' title='bbox 449 4423 732 4485; x_wconf 90' lang='lat' dir='ltr'>moderni</span> <span class='ocrx_word' id='word_1_309' title='bbox 764 4424 1019 4484; x_wconf 86' lang='lat' dir='ltr'>Abbatis</span> <span class='ocrx_word' id='word_1_310' title='bbox 1053 4423 1654 4502; x_wconf 89' lang='lat' dir='ltr'>quomodocumque</span> <span class='ocrx_word' id='word_1_311' title='bbox 1691 4418 2005 4480; x_wconf 87' lang='lat' dir='ltr'>vacaverit.</span> <span class='ocrx_word' id='word_1_312' title='bbox 2058 4419 2133 4478; x_wconf 89' lang='lat' dir='ltr'>Et</span> <span class='ocrx_word' id='word_1_313' title='bbox 2165 4417 2464 4498; x_wconf 89' lang='lat' dir='ltr'>quoniam</span> <span class='ocrx_word' id='word_1_314' title='bbox 2498 4419 2846 4499; x_wconf 85' lang='lat' dir='ltr'>expositum</span> <span class='ocrx_word' id='word_1_315' title='bbox 2873 4418 3070 4479; x_wconf 88' lang='lat' dir='ltr'>Nobis</span> 
     </span>
     <span class='ocr_line' id='line_1_46' title="bbox 449 4523 3068 4612; baseline -0.002 -20"><span class='ocrx_word' id='word_1_316' title='bbox 449 4530 564 4592; x_wconf 91' lang='lat' dir='ltr'>fuit</span> <span class='ocrx_word' id='word_1_317' title='bbox 607 4545 778 4612; x_wconf 89' lang='lat' dir='ltr'>aptas</span> <span class='ocrx_word' id='word_1_318' title='bbox 811 4529 1074 4591; x_wconf 89' lang='lat' dir='ltr'>Culmae</span> <span class='ocrx_word' id='word_1_319' title='bbox 1124 4528 1383 4589; x_wconf 87' lang='lat' dir='ltr'>deficere</span> <span class='ocrx_word' id='word_1_320' title='bbox 1421 4530 1661 4589; x_wconf 92' lang='lat' dir='ltr'>Domos</span> <span class='ocrx_word' id='word_1_321' title='bbox 1695 4546 1808 4608; x_wconf 94' lang='lat' dir='ltr'>pro</span> <span class='ocrx_word' id='word_1_322' title='bbox 1842 4525 2150 4606; x_wconf 87' lang='lat' dir='ltr'>Episcopi,</span> <span class='ocrx_word' id='word_1_323' title='bbox 2182 4539 2242 4584; x_wconf 91' lang='lat' dir='ltr'>et</span> <span class='ocrx_word' id='word_1_324' title='bbox 2274 4523 2524 4605; x_wconf 91' lang='lat' dir='ltr'>capituli</span> <span class='ocrx_word' id='word_1_325' title='bbox 2554 4524 2801 4603; x_wconf 10' lang='lat' dir='ltr'>*decenti</span> <span class='ocrx_word' id='word_1_326' title='bbox 2835 4524 3068 4588; x_wconf 54' lang='lat' dir='ltr'>habitae</span> 
     </span>
     <span class='ocr_line' id='line_1_47' title="bbox 448 4632 3067 4719; baseline -0.005 -17"><span class='ocrx_word' id='word_1_327' title='bbox 448 4642 637 4716; x_wconf 89' lang='lat' dir='ltr'>tione,</span> <span class='ocrx_word' id='word_1_328' title='bbox 673 4640 1020 4700; x_wconf 88' lang='lat' dir='ltr'>facultatem</span> <span class='ocrx_word' id='word_1_329' title='bbox 1057 4637 1386 4700; x_wconf 89' lang='lat' dir='ltr'>tribuimus</span> <span class='ocrx_word' id='word_1_330' title='bbox 1421 4638 1784 4719; x_wconf 90' lang='lat' dir='ltr'>Apostolico</span> <span class='ocrx_word' id='word_1_331' title='bbox 1819 4637 2041 4696; x_wconf 87' lang='lat' dir='ltr'>harum</span> <span class='ocrx_word' id='word_1_332' title='bbox 2073 4634 2387 4694; x_wconf 90' lang='lat' dir='ltr'>literarum</span> <span class='ocrx_word' id='word_1_333' title='bbox 2420 4632 2823 4713; x_wconf 84' lang='lat' dir='ltr'>Exequutori,</span> <span class='ocrx_word' id='word_1_334' title='bbox 2864 4646 2932 4714; x_wconf 89' lang='lat' dir='ltr'>ut</span> <span class='ocrx_word' id='word_1_335' title='bbox 2962 4651 3067 4691; x_wconf 90' lang='lat' dir='ltr'>au-</span> 
     </span>
    </p>
   </div>
   <div class='ocr_carea' id='block_1_10' title="bbox 450 4736 3163 4821">
    <p class='ocr_par' dir='ltr' id='par_1_12' title="bbox 450 4736 3163 4821">
     <span class='ocr_line' id='line_1_48' title="bbox 450 4736 3163 4821; baseline -0.004 -14"><span class='ocrx_word' id='word_1_336' title='bbox 450 4746 589 4808; x_wconf 87' lang='lat' dir='ltr'>ditis</span> <span class='ocrx_word' id='word_1_337' title='bbox 636 4745 929 4806; x_wconf 89' lang='lat' dir='ltr'>interesse</span> <span class='ocrx_word' id='word_1_338' title='bbox 979 4744 1368 4821; x_wconf 88' lang='lat' dir='ltr'>habentibus,</span> <span class='ocrx_word' id='word_1_339' title='bbox 1417 4763 1486 4804; x_wconf 88' lang='lat' dir='ltr'>ac</span> <span class='ocrx_word' id='word_1_340' title='bbox 1518 4763 1581 4804; x_wconf 89' lang='lat' dir='ltr'>re</span> <span class='ocrx_word' id='word_1_341' title='bbox 1616 4758 1855 4803; x_wconf 90' lang='lat' dir='ltr'>mature</span> <span class='ocrx_word' id='word_1_342' title='bbox 1888 4758 2204 4821; x_wconf 89' lang='lat' dir='ltr'>perpensa,</span> <span class='ocrx_word' id='word_1_343' title='bbox 2238 4738 2419 4799; x_wconf 83' lang='lat' dir='ltr'>firmo</span> <span class='ocrx_word' id='word_1_344' title='bbox 2452 4753 2805 4800; x_wconf 88' lang='lat' dir='ltr'>remanente</span> <span class='ocrx_word' id='word_1_345' title='bbox 2838 4736 3070 4814; x_wconf 86' lang='lat' dir='ltr'>Titu10,</span> <span class='ocrx_word' id='word_1_346' title='bbox 3160 4803 3163 4808; x_wconf 45' lang='lat'><em>‚</em></span> 
     </span>
    </p>
   </div>
   <div class='ocr_carea' id='block_1_11' title="bbox 450 4842 3069 5045">
    <p class='ocr_par' dir='ltr' id='par_1_13' title="bbox 450 4842 3069 5045">
     <span class='ocr_line' id='line_1_49' title="bbox 450 4842 3069 4934; baseline -0.006 -16"><span class='ocrx_word' id='word_1_347' title='bbox 450 4877 518 4918; x_wconf 92' lang='lat' dir='ltr'>ac</span> <span class='ocrx_word' id='word_1_348' title='bbox 552 4855 1064 4917; x_wconf 87' lang='lat' dir='ltr'>denominatione</span> <span class='ocrx_word' id='word_1_349' title='bbox 1098 4854 1502 4934; x_wconf 84' lang='lat' dir='ltr'>Episcopatus</span> <span class='ocrx_word' id='word_1_350' title='bbox 1535 4850 1911 4925; x_wconf 89' lang='lat' dir='ltr'>Culmensis,</span> <span class='ocrx_word' id='word_1_351' title='bbox 1959 4864 2019 4909; x_wconf 93' lang='lat' dir='ltr'>et</span> <span class='ocrx_word' id='word_1_352' title='bbox 2049 4846 2417 4928; x_wconf 90' lang='lat' dir='ltr'>opportunis</span> <span class='ocrx_word' id='word_1_353' title='bbox 2449 4847 2768 4926; x_wconf 87' lang='lat' dir='ltr'>assignatis</span> <span class='ocrx_word' id='word_1_354' title='bbox 2804 4842 3069 4930; x_wconf 72' lang='lat' dir='ltr'>Ecclesia</span> 
     </span>
     <span class='ocr_line' id='line_1_50' title="bbox 450 4953 3067 5045; baseline -0.005 -20"><span class='ocrx_word' id='word_1_355' title='bbox 450 4981 634 5045; x_wconf 90' lang='lat' dir='ltr'>atque</span> <span class='ocrx_word' id='word_1_356' title='bbox 666 4964 939 5033; x_wconf 79' lang='lat' dir='ltr'>aedibuS,</span> <span class='ocrx_word' id='word_1_357' title='bbox 975 4961 1365 5023; x_wconf 90' lang='lat' dir='ltr'>residentiam</span> <span class='ocrx_word' id='word_1_358' title='bbox 1398 4959 1688 5041; x_wconf 90' lang='lat' dir='ltr'>Episcopi</span> <span class='ocrx_word' id='word_1_359' title='bbox 1722 4975 1780 5019; x_wconf 89' lang='lat' dir='ltr'>et</span> <span class='ocrx_word' id='word_1_360' title='bbox 1800 4956 2068 5038; x_wconf 89' lang='lat' dir='ltr'>Capituli</span> <span class='ocrx_word' id='word_1_361' title='bbox 2089 4956 2467 5031; x_wconf 76' lang='lat' dir='ltr'>CulmensiS,</span> <span class='ocrx_word' id='word_1_362' title='bbox 2499 4955 2550 5014; x_wconf 90' lang='lat' dir='ltr'>si</span> <span class='ocrx_word' id='word_1_363' title='bbox 2581 4953 2658 5014; x_wconf 88' lang='lat' dir='ltr'>ita</span> <span class='ocrx_word' id='word_1_364' title='bbox 2694 4953 2756 5037; x_wconf 85' lang='lat' dir='ltr'>in</span> <span class='ocrx_word' id='word_1_365' title='bbox 2792 4953 3067 5040; x_wconf 80' lang='lat' dir='ltr'>Domino</span> 
     </span>
    </p>
   </div>
   <div class='ocr_carea' id='block_1_12' title="bbox 612 5072 2786 5132">
    <p class='ocr_par' dir='ltr' id='par_1_14' title="bbox 612 5072 2786 5132">
     <span class='ocr_line' id='line_1_51' title="bbox 612 5072 2786 5132; baseline -0.001 -6"><span class='ocrx_word' id='word_1_366' title='bbox 612 5082 907 5127; x_wconf 85' lang='lat' dir='ltr'>Galante:</span> <span class='ocrx_word' id='word_1_367' title='bbox 939 5080 1106 5124; x_wconf 85' lang='lat' dir='ltr'>Fontes</span> <span class='ocrx_word' id='word_1_368' title='bbox 1133 5080 1216 5132; x_wconf 82' lang='lat' dir='ltr'>jur.</span> <span class='ocrx_word' id='word_1_369' title='bbox 1245 5092 1342 5123; x_wconf 86' lang='lat' dir='ltr'>can.</span> <span class='ocrx_word' id='word_1_370' title='bbox 2728 5072 2786 5123; x_wconf 86' lang='lat'>¹9</span> 
     </span>
    </p>
   </div>
  </div>
 </body>
</html>
