<?xml version="1.0" encoding="UTF-8"?>
<!DOCTYPE html PUBLIC "-//W3C//DTD XHTML 1.0 Transitional//EN"
    "http://www.w3.org/TR/xhtml1/DTD/xhtml1-transitional.dtd">
<html xmlns="http://www.w3.org/1999/xhtml" xml:lang="en" lang="en">
 <head>
  <title>
</title>
<meta http-equiv="Content-Type" content="text/html;charset=utf-8" />
  <meta name='ocr-system' content='tesseract 3.04.00' />
  <meta name='ocr-capabilities' content='ocr_page ocr_carea ocr_par ocr_line ocrx_word'/>
</head>
<body>
  <div class='ocr_page' id='page_1' title='image "./fontesiuriscano00unkngoog/fontesiuriscano00unkngoog_0249.png"; bbox 0 0 3684 5416; ppageno 0'>
   <div class='ocr_carea' id='block_1_1' title="bbox 309 1540 361 1569">
    <p class='ocr_par' dir='ltr' id='par_1_1' title="bbox 309 1540 361 1569">
     <span class='ocr_line' id='line_1_1' title="bbox 309 1540 361 1569; baseline 0 0"><span class='ocrx_word' id='word_1_1' title='bbox 309 1540 361 1569; x_wconf 72' lang='lat'>10</span> 
     </span>
    </p>
   </div>
   <div class='ocr_carea' id='block_1_2' title="bbox 1062 361 3026 433">
    <p class='ocr_par' dir='ltr' id='par_1_2' title="bbox 1062 361 3026 433">
     <span class='ocr_line' id='line_1_2' title="bbox 1062 361 3026 433; baseline 0.002 -20"><span class='ocrx_word' id='word_1_2' title='bbox 1062 361 1324 414; x_wconf 76' lang='lat' dir='ltr'>Potestas</span> <span class='ocrx_word' id='word_1_3' title='bbox 1365 361 1741 416; x_wconf 85' lang='lat' dir='ltr'>ecclesiastica</span> <span class='ocrx_word' id='word_1_4' title='bbox 1771 375 1826 416; x_wconf 90' lang='lat' dir='ltr'>et</span> <span class='ocrx_word' id='word_1_5' title='bbox 1865 363 2168 433; x_wconf 90' lang='lat' dir='ltr'>imperium</span> <span class='ocrx_word' id='word_1_6' title='bbox 2208 363 2383 417; x_wconf 87' lang='lat' dir='ltr'>civile.</span> <span class='ocrx_word' id='word_1_7' title='bbox 2933 383 3026 419; x_wconf 82' lang='lat'>21¹</span> 
     </span>
    </p>
   </div>
   <div class='ocr_carea' id='block_1_3' title="bbox 1037 438 1294 443">
    <p class='ocr_par' dir='ltr' id='par_1_3' title="bbox 1037 438 1294 443">
     <span class='ocr_line' id='line_1_3' title="bbox 1037 438 1294 443; baseline 0 0"><span class='ocrx_word' id='word_1_8' title='bbox 1037 438 1294 443; x_wconf 95' lang='lat' dir='ltr'> </span> 
     </span>
    </p>
   </div>
   <div class='ocr_carea' id='block_1_4' title="bbox 1407 438 1670 444">
    <p class='ocr_par' dir='ltr' id='par_1_4' title="bbox 1407 438 1670 444">
     <span class='ocr_line' id='line_1_4' title="bbox 1407 438 1670 444; baseline 0 0"><span class='ocrx_word' id='word_1_9' title='bbox 1407 438 1670 444; x_wconf 95' lang='lat' dir='ltr'> </span> 
     </span>
    </p>
   </div>
   <div class='ocr_carea' id='block_1_5' title="bbox 1681 440 2021 445">
    <p class='ocr_par' dir='ltr' id='par_1_5' title="bbox 1681 440 2021 445">
     <span class='ocr_line' id='line_1_5' title="bbox 1681 440 2021 445; baseline 0 0"><span class='ocrx_word' id='word_1_10' title='bbox 1681 440 2021 445; x_wconf 95' lang='lat' dir='ltr'> </span> 
     </span>
    </p>
   </div>
   <div class='ocr_carea' id='block_1_6' title="bbox 2836 443 2987 447">
    <p class='ocr_par' dir='ltr' id='par_1_6' title="bbox 2836 443 2987 447">
     <span class='ocr_line' id='line_1_6' title="bbox 2836 443 2987 447; baseline 0 0"><span class='ocrx_word' id='word_1_11' title='bbox 2836 443 2987 447; x_wconf 95' lang='lat' dir='ltr'> </span> 
     </span>
    </p>
   </div>
   <div class='ocr_carea' id='block_1_7' title="bbox 417 545 3040 2020">
    <p class='ocr_par' dir='ltr' id='par_1_7' title="bbox 417 545 3040 2020">
     <span class='ocr_line' id='line_1_7' title="bbox 417 545 3035 627; baseline 0.004 -22"><span class='ocrx_word' id='word_1_12' title='bbox 417 547 494 606; x_wconf 90' lang='lat' dir='ltr'>ad</span> <span class='ocrx_word' id='word_1_13' title='bbox 544 546 762 625; x_wconf 83' lang='lat' dir='ltr'>quevis</span> <span class='ocrx_word' id='word_1_14' title='bbox 805 547 937 607; x_wconf 89' lang='lat' dir='ltr'>loca</span> <span class='ocrx_word' id='word_1_15' title='bbox 985 545 1423 624; x_wconf 87' lang='lat' dir='ltr'>secedentium,</span> <span class='ocrx_word' id='word_1_16' title='bbox 1472 546 1520 606; x_wconf 91' lang='lat' dir='ltr'>si</span> <span class='ocrx_word' id='word_1_17' title='bbox 1553 565 1680 624; x_wconf 80' lang='lat' dir='ltr'>eoS,</span> <span class='ocrx_word' id='word_1_18' title='bbox 1729 563 2067 627; x_wconf 89' lang='lat' dir='ltr'>antequam</span> <span class='ocrx_word' id='word_1_19' title='bbox 2098 549 2175 609; x_wconf 87' lang='lat' dir='ltr'>ad</span> <span class='ocrx_word' id='word_1_20' title='bbox 2210 548 2434 608; x_wconf 89' lang='lat' dir='ltr'>dictam</span> <span class='ocrx_word' id='word_1_21' title='bbox 2467 549 2698 609; x_wconf 88' lang='lat' dir='ltr'>curiam</span> <span class='ocrx_word' id='word_1_22' title='bbox 2730 550 3035 616; x_wconf 76' lang='lat' dir='ltr'>redierint.</span> 
     </span>
     <span class='ocr_line' id='line_1_8' title="bbox 420 651 3036 735; baseline 0.003 -25"><span class='ocrx_word' id='word_1_23' title='bbox 420 651 486 711; x_wconf 90' lang='lat' dir='ltr'>in</span> <span class='ocrx_word' id='word_1_24' title='bbox 516 652 668 712; x_wconf 92' lang='lat' dir='ltr'>locis</span> <span class='ocrx_word' id='word_1_25' title='bbox 701 652 854 713; x_wconf 87' lang='lat' dir='ltr'>ultra</span> <span class='ocrx_word' id='word_1_26' title='bbox 890 652 1044 713; x_wconf 91' lang='lat' dir='ltr'>duas</span> <span class='ocrx_word' id='word_1_27' title='bbox 1076 652 1263 712; x_wconf 87' lang='lat' dir='ltr'>dietas</span> <span class='ocrx_word' id='word_1_28' title='bbox 1296 656 1371 713; x_wconf 89' lang='lat' dir='ltr'>ab</span> <span class='ocrx_word' id='word_1_29' title='bbox 1405 655 1622 714; x_wconf 91' lang='lat' dir='ltr'>eadem</span> <span class='ocrx_word' id='word_1_30' title='bbox 1655 653 1842 731; x_wconf 90' lang='lat' dir='ltr'>curia,</span> <span class='ocrx_word' id='word_1_31' title='bbox 1878 670 1944 715; x_wconf 92' lang='lat' dir='ltr'>ut</span> <span class='ocrx_word' id='word_1_32' title='bbox 1978 655 2361 735; x_wconf 85' lang='lat' dir='ltr'>premittitur,</span> <span class='ocrx_word' id='word_1_33' title='bbox 2397 675 2525 716; x_wconf 91' lang='lat' dir='ltr'>non</span> <span class='ocrx_word' id='word_1_34' title='bbox 2549 656 2819 731; x_wconf 90' lang='lat' dir='ltr'>remotis,</span> <span class='ocrx_word' id='word_1_35' title='bbox 2852 656 3036 717; x_wconf 90' lang='lat' dir='ltr'>dum-</span> 
     </span>
     <span class='ocr_line' id='line_1_9' title="bbox 419 759 3037 840; baseline 0.002 -22"><span class='ocrx_word' id='word_1_36' title='bbox 419 759 617 820; x_wconf 84' lang='lat' dir='ltr'>modo</span> <span class='ocrx_word' id='word_1_37' title='bbox 664 779 885 821; x_wconf 89' lang='lat' dir='ltr'>eorum</span> <span class='ocrx_word' id='word_1_38' title='bbox 931 760 1252 840; x_wconf 89' lang='lat' dir='ltr'>proprium</span> <span class='ocrx_word' id='word_1_39' title='bbox 1299 760 1683 822; x_wconf 86' lang='lat' dir='ltr'>domicilium</span> <span class='ocrx_word' id='word_1_40' title='bbox 1730 779 1862 821; x_wconf 91' lang='lat' dir='ltr'>non</span> <span class='ocrx_word' id='word_1_41' title='bbox 1911 763 2123 823; x_wconf 86' lang='lat' dir='ltr'>existat</span> <span class='ocrx_word' id='word_1_42' title='bbox 2154 762 2400 838; x_wconf 77' lang='lat' dir='ltr'>ibidem,</span> <span class='ocrx_word' id='word_1_43' title='bbox 2437 763 2558 823; x_wconf 89' lang='lat' dir='ltr'>iam</span> <span class='ocrx_word' id='word_1_44' title='bbox 2591 761 2796 824; x_wconf 84' lang='lat' dir='ltr'>forsan</span> <span class='ocrx_word' id='word_1_45' title='bbox 2829 764 3037 824; x_wconf 86' lang='lat' dir='ltr'>deces-</span> 
     </span>
     <span class='ocr_line' id='line_1_10' title="bbox 417 866 3032 953; baseline 0.002 -27"><span class='ocrx_word' id='word_1_46' title='bbox 417 866 611 927; x_wconf 84' lang='lat' dir='ltr'>serint</span> <span class='ocrx_word' id='word_1_47' title='bbox 643 866 740 927; x_wconf 85' lang='lat' dir='ltr'>vel</span> <span class='ocrx_word' id='word_1_48' title='bbox 773 867 1180 948; x_wconf 79' lang='lat' dir='ltr'>imposterum</span> <span class='ocrx_word' id='word_1_49' title='bbox 1213 888 1321 931; x_wconf 89' lang='lat' dir='ltr'>eos</span> <span class='ocrx_word' id='word_1_50' title='bbox 1353 868 1720 948; x_wconf 84' lang='lat' dir='ltr'>contingerit</span> <span class='ocrx_word' id='word_1_51' title='bbox 1752 869 1828 930; x_wconf 92' lang='lat' dir='ltr'>de</span> <span class='ocrx_word' id='word_1_52' title='bbox 1863 870 2069 930; x_wconf 88' lang='lat' dir='ltr'>medio</span> <span class='ocrx_word' id='word_1_53' title='bbox 2102 872 2457 931; x_wconf 86' lang='lat' dir='ltr'>submoveri</span> <span class='ocrx_word' id='word_1_54' title='bbox 2491 886 2551 932; x_wconf 91' lang='lat' dir='ltr'>et</span> <span class='ocrx_word' id='word_1_55' title='bbox 2581 890 2750 933; x_wconf 91' lang='lat' dir='ltr'>nunc</span> <span class='ocrx_word' id='word_1_56' title='bbox 2773 891 2880 953; x_wconf 89' lang='lat' dir='ltr'>per</span> <span class='ocrx_word' id='word_1_57' title='bbox 2897 873 3032 934; x_wconf 92' lang='lat' dir='ltr'>obi-</span> 
     </span>
     <span class='ocr_line' id='line_1_11' title="bbox 417 973 3037 1060; baseline 0.002 -27"><span class='ocrx_word' id='word_1_58' title='bbox 417 988 558 1033; x_wconf 89' lang='lat' dir='ltr'>tum</span> <span class='ocrx_word' id='word_1_59' title='bbox 591 973 950 1035; x_wconf 90' lang='lat' dir='ltr'>huiusmodi</span> <span class='ocrx_word' id='word_1_60' title='bbox 984 975 1250 1037; x_wconf 90' lang='lat' dir='ltr'>vacantia</span> <span class='ocrx_word' id='word_1_61' title='bbox 1284 975 1380 1036; x_wconf 89' lang='lat' dir='ltr'>vel</span> <span class='ocrx_word' id='word_1_62' title='bbox 1401 975 1805 1056; x_wconf 86' lang='lat' dir='ltr'>imposterum</span> <span class='ocrx_word' id='word_1_63' title='bbox 1825 992 2127 1054; x_wconf 85' lang='lat' dir='ltr'>vacatura,</span> <span class='ocrx_word' id='word_1_64' title='bbox 2160 996 2246 1037; x_wconf 90' lang='lat' dir='ltr'>ru</span> <span class='ocrx_word' id='word_1_65' title='bbox 2266 996 2337 1037; x_wconf 91' lang='lat' dir='ltr'>rs</span> <span class='ocrx_word' id='word_1_66' title='bbox 2357 997 2441 1037; x_wconf 90' lang='lat' dir='ltr'>us</span> <span class='ocrx_word' id='word_1_67' title='bbox 2473 979 2839 1040; x_wconf 85' lang='lat' dir='ltr'>monasteria</span> <span class='ocrx_word' id='word_1_68' title='bbox 2875 979 3037 1060; x_wconf 90' lang='lat' dir='ltr'>prio-</span> 
     </span>
     <span class='ocr_line' id='line_1_12' title="bbox 421 1080 3038 1162; baseline 0.003 -24"><span class='ocrx_word' id='word_1_69' title='bbox 421 1097 586 1139; x_wconf 85' lang='lat' dir='ltr'>ratus</span> <span class='ocrx_word' id='word_1_70' title='bbox 619 1095 680 1140; x_wconf 90' lang='lat' dir='ltr'>et</span> <span class='ocrx_word' id='word_1_71' title='bbox 712 1080 1041 1142; x_wconf 89' lang='lat' dir='ltr'>decanatus</span> <span class='ocrx_word' id='word_1_72' title='bbox 1073 1081 1395 1160; x_wconf 82' lang='lat' dir='ltr'>dignitates</span> <span class='ocrx_word' id='word_1_73' title='bbox 1427 1098 1792 1162; x_wconf 85' lang='lat' dir='ltr'>personatus</span> <span class='ocrx_word' id='word_1_74' title='bbox 1825 1083 2395 1145; x_wconf 90' lang='lat' dir='ltr'>administraciones</span> <span class='ocrx_word' id='word_1_75' title='bbox 2415 1085 2617 1146; x_wconf 90' lang='lat' dir='ltr'>officia</span> <span class='ocrx_word' id='word_1_76' title='bbox 2638 1087 3038 1148; x_wconf 88' lang='lat' dir='ltr'>canonicatus</span> 
     </span>
     <span class='ocr_line' id='line_1_13' title="bbox 422 1187 3039 1271; baseline 0.003 -25"><span class='ocrx_word' id='word_1_77' title='bbox 422 1188 767 1266; x_wconf 88' lang='lat' dir='ltr'>prebendas</span> <span class='ocrx_word' id='word_1_78' title='bbox 799 1204 858 1248; x_wconf 89' lang='lat' dir='ltr'>et</span> <span class='ocrx_word' id='word_1_79' title='bbox 889 1187 1169 1249; x_wconf 86' lang='lat' dir='ltr'>ecclesias</span> <span class='ocrx_word' id='word_1_80' title='bbox 1202 1204 1524 1268; x_wconf 88' lang='lat' dir='ltr'>ceteraque</span> <span class='ocrx_word' id='word_1_81' title='bbox 1558 1189 1855 1266; x_wconf 81' lang='lat' dir='ltr'>beneficia</span> <span class='ocrx_word' id='word_1_82' title='bbox 1888 1189 2289 1252; x_wconf 87' lang='lat' dir='ltr'>ecclesiastica</span> <span class='ocrx_word' id='word_1_83' title='bbox 2322 1191 2615 1252; x_wconf 87' lang='lat' dir='ltr'>secularia</span> <span class='ocrx_word' id='word_1_84' title='bbox 2650 1208 2707 1253; x_wconf 90' lang='lat' dir='ltr'>et</span> <span class='ocrx_word' id='word_1_85' title='bbox 2740 1193 3039 1271; x_wconf 83' lang='lat' dir='ltr'>regularia</span> 
     </span>
     <span class='ocr_line' id='line_1_14' title="bbox 420 1295 3038 1377; baseline 0.003 -25"><span class='ocrx_word' id='word_1_86' title='bbox 420 1312 568 1353; x_wconf 90' lang='lat' dir='ltr'>cum</span> <span class='ocrx_word' id='word_1_87' title='bbox 601 1313 744 1356; x_wconf 83' lang='lat' dir='ltr'>cura</span> <span class='ocrx_word' id='word_1_88' title='bbox 779 1295 873 1355; x_wconf 86' lang='lat' dir='ltr'>vel</span> <span class='ocrx_word' id='word_1_89' title='bbox 905 1296 1033 1357; x_wconf 91' lang='lat' dir='ltr'>sine</span> <span class='ocrx_word' id='word_1_90' title='bbox 1066 1315 1232 1371; x_wconf 91' lang='lat' dir='ltr'>cura,</span> <span class='ocrx_word' id='word_1_91' title='bbox 1282 1314 1659 1377; x_wconf 88' lang='lat' dir='ltr'>quecunque</span> <span class='ocrx_word' id='word_1_92' title='bbox 1693 1313 1750 1358; x_wconf 91' lang='lat' dir='ltr'>et</span> <span class='ocrx_word' id='word_1_93' title='bbox 1784 1297 2236 1377; x_wconf 85' lang='lat' dir='ltr'>qualiacunque</span> <span class='ocrx_word' id='word_1_94' title='bbox 2272 1298 2517 1375; x_wconf 90' lang='lat' dir='ltr'>fuerint,</span> <span class='ocrx_word' id='word_1_95' title='bbox 2565 1299 2797 1359; x_wconf 89' lang='lat' dir='ltr'>etiamsi</span> <span class='ocrx_word' id='word_1_96' title='bbox 2831 1301 2905 1359; x_wconf 90' lang='lat' dir='ltr'>ad</span> <span class='ocrx_word' id='word_1_97' title='bbox 2940 1300 3038 1360; x_wconf 89' lang='lat' dir='ltr'>illa</span> 
     </span>
     <span class='ocr_line' id='line_1_15' title="bbox 421 1402 3038 1485; baseline 0.002 -24"><span class='ocrx_word' id='word_1_98' title='bbox 421 1421 688 1481; x_wconf 85' lang='lat' dir='ltr'>persone</span> <span class='ocrx_word' id='word_1_99' title='bbox 722 1402 1153 1464; x_wconf 90' lang='lat' dir='ltr'>consueverint</span> <span class='ocrx_word' id='word_1_100' title='bbox 1185 1422 1294 1464; x_wconf 92' lang='lat' dir='ltr'>seu</span> <span class='ocrx_word' id='word_1_101' title='bbox 1328 1404 1657 1465; x_wconf 89' lang='lat' dir='ltr'>debuerint</span> <span class='ocrx_word' id='word_1_102' title='bbox 1690 1423 1799 1485; x_wconf 92' lang='lat' dir='ltr'>per</span> <span class='ocrx_word' id='word_1_103' title='bbox 1830 1405 2197 1466; x_wconf 87' lang='lat' dir='ltr'>electionem</span> <span class='ocrx_word' id='word_1_104' title='bbox 2229 1426 2340 1467; x_wconf 88' lang='lat' dir='ltr'>seu</span> <span class='ocrx_word' id='word_1_105' title='bbox 2376 1406 2658 1485; x_wconf 89' lang='lat' dir='ltr'>quemvis</span> <span class='ocrx_word' id='word_1_106' title='bbox 2689 1405 2880 1466; x_wconf 91' lang='lat' dir='ltr'>alium</span> <span class='ocrx_word' id='word_1_107' title='bbox 2901 1424 3038 1466; x_wconf 87' lang='lat' dir='ltr'>mo·</span> 
     </span>
     <span class='ocr_line' id='line_1_16' title="bbox 422 1508 3040 1594; baseline 0.003 -27"><span class='ocrx_word' id='word_1_108' title='bbox 422 1508 578 1567; x_wconf 91' lang='lat' dir='ltr'>dum</span> <span class='ocrx_word' id='word_1_109' title='bbox 612 1509 864 1584; x_wconf 90' lang='lat' dir='ltr'>assumi,</span> <span class='ocrx_word' id='word_1_110' title='bbox 911 1529 1033 1588; x_wconf 90' lang='lat' dir='ltr'>que</span> <span class='ocrx_word' id='word_1_111' title='bbox 1066 1509 1336 1590; x_wconf 90' lang='lat' dir='ltr'>promoti</span> <span class='ocrx_word' id='word_1_112' title='bbox 1370 1530 1477 1590; x_wconf 90' lang='lat' dir='ltr'>per</span> <span class='ocrx_word' id='word_1_113' title='bbox 1508 1530 1625 1573; x_wconf 88' lang='lat' dir='ltr'>nos</span> <span class='ocrx_word' id='word_1_114' title='bbox 1657 1511 1751 1571; x_wconf 90' lang='lat' dir='ltr'>vel</span> <span class='ocrx_word' id='word_1_115' title='bbox 1785 1511 2137 1573; x_wconf 88' lang='lat' dir='ltr'>auctoritate</span> <span class='ocrx_word' id='word_1_116' title='bbox 2175 1527 2379 1573; x_wconf 89' lang='lat' dir='ltr'>nostra</span> <span class='ocrx_word' id='word_1_117' title='bbox 2413 1513 2489 1572; x_wconf 91' lang='lat' dir='ltr'>ad</span> <span class='ocrx_word' id='word_1_118' title='bbox 2524 1513 3040 1594; x_wconf 87' lang='lat' dir='ltr'>patriarchialium</span> 
     </span>
     <span class='ocr_line' id='line_1_17' title="bbox 420 1615 3039 1699; baseline 0.003 -26"><span class='ocrx_word' id='word_1_119' title='bbox 420 1615 1033 1696; x_wconf 87' lang='lat' dir='ltr'>archiepiscopalium</span> <span class='ocrx_word' id='word_1_120' title='bbox 1067 1633 1125 1677; x_wconf 89' lang='lat' dir='ltr'>et</span> <span class='ocrx_word' id='word_1_121' title='bbox 1157 1616 1599 1698; x_wconf 87' lang='lat' dir='ltr'>episcopalium</span> <span class='ocrx_word' id='word_1_122' title='bbox 1631 1617 2025 1679; x_wconf 88' lang='lat' dir='ltr'>ecclesiarum</span> <span class='ocrx_word' id='word_1_123' title='bbox 2061 1637 2308 1679; x_wconf 87' lang='lat' dir='ltr'>necnon</span> <span class='ocrx_word' id='word_1_124' title='bbox 2343 1621 2860 1682; x_wconf 86' lang='lat' dir='ltr'>monasteriorum</span> <span class='ocrx_word' id='word_1_125' title='bbox 2883 1622 3039 1699; x_wconf 85' lang='lat' dir='ltr'>regi-</span> 
     </span>
     <span class='ocr_line' id='line_1_18' title="bbox 423 1724 3040 1808; baseline 0.002 -25"><span class='ocrx_word' id='word_1_126' title='bbox 423 1724 590 1784; x_wconf 85' lang='lat' dir='ltr'>mina</span> <span class='ocrx_word' id='word_1_127' title='bbox 626 1725 986 1786; x_wconf 87' lang='lat' dir='ltr'>obtinebant</span> <span class='ocrx_word' id='word_1_128' title='bbox 1019 1741 1292 1807; x_wconf 90' lang='lat' dir='ltr'>tempore</span> <span class='ocrx_word' id='word_1_129' title='bbox 1328 1726 1805 1807; x_wconf 87' lang='lat' dir='ltr'>promocionum</span> <span class='ocrx_word' id='word_1_130' title='bbox 1840 1727 1918 1787; x_wconf 91' lang='lat' dir='ltr'>de</span> <span class='ocrx_word' id='word_1_131' title='bbox 1952 1726 2094 1807; x_wconf 87' lang='lat' dir='ltr'>ipsis</span> <span class='ocrx_word' id='word_1_132' title='bbox 2117 1726 2429 1803; x_wconf 87' lang='lat' dir='ltr'>factarum,</span> <span class='ocrx_word' id='word_1_133' title='bbox 2463 1746 2632 1788; x_wconf 90' lang='lat' dir='ltr'>nunc</span> <span class='ocrx_word' id='word_1_134' title='bbox 2657 1747 3040 1808; x_wconf 89' lang='lat' dir='ltr'>quocunque</span> 
     </span>
     <span class='ocr_line' id='line_1_19' title="bbox 424 1831 3036 1914; baseline 0.002 -24"><span class='ocrx_word' id='word_1_135' title='bbox 424 1831 621 1891; x_wconf 90' lang='lat' dir='ltr'>modo</span> <span class='ocrx_word' id='word_1_136' title='bbox 669 1831 941 1892; x_wconf 85' lang='lat' dir='ltr'>vacantia</span> <span class='ocrx_word' id='word_1_137' title='bbox 988 1849 1089 1893; x_wconf 91' lang='lat' dir='ltr'>aut</span> <span class='ocrx_word' id='word_1_138' title='bbox 1139 1834 1550 1913; x_wconf 87' lang='lat' dir='ltr'>imposterum</span> <span class='ocrx_word' id='word_1_139' title='bbox 1586 1849 1867 1894; x_wconf 86' lang='lat' dir='ltr'>vacatura</span> <span class='ocrx_word' id='word_1_140' title='bbox 1905 1852 2151 1895; x_wconf 89' lang='lat' dir='ltr'>necnon</span> <span class='ocrx_word' id='word_1_141' title='bbox 2184 1834 2365 1894; x_wconf 86' lang='lat' dir='ltr'>etiam</span> <span class='ocrx_word' id='word_1_142' title='bbox 2400 1853 2521 1914; x_wconf 84' lang='lat' dir='ltr'>que</span> <span class='ocrx_word' id='word_1_143' title='bbox 2556 1853 2662 1914; x_wconf 92' lang='lat' dir='ltr'>per</span> <span class='ocrx_word' id='word_1_144' title='bbox 2695 1836 3036 1896; x_wconf 87' lang='lat' dir='ltr'>assecucio-</span> 
     </span>
     <span class='ocr_line' id='line_1_20' title="bbox 426 1938 3039 2020; baseline 0.002 -22"><span class='ocrx_word' id='word_1_145' title='bbox 426 1958 573 1999; x_wconf 89' lang='lat' dir='ltr'>nem</span> <span class='ocrx_word' id='word_1_146' title='bbox 624 1938 931 2018; x_wconf 86' lang='lat' dir='ltr'>pacificam</span> <span class='ocrx_word' id='word_1_147' title='bbox 982 1958 1506 2019; x_wconf 89' lang='lat' dir='ltr'>quorumcunque</span> <span class='ocrx_word' id='word_1_148' title='bbox 1555 1940 1941 2019; x_wconf 88' lang='lat' dir='ltr'>prioratuum</span> <span class='ocrx_word' id='word_1_149' title='bbox 1988 1941 2360 2020; x_wconf 78' lang='lat' dir='ltr'>dignitatum</span> <span class='ocrx_word' id='word_1_150' title='bbox 2410 1957 2856 2020; x_wconf 85' lang='lat' dir='ltr'>personatuum</span> <span class='ocrx_word' id='word_1_151' title='bbox 2903 1942 3039 2002; x_wconf 84' lang='lat' dir='ltr'>offi-</span> 
     </span>
    </p>
   </div>
   <div class='ocr_carea' id='block_1_8' title="bbox 306 2045 3040 2127">
    <p class='ocr_par' dir='ltr' id='par_1_8' title="bbox 306 2045 3040 2127">
     <span class='ocr_line' id='line_1_21' title="bbox 306 2045 3040 2127; baseline 0.001 -21"><span class='ocrx_word' id='word_1_152' title='bbox 306 2077 357 2117; x_wconf 71' lang='lat'>:3</span> <span class='ocrx_word' id='word_1_153' title='bbox 425 2046 668 2106; x_wconf 87' lang='lat' dir='ltr'>ciorum</span> <span class='ocrx_word' id='word_1_154' title='bbox 715 2046 1193 2107; x_wconf 86' lang='lat' dir='ltr'>canonicatuum</span> <span class='ocrx_word' id='word_1_155' title='bbox 1242 2047 1700 2127; x_wconf 85' lang='lat' dir='ltr'>prebendarum</span> <span class='ocrx_word' id='word_1_156' title='bbox 1733 2046 2131 2107; x_wconf 87' lang='lat' dir='ltr'>ecclesiarum</span> <span class='ocrx_word' id='word_1_157' title='bbox 2164 2062 2268 2106; x_wconf 89' lang='lat' dir='ltr'>aut</span> <span class='ocrx_word' id='word_1_158' title='bbox 2300 2045 2745 2107; x_wconf 85' lang='lat' dir='ltr'>beneficiorum</span> <span class='ocrx_word' id='word_1_159' title='bbox 2779 2048 3040 2108; x_wconf 87' lang='lat' dir='ltr'>aliorum</span> 
     </span>
    </p>
   </div>
   <div class='ocr_carea' id='block_1_9' title="bbox 307 4220 364 4263">
    <p class='ocr_par' dir='ltr' id='par_1_9' title="bbox 307 4220 364 4263">
     <span class='ocr_line' id='line_1_22' title="bbox 307 4220 364 4263; baseline 0 0"><span class='ocrx_word' id='word_1_160' title='bbox 307 4220 364 4263; x_wconf 68' lang='lat'>‘⁴5</span> 
     </span>
    </p>
   </div>
   <div class='ocr_carea' id='block_1_10' title="bbox 424 2151 3045 3093">
    <p class='ocr_par' dir='ltr' id='par_1_10' title="bbox 424 2151 3045 2984">
     <span class='ocr_line' id='line_1_23' title="bbox 426 2151 3039 2232; baseline 0.002 -21"><span class='ocrx_word' id='word_1_161' title='bbox 426 2171 537 2232; x_wconf 90' lang='lat' dir='ltr'>per</span> <span class='ocrx_word' id='word_1_162' title='bbox 587 2173 702 2213; x_wconf 90' lang='lat' dir='ltr'>nos</span> <span class='ocrx_word' id='word_1_163' title='bbox 754 2172 862 2212; x_wconf 91' lang='lat' dir='ltr'>seu</span> <span class='ocrx_word' id='word_1_164' title='bbox 914 2153 1268 2214; x_wconf 90' lang='lat' dir='ltr'>auctoritate</span> <span class='ocrx_word' id='word_1_165' title='bbox 1322 2169 1676 2216; x_wconf 87' lang='lat' dir='ltr'>nostrarum</span> <span class='ocrx_word' id='word_1_166' title='bbox 1727 2153 2066 2214; x_wconf 85' lang='lat' dir='ltr'>litterarum</span> <span class='ocrx_word' id='word_1_167' title='bbox 2116 2153 2462 2213; x_wconf 90' lang='lat' dir='ltr'>immediate</span> <span class='ocrx_word' id='word_1_168' title='bbox 2514 2151 2880 2215; x_wconf 86' lang='lat' dir='ltr'>collatorum</span> <span class='ocrx_word' id='word_1_169' title='bbox 2931 2174 3039 2215; x_wconf 91' lang='lat' dir='ltr'>seu</span> 
     </span>
     <span class='ocr_line' id='line_1_24' title="bbox 424 2260 3042 2342; baseline 0 -22"><span class='ocrx_word' id='word_1_170' title='bbox 424 2260 953 2321; x_wconf 88' lang='lat' dir='ltr'>conferendorum</span> <span class='ocrx_word' id='word_1_171' title='bbox 1003 2261 1428 2342; x_wconf 77' lang='lat' dir='ltr'>imposterum,</span> <span class='ocrx_word' id='word_1_172' title='bbox 1479 2276 1869 2341; x_wconf 87' lang='lat' dir='ltr'>preterquam</span> <span class='ocrx_word' id='word_1_173' title='bbox 1915 2261 1962 2320; x_wconf 91' lang='lat' dir='ltr'>si</span> <span class='ocrx_word' id='word_1_174' title='bbox 2010 2261 2225 2321; x_wconf 90' lang='lat' dir='ltr'>virtute</span> <span class='ocrx_word' id='word_1_175' title='bbox 2257 2260 2445 2339; x_wconf 80' lang='lat' dir='ltr'>gratie</span> <span class='ocrx_word' id='word_1_176' title='bbox 2478 2261 2847 2340; x_wconf 86' lang='lat' dir='ltr'>expectative</span> <span class='ocrx_word' id='word_1_177' title='bbox 2880 2280 3042 2320; x_wconf 89' lang='lat' dir='ltr'>asse-</span> 
     </span>
     <span class='ocr_line' id='line_1_25' title="bbox 426 2366 3043 2448; baseline -0 -21"><span class='ocrx_word' id='word_1_178' title='bbox 426 2367 597 2427; x_wconf 86' lang='lat' dir='ltr'>cutio</span> <span class='ocrx_word' id='word_1_179' title='bbox 631 2366 750 2444; x_wconf 83' lang='lat' dir='ltr'>fiat,</span> <span class='ocrx_word' id='word_1_180' title='bbox 785 2386 953 2428; x_wconf 89' lang='lat' dir='ltr'>nunc</span> <span class='ocrx_word' id='word_1_181' title='bbox 986 2368 1254 2429; x_wconf 88' lang='lat' dir='ltr'>vacantia</span> <span class='ocrx_word' id='word_1_182' title='bbox 1290 2384 1348 2429; x_wconf 91' lang='lat' dir='ltr'>et</span> <span class='ocrx_word' id='word_1_183' title='bbox 1380 2367 1623 2431; x_wconf 84' lang='lat' dir='ltr'>inantea</span> <span class='ocrx_word' id='word_1_184' title='bbox 1658 2384 1960 2444; x_wconf 83' lang='lat' dir='ltr'>vacatura,</span> <span class='ocrx_word' id='word_1_185' title='bbox 1997 2368 2173 2448; x_wconf 91' lang='lat' dir='ltr'>plena</span> <span class='ocrx_word' id='word_1_186' title='bbox 2207 2386 2393 2448; x_wconf 90' lang='lat' dir='ltr'>super</span> <span class='ocrx_word' id='word_1_187' title='bbox 2414 2367 2727 2448; x_wconf 86' lang='lat' dir='ltr'>premissis</span> <span class='ocrx_word' id='word_1_188' title='bbox 2746 2368 3043 2427; x_wconf 87' lang='lat' dir='ltr'>omnibus</span> 
     </span>
     <span class='ocr_line' id='line_1_26' title="bbox 425 2474 3038 2555; baseline -0 -20"><span class='ocrx_word' id='word_1_189' title='bbox 425 2492 486 2535; x_wconf 91' lang='lat' dir='ltr'>et</span> <span class='ocrx_word' id='word_1_190' title='bbox 519 2475 778 2552; x_wconf 83' lang='lat' dir='ltr'>singulis</span> <span class='ocrx_word' id='word_1_191' title='bbox 810 2495 951 2535; x_wconf 87' lang='lat' dir='ltr'>curn</span> <span class='ocrx_word' id='word_1_192' title='bbox 991 2474 1272 2536; x_wconf 88' lang='lat' dir='ltr'>fratribus</span> <span class='ocrx_word' id='word_1_193' title='bbox 1305 2475 1526 2536; x_wconf 89' lang='lat' dir='ltr'>nostris</span> <span class='ocrx_word' id='word_1_194' title='bbox 1559 2475 1885 2536; x_wconf 86' lang='lat' dir='ltr'>collatione</span> <span class='ocrx_word' id='word_1_195' title='bbox 1921 2475 2232 2555; x_wconf 89' lang='lat' dir='ltr'>prehabita</span> <span class='ocrx_word' id='word_1_196' title='bbox 2265 2491 2325 2534; x_wconf 90' lang='lat' dir='ltr'>et</span> <span class='ocrx_word' id='word_1_197' title='bbox 2344 2490 2583 2535; x_wconf 88' lang='lat' dir='ltr'>matura</span> <span class='ocrx_word' id='word_1_198' title='bbox 2606 2474 3038 2535; x_wconf 88' lang='lat' dir='ltr'>deliberatione</span> 
     </span>
     <span class='ocr_line' id='line_1_27' title="bbox 424 2581 3042 2663; baseline -0 -22"><span class='ocrx_word' id='word_1_199' title='bbox 424 2597 636 2642; x_wconf 85' lang='lat' dir='ltr'>secuta</span> <span class='ocrx_word' id='word_1_200' title='bbox 682 2581 1064 2643; x_wconf 88' lang='lat' dir='ltr'>ordinacioni</span> <span class='ocrx_word' id='word_1_201' title='bbox 1112 2583 1506 2663; x_wconf 86' lang='lat' dir='ltr'>disposicioni</span> <span class='ocrx_word' id='word_1_202' title='bbox 1555 2603 1624 2643; x_wconf 89' lang='lat' dir='ltr'>ac</span> <span class='ocrx_word' id='word_1_203' title='bbox 1670 2582 2064 2663; x_wconf 88' lang='lat' dir='ltr'>promissioni</span> <span class='ocrx_word' id='word_1_204' title='bbox 2112 2597 2317 2642; x_wconf 85' lang='lat' dir='ltr'>nostre</span> <span class='ocrx_word' id='word_1_205' title='bbox 2365 2582 2440 2642; x_wconf 89' lang='lat' dir='ltr'>de</span> <span class='ocrx_word' id='word_1_206' title='bbox 2475 2581 2752 2662; x_wconf 88' lang='lat' dir='ltr'>ipsorum</span> <span class='ocrx_word' id='word_1_207' title='bbox 2787 2581 3042 2641; x_wconf 87' lang='lat' dir='ltr'>fratrum</span> 
     </span>
     <span class='ocr_line' id='line_1_28' title="bbox 425 2687 3043 2771; baseline -0 -22"><span class='ocrx_word' id='word_1_208' title='bbox 425 2689 691 2751; x_wconf 87' lang='lat' dir='ltr'>consilio</span> <span class='ocrx_word' id='word_1_209' title='bbox 725 2689 1081 2752; x_wconf 87' lang='lat' dir='ltr'>auctoritate</span> <span class='ocrx_word' id='word_1_210' title='bbox 1114 2689 1446 2771; x_wconf 88' lang='lat' dir='ltr'>apostolica</span> <span class='ocrx_word' id='word_1_211' title='bbox 1495 2710 1892 2752; x_wconf 83' lang='lat' dir='ltr'>reservam</span> <span class='ocrx_word' id='word_1_212' title='bbox 1914 2710 2028 2765; x_wconf 91' lang='lat' dir='ltr'>us,</span> <span class='ocrx_word' id='word_1_213' title='bbox 2078 2690 2476 2751; x_wconf 87' lang='lat' dir='ltr'>decernentes</span> <span class='ocrx_word' id='word_1_214' title='bbox 2522 2707 2764 2749; x_wconf 86' lang='lat' dir='ltr'>exnunc</span> <span class='ocrx_word' id='word_1_215' title='bbox 2805 2687 3043 2750; x_wconf 89' lang='lat' dir='ltr'>irritum</span> 
     </span>
     <span class='ocr_line' id='line_1_29' title="bbox 427 2796 3045 2877; baseline -0.001 -20"><span class='ocrx_word' id='word_1_216' title='bbox 427 2814 488 2857; x_wconf 91' lang='lat' dir='ltr'>et</span> <span class='ocrx_word' id='word_1_217' title='bbox 523 2798 726 2871; x_wconf 78' lang='lat' dir='ltr'>inane,</span> <span class='ocrx_word' id='word_1_218' title='bbox 758 2797 809 2858; x_wconf 91' lang='lat' dir='ltr'>si</span> <span class='ocrx_word' id='word_1_219' title='bbox 841 2817 1016 2858; x_wconf 88' lang='lat' dir='ltr'>secus</span> <span class='ocrx_word' id='word_1_220' title='bbox 1049 2816 1233 2877; x_wconf 88' lang='lat' dir='ltr'>super</span> <span class='ocrx_word' id='word_1_221' title='bbox 1266 2798 1575 2877; x_wconf 87' lang='lat' dir='ltr'>premissis</span> <span class='ocrx_word' id='word_1_222' title='bbox 1609 2813 1666 2858; x_wconf 90' lang='lat' dir='ltr'>et</span> <span class='ocrx_word' id='word_1_223' title='bbox 1698 2796 1976 2876; x_wconf 91' lang='lat' dir='ltr'>quolibet</span> <span class='ocrx_word' id='word_1_224' title='bbox 2007 2815 2227 2858; x_wconf 91' lang='lat' dir='ltr'>eorum</span> <span class='ocrx_word' id='word_1_225' title='bbox 2263 2816 2367 2876; x_wconf 86' lang='lat' dir='ltr'>per</span> <span class='ocrx_word' id='word_1_226' title='bbox 2397 2815 2809 2876; x_wconf 86' lang='lat' dir='ltr'>quoscunque</span> <span class='ocrx_word' id='word_1_227' title='bbox 2830 2796 3045 2875; x_wconf 85' lang='lat' dir='ltr'>quavis</span> 
     </span>
     <span class='ocr_line' id='line_1_30' title="bbox 426 2904 2342 2984; baseline 0 -20"><span class='ocrx_word' id='word_1_228' title='bbox 426 2904 789 2965; x_wconf 86' lang='lat' dir='ltr'>auctoritate</span> <span class='ocrx_word' id='word_1_229' title='bbox 823 2905 1080 2966; x_wconf 89' lang='lat' dir='ltr'>scienter</span> <span class='ocrx_word' id='word_1_230' title='bbox 1111 2905 1205 2966; x_wconf 89' lang='lat' dir='ltr'>vel</span> <span class='ocrx_word' id='word_1_231' title='bbox 1239 2905 1596 2984; x_wconf 78' lang='lat' dir='ltr'>ignoranter</span> <span class='ocrx_word' id='word_1_232' title='bbox 1627 2905 1949 2984; x_wconf 86' lang='lat' dir='ltr'>contigerit</span> <span class='ocrx_word' id='word_1_233' title='bbox 1982 2904 2342 2984; x_wconf 88' lang='lat' dir='ltr'>attemptari.</span> 
     </span>
    </p>

    <p class='ocr_par' dir='ltr' id='par_1_11' title="bbox 650 3010 3044 3093">
     <span class='ocr_line' id='line_1_31' title="bbox 650 3010 3044 3093; baseline -0.002 -20"><span class='ocrx_word' id='word_1_234' title='bbox 650 3010 730 3091; x_wconf 83' lang='lat'>[2]</span> <span class='ocrx_word' id='word_1_235' title='bbox 779 3012 925 3073; x_wconf 84' lang='lat' dir='ltr'>Item</span> <span class='ocrx_word' id='word_1_236' title='bbox 974 3012 1038 3073; x_wconf 89' lang='lat' dir='ltr'>in</span> <span class='ocrx_word' id='word_1_237' title='bbox 1084 3013 1354 3074; x_wconf 86' lang='lat' dir='ltr'>ecclesiis</span> <span class='ocrx_word' id='word_1_238' title='bbox 1402 3012 1891 3093; x_wconf 89' lang='lat' dir='ltr'>metropolitanis</span> <span class='ocrx_word' id='word_1_239' title='bbox 1924 3028 1984 3073; x_wconf 94' lang='lat' dir='ltr'>et</span> <span class='ocrx_word' id='word_1_240' title='bbox 2015 3011 2467 3072; x_wconf 85' lang='lat' dir='ltr'>cathedralibus</span> <span class='ocrx_word' id='word_1_241' title='bbox 2498 3011 2679 3072; x_wconf 88' lang='lat' dir='ltr'>etiam</span> <span class='ocrx_word' id='word_1_242' title='bbox 2712 3010 3044 3089; x_wconf 86' lang='lat' dir='ltr'>apostolice</span> 
     </span>
    </p>
   </div>
   <div class='ocr_carea' id='block_1_11' title="bbox 339 3116 3044 3199">
    <p class='ocr_par' dir='ltr' id='par_1_12' title="bbox 339 3116 3044 3199">
     <span class='ocr_line' id='line_1_32' title="bbox 339 3116 3044 3199; baseline -0.001 -21"><span class='ocrx_word' id='word_1_243' title='bbox 339 3147 356 3171; x_wconf 66' lang='grc' dir='ltr'>ε</span> <span class='ocrx_word' id='word_1_244' title='bbox 426 3119 560 3180; x_wconf 89' lang='lat' dir='ltr'>sedi</span> <span class='ocrx_word' id='word_1_245' title='bbox 610 3119 960 3180; x_wconf 88' lang='lat' dir='ltr'>immediate</span> <span class='ocrx_word' id='word_1_246' title='bbox 1009 3139 1137 3180; x_wconf 92' lang='lat' dir='ltr'>non</span> <span class='ocrx_word' id='word_1_247' title='bbox 1185 3120 1471 3179; x_wconf 89' lang='lat' dir='ltr'>subiectis</span> <span class='ocrx_word' id='word_1_248' title='bbox 1518 3135 1577 3180; x_wconf 87' lang='lat' dir='ltr'>et</span> <span class='ocrx_word' id='word_1_249' title='bbox 1624 3119 1684 3179; x_wconf 91' lang='lat' dir='ltr'>in</span> <span class='ocrx_word' id='word_1_250' title='bbox 1731 3119 2118 3180; x_wconf 88' lang='lat' dir='ltr'>monasteriis</span> <span class='ocrx_word' id='word_1_251' title='bbox 2165 3117 2497 3199; x_wconf 88' lang='lat' dir='ltr'>apostolice</span> <span class='ocrx_word' id='word_1_252' title='bbox 2533 3118 2660 3177; x_wconf 91' lang='lat' dir='ltr'>sedi</span> <span class='ocrx_word' id='word_1_253' title='bbox 2697 3116 3044 3177; x_wconf 89' lang='lat' dir='ltr'>immediate</span> 
     </span>
    </p>
   </div>
   <div class='ocr_carea' id='block_1_12' title="bbox 426 3224 3057 4702">
    <p class='ocr_par' dir='ltr' id='par_1_13' title="bbox 426 3224 3052 4056">
     <span class='ocr_line' id='line_1_33' title="bbox 426 3224 3044 3306; baseline -0 -21"><span class='ocrx_word' id='word_1_254' title='bbox 426 3227 720 3287; x_wconf 90' lang='lat' dir='ltr'>subiectis</span> <span class='ocrx_word' id='word_1_255' title='bbox 770 3226 917 3288; x_wconf 89' lang='lat' dir='ltr'>fiant</span> <span class='ocrx_word' id='word_1_256' title='bbox 963 3227 1292 3289; x_wconf 88' lang='lat' dir='ltr'>electiones</span> <span class='ocrx_word' id='word_1_257' title='bbox 1337 3227 1653 3297; x_wconf 87' lang='lat' dir='ltr'>canonice,</span> <span class='ocrx_word' id='word_1_258' title='bbox 1699 3247 1822 3306; x_wconf 89' lang='lat' dir='ltr'>que</span> <span class='ocrx_word' id='word_1_259' title='bbox 1866 3227 1943 3286; x_wconf 85' lang='lat' dir='ltr'>ad</span> <span class='ocrx_word' id='word_1_260' title='bbox 1991 3228 2201 3286; x_wconf 90' lang='lat' dir='ltr'>sedem</span> <span class='ocrx_word' id='word_1_261' title='bbox 2233 3224 2637 3305; x_wconf 90' lang='lat' dir='ltr'>apostolicam</span> <span class='ocrx_word' id='word_1_262' title='bbox 2671 3224 3044 3291; x_wconf 81' lang='lat' dir='ltr'>deferantur,</span> 
     </span>
     <span class='ocr_line' id='line_1_34' title="bbox 429 3331 3050 3414; baseline -0.002 -20"><span class='ocrx_word' id='word_1_263' title='bbox 429 3353 590 3413; x_wconf 88' lang='lat' dir='ltr'>quas</span> <span class='ocrx_word' id='word_1_264' title='bbox 641 3333 820 3394; x_wconf 90' lang='lat' dir='ltr'>etiam</span> <span class='ocrx_word' id='word_1_265' title='bbox 871 3334 946 3394; x_wconf 86' lang='lat' dir='ltr'>ad</span> <span class='ocrx_word' id='word_1_266' title='bbox 999 3350 1242 3414; x_wconf 90' lang='lat' dir='ltr'>tempus</span> <span class='ocrx_word' id='word_1_267' title='bbox 1292 3334 1694 3395; x_wconf 87' lang='lat' dir='ltr'>constitutum</span> <span class='ocrx_word' id='word_1_268' title='bbox 1745 3333 1809 3393; x_wconf 93' lang='lat' dir='ltr'>in</span> <span class='ocrx_word' id='word_1_269' title='bbox 1863 3333 2312 3393; x_wconf 90' lang='lat' dir='ltr'>constitucione</span> <span class='ocrx_word' id='word_1_270' title='bbox 2360 3331 2615 3405; x_wconf 89' lang='lat' dir='ltr'>Nicolai,</span> <span class='ocrx_word' id='word_1_271' title='bbox 2667 3351 2788 3410; x_wconf 89' lang='lat' dir='ltr'>que</span> <span class='ocrx_word' id='word_1_272' title='bbox 2842 3331 3050 3410; x_wconf 89' lang='lat' dir='ltr'>incipit</span> 
     </span>
     <span class='ocr_line' id='line_1_35' title="bbox 429 3437 3046 3522; baseline -0.002 -20"><span class='ocrx_word' id='word_1_273' title='bbox 429 3441 796 3522; x_wconf 75' lang='lat' dir='ltr'>,cupientes‘</span> <span class='ocrx_word' id='word_1_274' title='bbox 832 3460 986 3522; x_wconf 87' lang='lat' dir='ltr'>papa</span> <span class='ocrx_word' id='word_1_275' title='bbox 1020 3456 1323 3520; x_wconf 84' lang='lat' dir='ltr'>expectet:</span> <span class='ocrx_word' id='word_1_276' title='bbox 1360 3459 1489 3520; x_wconf 90' lang='lat' dir='ltr'>quo</span> <span class='ocrx_word' id='word_1_277' title='bbox 1525 3441 1682 3500; x_wconf 84' lang='lat' dir='ltr'>facto</span> <span class='ocrx_word' id='word_1_278' title='bbox 1714 3440 1764 3500; x_wconf 90' lang='lat' dir='ltr'>si</span> <span class='ocrx_word' id='word_1_279' title='bbox 1800 3459 1930 3500; x_wconf 90' lang='lat' dir='ltr'>non</span> <span class='ocrx_word' id='word_1_280' title='bbox 1967 3440 2188 3500; x_wconf 89' lang='lat' dir='ltr'>fuerint</span> <span class='ocrx_word' id='word_1_281' title='bbox 2224 3452 2565 3518; x_wconf 86' lang='lat' dir='ltr'>presentate</span> <span class='ocrx_word' id='word_1_282' title='bbox 2600 3438 2693 3498; x_wconf 86' lang='lat' dir='ltr'>vel</span> <span class='ocrx_word' id='word_1_283' title='bbox 2727 3437 2775 3497; x_wconf 91' lang='lat' dir='ltr'>si</span> <span class='ocrx_word' id='word_1_284' title='bbox 2800 3456 3046 3516; x_wconf 84' lang='lat' dir='ltr'>presen-</span> 
     </span>
     <span class='ocr_line' id='line_1_36' title="bbox 431 3544 3049 3629; baseline -0.003 -20"><span class='ocrx_word' id='word_1_285' title='bbox 431 3566 554 3609; x_wconf 87' lang='lat' dir='ltr'>tate</span> <span class='ocrx_word' id='word_1_286' title='bbox 590 3549 799 3610; x_wconf 89' lang='lat' dir='ltr'>minus</span> <span class='ocrx_word' id='word_1_287' title='bbox 832 3549 1129 3610; x_wconf 89' lang='lat' dir='ltr'>canonice</span> <span class='ocrx_word' id='word_1_288' title='bbox 1164 3548 1412 3625; x_wconf 86' lang='lat' dir='ltr'>fuerint,</span> <span class='ocrx_word' id='word_1_289' title='bbox 1449 3567 1603 3629; x_wconf 86' lang='lat' dir='ltr'>papa</span> <span class='ocrx_word' id='word_1_290' title='bbox 1639 3547 1990 3627; x_wconf 81' lang='lat' dir='ltr'>provideat:</span> <span class='ocrx_word' id='word_1_291' title='bbox 2029 3546 2075 3604; x_wconf 89' lang='lat' dir='ltr'>si</span> <span class='ocrx_word' id='word_1_292' title='bbox 2111 3564 2258 3605; x_wconf 87' lang='lat' dir='ltr'>vero</span> <span class='ocrx_word' id='word_1_293' title='bbox 2292 3544 2586 3604; x_wconf 90' lang='lat' dir='ltr'>canonice</span> <span class='ocrx_word' id='word_1_294' title='bbox 2609 3544 2856 3612; x_wconf 76' lang='lat' dir='ltr'>fuerint,</span> <span class='ocrx_word' id='word_1_295' title='bbox 2894 3562 3049 3623; x_wconf 89' lang='lat' dir='ltr'>papa</span> 
     </span>
     <span class='ocr_line' id='line_1_37' title="bbox 432 3649 3050 3732; baseline -0.003 -15"><span class='ocrx_word' id='word_1_296' title='bbox 432 3677 546 3719; x_wconf 91' lang='lat' dir='ltr'>eos</span> <span class='ocrx_word' id='word_1_297' title='bbox 580 3656 922 3732; x_wconf 81' lang='lat' dir='ltr'>confirmet,</span> <span class='ocrx_word' id='word_1_298' title='bbox 958 3654 1071 3717; x_wconf 87' lang='lat' dir='ltr'>nisi</span> <span class='ocrx_word' id='word_1_299' title='bbox 1104 3674 1174 3716; x_wconf 81' lang='lat' dir='ltr'>ex</span> <span class='ocrx_word' id='word_1_300' title='bbox 1209 3675 1391 3716; x_wconf 88' lang='lat' dir='ltr'>causa</span> <span class='ocrx_word' id='word_1_301' title='bbox 1424 3653 1767 3715; x_wconf 89' lang='lat' dir='ltr'>rationabili</span> <span class='ocrx_word' id='word_1_302' title='bbox 1801 3668 1861 3713; x_wconf 92' lang='lat' dir='ltr'>et</span> <span class='ocrx_word' id='word_1_303' title='bbox 1893 3652 2156 3712; x_wconf 83' lang='lat' dir='ltr'>evidenti</span> <span class='ocrx_word' id='word_1_304' title='bbox 2190 3668 2247 3711; x_wconf 91' lang='lat' dir='ltr'>et</span> <span class='ocrx_word' id='word_1_305' title='bbox 2281 3651 2357 3710; x_wconf 92' lang='lat' dir='ltr'>de</span> <span class='ocrx_word' id='word_1_306' title='bbox 2391 3649 2641 3710; x_wconf 83' lang='lat' dir='ltr'>fratrum</span> <span class='ocrx_word' id='word_1_307' title='bbox 2683 3649 2942 3709; x_wconf 91' lang='lat' dir='ltr'>consilio</span> <span class='ocrx_word' id='word_1_308' title='bbox 2975 3650 3050 3709; x_wconf 91' lang='lat' dir='ltr'>de</span> 
     </span>
     <span class='ocr_line' id='line_1_38' title="bbox 432 3756 3051 3846; baseline -0.005 -18"><span class='ocrx_word' id='word_1_309' title='bbox 432 3766 708 3846; x_wconf 78' lang='lat' dir='ltr'>digniori</span> <span class='ocrx_word' id='word_1_310' title='bbox 742 3782 801 3825; x_wconf 93' lang='lat' dir='ltr'>et</span> <span class='ocrx_word' id='word_1_311' title='bbox 833 3762 1062 3825; x_wconf 91' lang='lat' dir='ltr'>utiliori</span> <span class='ocrx_word' id='word_1_312' title='bbox 1095 3782 1354 3842; x_wconf 90' lang='lat' dir='ltr'>persona</span> <span class='ocrx_word' id='word_1_313' title='bbox 1390 3760 1629 3823; x_wconf 80' lang='lat' dir='ltr'>duxerit</span> <span class='ocrx_word' id='word_1_314' title='bbox 1662 3760 2135 3841; x_wconf 83' lang='lat' dir='ltr'>providendum,</span> <span class='ocrx_word' id='word_1_315' title='bbox 2187 3757 2454 3838; x_wconf 87' lang='lat' dir='ltr'>proviso,</span> <span class='ocrx_word' id='word_1_316' title='bbox 2501 3757 2673 3837; x_wconf 94' lang='lat' dir='ltr'>quod</span> <span class='ocrx_word' id='word_1_317' title='bbox 2708 3756 3051 3817; x_wconf 79' lang='lat' dir='ltr'>confirmati</span> 
     </span>
     <span class='ocr_line' id='line_1_39' title="bbox 433 3863 3052 3954; baseline -0.005 -19"><span class='ocrx_word' id='word_1_318' title='bbox 433 3891 496 3935; x_wconf 89' lang='lat' dir='ltr'>et</span> <span class='ocrx_word' id='word_1_319' title='bbox 548 3871 773 3954; x_wconf 82' lang='lat' dir='ltr'>provisi</span> <span class='ocrx_word' id='word_1_320' title='bbox 824 3890 932 3951; x_wconf 90' lang='lat' dir='ltr'>per</span> <span class='ocrx_word' id='word_1_321' title='bbox 979 3889 1199 3950; x_wconf 90' lang='lat' dir='ltr'>papam</span> <span class='ocrx_word' id='word_1_322' title='bbox 1234 3868 1718 3930; x_wconf 86' lang='lat' dir='ltr'>nichilhominus</span> <span class='ocrx_word' id='word_1_323' title='bbox 1766 3865 2251 3946; x_wconf 87' lang='lat' dir='ltr'>metropolitanis</span> <span class='ocrx_word' id='word_1_324' title='bbox 2297 3880 2354 3923; x_wconf 85' lang='lat' dir='ltr'>et</span> <span class='ocrx_word' id='word_1_325' title='bbox 2392 3864 2521 3923; x_wconf 90' lang='lat' dir='ltr'>aliis</span> <span class='ocrx_word' id='word_1_326' title='bbox 2554 3878 2821 3942; x_wconf 88' lang='lat' dir='ltr'>prestent</span> <span class='ocrx_word' id='word_1_327' title='bbox 2854 3863 3052 3923; x_wconf 89' lang='lat' dir='ltr'>debita</span> 
     </span>
     <span class='ocr_line' id='line_1_40' title="bbox 435 3975 1917 4056; baseline -0.005 -15"><span class='ocrx_word' id='word_1_328' title='bbox 435 3982 781 4041; x_wconf 87' lang='lat' dir='ltr'>iuramenta</span> <span class='ocrx_word' id='word_1_329' title='bbox 810 3993 873 4039; x_wconf 93' lang='lat' dir='ltr'>et</span> <span class='ocrx_word' id='word_1_330' title='bbox 903 3977 1035 4051; x_wconf 90' lang='lat' dir='ltr'>alia,</span> <span class='ocrx_word' id='word_1_331' title='bbox 1070 3978 1146 4037; x_wconf 92' lang='lat' dir='ltr'>ad</span> <span class='ocrx_word' id='word_1_332' title='bbox 1181 3996 1302 4056; x_wconf 83' lang='lat' dir='ltr'>que</span> <span class='ocrx_word' id='word_1_333' title='bbox 1336 3977 1411 4036; x_wconf 92' lang='lat' dir='ltr'>de</span> <span class='ocrx_word' id='word_1_334' title='bbox 1446 3975 1575 4036; x_wconf 90' lang='lat' dir='ltr'>iure</span> <span class='ocrx_word' id='word_1_335' title='bbox 1612 3990 1917 4035; x_wconf 91' lang='lat' dir='ltr'>tenentur.</span> 
     </span>
    </p>

    <p class='ocr_par' dir='ltr' id='par_1_14' title="bbox 434 4076 3057 4702">
     <span class='ocr_line' id='line_1_41' title="bbox 657 4076 3055 4164; baseline -0.004 -18"><span class='ocrx_word' id='word_1_336' title='bbox 657 4082 759 4164; x_wconf 67' lang='lat'>{2³²}</span> <span class='ocrx_word' id='word_1_337' title='bbox 813 4085 879 4145; x_wconf 93' lang='lat' dir='ltr'>ln</span> <span class='ocrx_word' id='word_1_338' title='bbox 929 4083 1313 4146; x_wconf 87' lang='lat' dir='ltr'>monasteriis</span> <span class='ocrx_word' id='word_1_339' title='bbox 1360 4102 1483 4163; x_wconf 91' lang='lat' dir='ltr'>que</span> <span class='ocrx_word' id='word_1_340' title='bbox 1515 4103 1641 4143; x_wconf 92' lang='lat' dir='ltr'>non</span> <span class='ocrx_word' id='word_1_341' title='bbox 1677 4099 1822 4143; x_wconf 90' lang='lat' dir='ltr'>sunt</span> <span class='ocrx_word' id='word_1_342' title='bbox 1855 4082 2202 4142; x_wconf 88' lang='lat' dir='ltr'>immediate</span> <span class='ocrx_word' id='word_1_343' title='bbox 2235 4078 2508 4140; x_wconf 89' lang='lat' dir='ltr'>subiecta</span> <span class='ocrx_word' id='word_1_344' title='bbox 2541 4077 2670 4139; x_wconf 90' lang='lat' dir='ltr'>sedi</span> <span class='ocrx_word' id='word_1_345' title='bbox 2705 4076 3055 4157; x_wconf 87' lang='lat' dir='ltr'>apostolice,</span> 
     </span>
     <span class='ocr_line' id='line_1_42' title="bbox 434 4184 3055 4269; baseline -0.005 -13"><span class='ocrx_word' id='word_1_346' title='bbox 434 4212 687 4256; x_wconf 90' lang='lat' dir='ltr'>necnon</span> <span class='ocrx_word' id='word_1_347' title='bbox 733 4193 799 4253; x_wconf 90' lang='lat' dir='ltr'>in</span> <span class='ocrx_word' id='word_1_348' title='bbox 844 4191 976 4252; x_wconf 89' lang='lat' dir='ltr'>aliis</span> <span class='ocrx_word' id='word_1_349' title='bbox 1022 4190 1333 4252; x_wconf 83' lang='lat' dir='ltr'>beneficiis</span> <span class='ocrx_word' id='word_1_350' title='bbox 1367 4190 1765 4267; x_wconf 84' lang='lat' dir='ltr'>regularibus,</span> <span class='ocrx_word' id='word_1_351' title='bbox 1798 4207 1984 4269; x_wconf 90' lang='lat' dir='ltr'>super</span> <span class='ocrx_word' id='word_1_352' title='bbox 2029 4188 2255 4267; x_wconf 87' lang='lat' dir='ltr'>quibus</span> <span class='ocrx_word' id='word_1_353' title='bbox 2300 4205 2414 4267; x_wconf 79' lang='lat' dir='ltr'>pio</span> <span class='ocrx_word' id='word_1_354' title='bbox 2447 4184 2911 4246; x_wconf 85' lang='lat' dir='ltr'>confirmatione</span> <span class='ocrx_word' id='word_1_355' title='bbox 2945 4203 3055 4245; x_wconf 91' lang='lat' dir='ltr'>seu</span> 
     </span>
     <span class='ocr_line' id='line_1_43' title="bbox 437 4293 3055 4383; baseline -0.004 -20"><span class='ocrx_word' id='word_1_356' title='bbox 437 4300 793 4383; x_wconf 79' lang='lat' dir='ltr'>provisione</span> <span class='ocrx_word' id='word_1_357' title='bbox 825 4318 955 4361; x_wconf 89' lang='lat' dir='ltr'>non</span> <span class='ocrx_word' id='word_1_358' title='bbox 987 4298 1306 4361; x_wconf 89' lang='lat' dir='ltr'>consuevit</span> <span class='ocrx_word' id='word_1_359' title='bbox 1340 4296 1547 4359; x_wconf 89' lang='lat' dir='ltr'>haberi</span> <span class='ocrx_word' id='word_1_360' title='bbox 1581 4315 1869 4357; x_wconf 90' lang='lat' dir='ltr'>recursus</span> <span class='ocrx_word' id='word_1_361' title='bbox 1902 4298 1976 4357; x_wconf 86' lang='lat' dir='ltr'>ad</span> <span class='ocrx_word' id='word_1_362' title='bbox 2010 4296 2221 4356; x_wconf 88' lang='lat' dir='ltr'>sedem</span> <span class='ocrx_word' id='word_1_363' title='bbox 2254 4293 2678 4375; x_wconf 87' lang='lat' dir='ltr'>apostolicam,</span> <span class='ocrx_word' id='word_1_364' title='bbox 2721 4313 2851 4354; x_wconf 92' lang='lat' dir='ltr'>non</span> <span class='ocrx_word' id='word_1_365' title='bbox 2884 4309 3055 4353; x_wconf 88' lang='lat' dir='ltr'>tene-</span> 
     </span>
     <span class='ocr_line' id='line_1_44' title="bbox 436 4401 3054 4485; baseline -0.004 -15"><span class='ocrx_word' id='word_1_366' title='bbox 436 4425 623 4470; x_wconf 90' lang='lat' dir='ltr'>antur</span> <span class='ocrx_word' id='word_1_367' title='bbox 653 4407 862 4469; x_wconf 86' lang='lat' dir='ltr'>venire</span> <span class='ocrx_word' id='word_1_368' title='bbox 894 4406 1068 4467; x_wconf 90' lang='lat' dir='ltr'>electi</span> <span class='ocrx_word' id='word_1_369' title='bbox 1101 4425 1209 4467; x_wconf 92' lang='lat' dir='ltr'>seu</span> <span class='ocrx_word' id='word_1_370' title='bbox 1245 4405 1351 4482; x_wconf 88' lang='lat' dir='ltr'>illi,</span> <span class='ocrx_word' id='word_1_371' title='bbox 1383 4405 1611 4485; x_wconf 88' lang='lat' dir='ltr'>quibus</span> <span class='ocrx_word' id='word_1_372' title='bbox 1635 4404 2090 4484; x_wconf 88' lang='lat' dir='ltr'>providendum</span> <span class='ocrx_word' id='word_1_373' title='bbox 2116 4419 2223 4478; x_wconf 87' lang='lat' dir='ltr'>est,</span> <span class='ocrx_word' id='word_1_374' title='bbox 2248 4404 2323 4463; x_wconf 89' lang='lat' dir='ltr'>ad</span> <span class='ocrx_word' id='word_1_375' title='bbox 2344 4401 2578 4463; x_wconf 88' lang='lat' dir='ltr'>curiam</span> <span class='ocrx_word' id='word_1_376' title='bbox 2599 4401 2675 4460; x_wconf 88' lang='lat' dir='ltr'>ad</span> <span class='ocrx_word' id='word_1_377' title='bbox 2699 4401 3054 4461; x_wconf 90' lang='lat' dir='ltr'>habendum</span> 
     </span>
     <span class='ocr_line' id='line_1_45' title="bbox 438 4508 3057 4594; baseline -0.004 -17"><span class='ocrx_word' id='word_1_378' title='bbox 438 4514 987 4578; x_wconf 84' lang='lat' dir='ltr'>confirmacionem</span> <span class='ocrx_word' id='word_1_379' title='bbox 1019 4514 1113 4574; x_wconf 91' lang='lat' dir='ltr'>vel</span> <span class='ocrx_word' id='word_1_380' title='bbox 1148 4513 1605 4594; x_wconf 83' lang='lat' dir='ltr'>provisionem;</span> <span class='ocrx_word' id='word_1_381' title='bbox 1641 4530 1755 4573; x_wconf 90' lang='lat' dir='ltr'>nec</span> <span class='ocrx_word' id='word_1_382' title='bbox 1785 4511 1979 4572; x_wconf 88' lang='lat' dir='ltr'>eciam</span> <span class='ocrx_word' id='word_1_383' title='bbox 2014 4511 2173 4570; x_wconf 90' lang='lat' dir='ltr'>dicta</span> <span class='ocrx_word' id='word_1_384' title='bbox 2196 4508 2494 4570; x_wconf 86' lang='lat' dir='ltr'>beneficia</span> <span class='ocrx_word' id='word_1_385' title='bbox 2517 4508 2815 4585; x_wconf 79' lang='lat' dir='ltr'>regularia</span> <span class='ocrx_word' id='word_1_386' title='bbox 2840 4508 3057 4567; x_wconf 87' lang='lat' dir='ltr'>cadant</span> 
     </span>
     <span class='ocr_line' id='line_1_46' title="bbox 441 4615 3056 4702; baseline -0.004 -18"><span class='ocrx_word' id='word_1_387' title='bbox 441 4625 504 4684; x_wconf 93' lang='lat' dir='ltr'>in</span> <span class='ocrx_word' id='word_1_388' title='bbox 537 4621 755 4701; x_wconf 82' lang='lat' dir='ltr'>graciis</span> <span class='ocrx_word' id='word_1_389' title='bbox 787 4622 1195 4702; x_wconf 87' lang='lat' dir='ltr'>expectativis.</span> <span class='ocrx_word' id='word_1_390' title='bbox 1265 4620 1385 4682; x_wconf 91' lang='lat' dir='ltr'>Ubi</span> <span class='ocrx_word' id='word_1_391' title='bbox 1420 4635 1625 4681; x_wconf 84' lang='lat' dir='ltr'>autem</span> <span class='ocrx_word' id='word_1_392' title='bbox 1663 4619 1727 4679; x_wconf 91' lang='lat' dir='ltr'>in</span> <span class='ocrx_word' id='word_1_393' title='bbox 1761 4617 2151 4678; x_wconf 87' lang='lat' dir='ltr'>monasteriis</span> <span class='ocrx_word' id='word_1_394' title='bbox 2183 4618 2259 4678; x_wconf 87' lang='lat' dir='ltr'>ad</span> <span class='ocrx_word' id='word_1_395' title='bbox 2295 4616 2531 4677; x_wconf 89' lang='lat' dir='ltr'>curiam</span> <span class='ocrx_word' id='word_1_396' title='bbox 2569 4615 2920 4676; x_wconf 82' lang='lat' dir='ltr'>Romanam</span> <span class='ocrx_word' id='word_1_397' title='bbox 2956 4633 3056 4674; x_wconf 86' lang='lat' dir='ltr'>ve-</span> 
     </span>
    </p>
   </div>
   <div class='ocr_carea' id='block_1_13' title="bbox 319 4720 3057 4806">
    <p class='ocr_par' dir='ltr' id='par_1_15' title="bbox 319 4720 3057 4806">
     <span class='ocr_line' id='line_1_47' title="bbox 319 4720 3057 4806; baseline -0.005 -15"><span class='ocrx_word' id='word_1_398' title='bbox 319 4754 375 4791; x_wconf 70' lang='lat'>10</span> <span class='ocrx_word' id='word_1_399' title='bbox 441 4732 573 4792; x_wconf 92' lang='lat' dir='ltr'>nire</span> <span class='ocrx_word' id='word_1_400' title='bbox 619 4748 729 4791; x_wconf 89' lang='lat' dir='ltr'>seu</span> <span class='ocrx_word' id='word_1_401' title='bbox 771 4728 1006 4790; x_wconf 89' lang='lat' dir='ltr'>mittere</span> <span class='ocrx_word' id='word_1_402' title='bbox 1038 4743 1517 4803; x_wconf 88' lang='lat' dir='ltr'>consueverunt,</span> <span class='ocrx_word' id='word_1_403' title='bbox 1551 4726 1634 4788; x_wconf 90' lang='lat' dir='ltr'>ibi</span> <span class='ocrx_word' id='word_1_404' title='bbox 1669 4745 1823 4806; x_wconf 88' lang='lat' dir='ltr'>papa</span> <span class='ocrx_word' id='word_1_405' title='bbox 1858 4725 2026 4785; x_wconf 90' lang='lat' dir='ltr'>aliter</span> <span class='ocrx_word' id='word_1_406' title='bbox 2059 4744 2186 4785; x_wconf 90' lang='lat' dir='ltr'>non</span> <span class='ocrx_word' id='word_1_407' title='bbox 2222 4722 2544 4784; x_wconf 85' lang='lat' dir='ltr'>confirmet</span> <span class='ocrx_word' id='word_1_408' title='bbox 2577 4742 2685 4782; x_wconf 88' lang='lat' dir='ltr'>seu</span> <span class='ocrx_word' id='word_1_409' title='bbox 2722 4720 3057 4801; x_wconf 81' lang='lat' dir='ltr'>provideat,</span> 
     </span>
    </p>
   </div>
   <div class='ocr_carea' id='block_1_14' title="bbox 444 4827 3061 4918">
    <p class='ocr_par' dir='ltr' id='par_1_16' title="bbox 444 4827 3061 4918">
     <span class='ocr_line' id='line_1_48' title="bbox 444 4827 3061 4918; baseline -0.005 -20"><span class='ocrx_word' id='word_1_410' title='bbox 444 4856 636 4918; x_wconf 88' lang='lat' dir='ltr'>quam</span> <span class='ocrx_word' id='word_1_411' title='bbox 686 4836 970 4916; x_wconf 86' lang='lat' dir='ltr'>superius</span> <span class='ocrx_word' id='word_1_412' title='bbox 1020 4835 1096 4896; x_wconf 90' lang='lat' dir='ltr'>de</span> <span class='ocrx_word' id='word_1_413' title='bbox 1143 4835 1591 4896; x_wconf 87' lang='lat' dir='ltr'>cathedralibus</span> <span class='ocrx_word' id='word_1_414' title='bbox 1636 4832 1907 4895; x_wconf 89' lang='lat' dir='ltr'>ecclesiis</span> <span class='ocrx_word' id='word_1_415' title='bbox 1953 4848 2042 4893; x_wconf 90' lang='lat' dir='ltr'>est</span> <span class='ocrx_word' id='word_1_416' title='bbox 2088 4849 2466 4911; x_wconf 84' lang='lat' dir='ltr'>expressum.</span> <span class='ocrx_word' id='word_1_417' title='bbox 2530 4830 2622 4890; x_wconf 90' lang='lat' dir='ltr'>De</span> <span class='ocrx_word' id='word_1_418' title='bbox 2670 4827 3061 4888; x_wconf 88' lang='lat' dir='ltr'>monasteriis</span> 
     </span>
    </p>
   </div>
   <div class='ocr_carea' id='block_1_15' title="bbox 2642 5036 2741 5104">
    <p class='ocr_par' dir='ltr' id='par_1_17' title="bbox 2642 5036 2741 5104">
     <span class='ocr_line' id='line_1_49' title="bbox 2642 5036 2741 5104; baseline 0 -15"><span class='ocrx_word' id='word_1_419' title='bbox 2642 5036 2741 5104; x_wconf 76' lang='lat'>14*</span> 
     </span>
    </p>
   </div>
  </div>
 </body>
</html>
