3684 5416
363 1519 419 1553 lo

367 2051 420 2095 Ι5

366 3119 425 3164 ²5

369 3652 433 3699 30

366 4185 430 4233 35

1108 350 1371 405 Potestas
1410 348 1788 405 ecclesiastica
1828 363 1885 405 et
1923 349 2226 422 imperium
2265 351 2441 407 civile.
2976 371 3063 408 ιιι

468 533 868 611 universitas),
913 549 972 596 et
1016 533 1168 595 haec
1212 552 1355 595 cum
1403 533 1701 595 hactenus
1731 533 2163 596 inviolabiliter
2194 534 2420 597 fuerint
2452 537 2774 614 custodita,
2805 537 3076 599 Hilarius

469 641 860 720 Arelatensis,
893 641 1051 703 sicut
1082 641 1443 703 venerabilis
1475 641 1585 702 viri
1621 641 1851 703 Leonis
1884 641 2152 704 Romani
2185 663 2377 726 papae
2412 643 2576 706 fideli
2608 645 2901 707 relatione
2923 665 3075 707 con-

471 747 762 830 perimus,
810 748 1156 810 contumaci
1200 768 1356 810 ausu
1403 747 1625 809 inlicita
1671 748 1976 828 quaedam
2025 749 2470 831 praesumenda
2502 751 2819 834 temptavit
2849 769 2907 813 et
2938 752 3080 814 ideo

471 853 873 936 transalpinas
905 853 1186 916 ecclesias
1218 854 1645 916 abominabilis
1676 856 1981 917 tumultus
2015 856 2254 934 invasit,
2290 857 2460 938 quod
2496 876 2705 919 recens
2739 858 3077 920 maximum

469 976 725 1022 testatur
756 961 1127 1043 exemplum.
1176 960 1443 1022 Hilarius
1476 962 1666 1040 enim,
1700 961 1807 1042 qui
1840 962 2169 1045 episcopus
2203 962 2572 1025 Arelatensis
2603 981 2857 1026 vocatur
2889 966 3080 1027 eccle-

472 1067 613 1142 siae,
645 1068 963 1129 Romanae
995 1066 1182 1130 Urbis
1213 1066 1563 1130 inconsulto
1597 1068 1888 1151 pontifice
1920 1069 2218 1131 indebitas
2250 1069 2361 1131 sibi
2394 1070 2811 1133 ordinationes
2843 1072 3080 1155 episco-

471 1195 699 1258 porum
732 1176 863 1238 sola
894 1174 1230 1237 temeritate
1262 1175 1611 1258 usurpantis
1643 1176 1880 1238 invasit.
1936 1176 2098 1238 Nam
2130 1176 2250 1238 alio
2282 1176 2775 1259 incompetenter
2807 1180 3083 1255 removit,

475 1283 830 1344 indecenter
879 1281 1032 1344 alios
1079 1281 1280 1344 invitis
1326 1299 1385 1345 et
1432 1284 1922 1366 repugnantibus
1967 1283 2201 1345 civibus
2233 1284 2556 1345 ordinavit.
2623 1283 2752 1360 Qui
2784 1285 3084 1365 quoniam

476 1410 607 1452 non
641 1389 810 1452 facile
843 1392 917 1451 ab
951 1390 1063 1466 his,
1095 1391 1203 1472 qui
1238 1411 1367 1453 non
1400 1393 1728 1472 elegerant,
1764 1391 2231 1473 recipiebantur,
2264 1410 2523 1452 manum
2552 1391 2665 1452 sibi
2685 1393 3084 1455 contrahebat

475 1515 767 1559 armatam
816 1513 874 1559 et
919 1498 1177 1560 claustra
1222 1517 1550 1561 murorum
1597 1499 1662 1560 in
1709 1498 1998 1561 hostilem
2044 1518 2287 1561 morem
2318 1499 2410 1560 vel
2445 1498 2769 1561 obsidione
2802 1500 3085 1580 cingebat

477 1607 571 1667 vel
620 1604 1012 1684 adgressione
1064 1607 1405 1667 reservabat
1456 1620 1514 1667 et
1561 1607 1637 1667 ad
1683 1605 1894 1666 sedem
1942 1606 2164 1686 quietis
2210 1624 2426 1687 pacem
2470 1606 2931 1687 praedicaturus
2978 1627 3085 1689 per

477 1713 632 1775 bella
678 1713 959 1775 ducebat.
1025 1712 1137 1773 His
1182 1712 1404 1774 talibus
1450 1728 1510 1774 et
1542 1728 1754 1775 contra
1786 1712 2025 1795 imperii
2057 1713 2434 1775 maiestatem
2467 1728 2526 1774 et
2558 1730 2767 1775 contra
2799 1733 3082 1777 reveren·

477 1821 623 1882 tiam
669 1819 1038 1901 apostolicae
1083 1818 1247 1880 sedis
1283 1818 1579 1896 admissis,
1629 1839 1737 1901 per
1786 1819 2073 1881 ordinem
2106 1819 2381 1900 religiosi
2413 1819 2522 1881 viri
2555 1821 2721 1881 urbis
2754 1841 2945 1904 papae
2978 1840 3085 1883 co-

479 1925 756 2009 gnitione
788 1926 1045 1987 decursa
1076 1941 1233 1987 certa
1267 1926 1332 1987 in
1364 1945 1511 1988 eum
1543 1941 1602 1987 et
1634 1926 1709 1987 de
1744 1925 1856 2003 his,
1888 1945 2048 2006 quos
2082 1926 2239 1986 male
2270 1926 2673 2000 ordinaverat,
2704 1927 2821 1989 lata
2840 1944 3086 1990 senten-

479 2033 558 2094 tia
578 2048 682 2094 est.
715 2033 790 2094 Et
810 2047 935 2094 erat
955 2032 1208 2113 quidem
1230 2033 1357 2112 ipsa
1377 2032 1675 2094 sententia
1697 2053 1804 2114 per
1823 2031 2052 2094 Gallias
2072 2031 2253 2094 etiam
2287 2032 2415 2093 sine
2449 2032 2743 2115 imperiali
2775 2034 3087 2097 sanctione

481 2141 746 2205 valitura.
810 2140 982 2217 Quid
1015 2140 1175 2201 enim
1209 2139 1360 2201 tanti
1393 2139 1696 2221 pontificis
1729 2138 2071 2201 auctoritati
2105 2138 2168 2200 in
2202 2138 2483 2200 ecclesias
2516 2158 2644 2201 non
2675 2138 2919 2202 liceret?
2964 2140 3088 2202 Sed

482 2265 751 2310 nostram
782 2267 1039 2328 quoque
1072 2245 1568 2329 praeceptionem
1602 2247 1751 2307 haec
1771 2245 1926 2308 ratio
1947 2244 2317 2328 provocavit,
2351 2265 2463 2307 nec
2485 2245 2737 2307 ulterius
2770 2266 2884 2308 nec
2914 2247 3089 2309 llario

483 2374 672 2437 quem
718 2355 925 2416 adhuc
970 2353 1331 2436 episcopum
1378 2353 1726 2435 nuncupari
1772 2352 1906 2415 sola
1956 2352 2260 2415 mansueti
2299 2351 2594 2435 praesidis
2640 2353 2930 2435 permittit
2969 2353 3088 2414 hu-

483 2462 760 2538 manitaS,
795 2480 911 2522 nec
943 2460 1234 2541 cuiquam
1267 2461 1438 2522 alteri
1471 2460 1645 2523 liceat
1665 2459 2082 2522 ecclesiasticis
2102 2462 2286 2521 rebus
2306 2479 2471 2521 arma
2494 2459 2747 2521 miscere
2780 2475 2886 2521 aut
2917 2479 3090 2542 prae-

484 2567 672 2650 ceptis
718 2567 984 2628 Romani
1028 2567 1306 2628 antistitis
1352 2567 1617 2629 obviare.
1686 2566 1960 2629 Ausibus
2006 2565 2172 2628 enim
2221 2567 2441 2628 talibus
2485 2566 2636 2627 fides
2667 2581 2725 2627 et
2756 2567 3092 2628 reverentia

485 2674 677 2737 nostri
711 2673 973 2736 violatur
1002 2674 1260 2758 imperii.
1303 2675 1434 2737 Nec
1465 2674 1586 2737 hoc
1616 2674 1845 2751 solum,
1882 2674 2055 2755 quod
2087 2688 2179 2736 est
2212 2673 2461 2736 maximi
2493 2672 2778 2753 criminis,
2812 2692 3093 2735 summo-

484 2801 718 2861 vemus,
761 2801 981 2844 verum
1028 2801 1104 2843 ne
1151 2781 1298 2843 levis
1344 2780 1557 2842 saltem
1603 2780 1761 2843 inter
1799 2780 2082 2842 ecclesias
2125 2781 2307 2841 turba
2348 2796 2630 2842 nascatur
2661 2780 2757 2841 vel
2789 2780 2852 2841 in
2884 2780 3094 2861 aliquo

485 2887 682 2949 minui
728 2887 1041 2967 religionis
1086 2886 1406 2969 disciplina
1437 2886 1734 2965 videatur,
1784 2886 1899 2947 hac
1931 2885 2187 2967 perenni
2218 2886 2530 2947 sanctione
2563 2886 2972 2965 decernimuS‚
3017 2904 3096 2947 ne

486 2993 636 3075 quid
681 3009 808 3055 tam
854 2993 1156 3076 episcopis
1187 2992 1537 3069 Gallicanis,
1585 3012 1774 3074 quam
1806 2993 2065 3054 aliarum
2099 2992 2557 3074 provinciarum
2588 3009 2800 3055 contra
2832 3013 3095 3056 consue-

484 3101 769 3162 tudinem
806 3116 1075 3162 veterem
1106 3100 1278 3162 liceat
1309 3100 1441 3161 sine
1473 3100 1584 3161 viri
1617 3099 1977 3161 venerabilis
2009 3119 2200 3182 papae
2234 3099 2401 3160 urbis
2431 3115 2711 3161 aeternae
2745 3100 3098 3162 auctoritate

485 3223 734 3269 tentare.
799 3207 921 3269 Sed
954 3207 1076 3270 hoc
1107 3207 1224 3269 illis
1255 3207 1673 3287 omnibusque
1708 3227 1822 3290 pro
1857 3208 1992 3287 lege
2022 3206 2114 3285 sit,
2150 3206 2447 3288 quicquid
2479 3207 2678 3269 sanxit
2710 3208 2804 3270 vel
2836 3205 3100 3269 sanxerit

487 3314 852 3397 apostolicae
897 3313 1057 3376 sedis
1107 3315 1454 3393 auctoritas,
1502 3315 1583 3375 ita
1631 3329 1716 3393 ut,
1748 3314 2031 3395 quisquis
2064 3313 2498 3395 episcoporum
2528 3314 2605 3375 ad
2638 3314 2935 3376 iudicium
2967 3314 3099 3376 Ro·

488 3422 656 3482 mani
700 3421 981 3483 antistitis
1026 3420 1571 3484 evocatus-venire
1604 3421 1956 3501 neglexerit,
2003 3440 2110 3503 per
2142 3420 2596 3482 moderatorem
2628 3421 2909 3482 eiusdem
2954 3440 3100 3502 pro-

487 3528 722 3590 vinciae
756 3528 966 3590 adesse
999 3546 1272 3609 cogatur,
1307 3548 1415 3611 per
1447 3528 1659 3590 omnia
1690 3528 1960 3607 servatis,
1995 3547 2153 3608 quae
2187 3527 2310 3589 divi
2343 3543 2623 3609 parentes
2654 3528 2849 3589 nostri
2870 3528 3102 3589 Roma-

490 3654 600 3696 nae
648 3635 933 3697 ecclesiae
978 3635 1350 3714 detulerunt,
1427 3634 1565 3696 Aeti
1613 3632 1878 3718 p(arens)
1925 3633 2278 3712 k(arissime)
2326 3636 2553 3714 a(tque)
2598 3634 3100 3711 a(mantisssime).

705 3741 889 3804 Unde
933 3742 1205 3804 inlustris
1237 3757 1296 3803 et
1329 3742 1629 3824 praecelsa
1662 3741 2114 3821 magnificentia
2146 3757 2253 3804 tua
2285 3741 2615 3823 praesentis
2648 3741 2919 3802 edictalis
2952 3740 3103 3821 legis

491 3848 913 3910 auctoritatem
966 3864 1172 3910 secuta
1221 3848 1411 3927 faciet,
1456 3868 1615 3929 quae
1661 3864 1810 3909 sunt
1857 3848 2143 3930 superius
2189 3848 2536 3926 constituta,
2577 3847 2834 3909 servari:
2888 3847 3102 3909 decem

490 3955 827 4035 li(brarum)
877 3958 1009 4019 auri
1055 3958 1250 4019 multa
1295 3957 1576 4039 protinus
1624 3956 1926 4038 exigenda
1958 3958 2032 4017 ab
2068 3975 2457 4036 unoquoque
2492 3955 2709 4033 iudice,
2746 3955 2855 4036 qui
2889 3975 3104 4038 passus

493 4063 673 4126 fuerit
717 4080 1036 4147 praecepta
1069 4078 1278 4125 nostra
1309 4063 1542 4124 violari.
1607 4065 1711 4120 ET
1749 4064 1972 4120 MANV
2011 4064 2307 4119 DIVINA:
2359 4063 2744 4120 DIVINITAS
2784 4065 2888 4120 TE
2935 4064 3103 4119 SER-

491 4175 647 4231 VET
702 4174 847 4230 PER
897 4174 1218 4232 MVLTOS
1255 4174 1536 4245 ANNOS,
1576 4174 1928 4243 P(ARENS)
1968 4171 2426 4240 K(ARISSIME)
2465 4172 2789 4242 A(TQVE)
2829 4172 3106 4239 A(MAN-

491 4275 839 4340 TISSIME).
905 4274 1085 4329 DAT.
1122 4274 1246 4329 Vlll
1284 4274 1378 4329 ID.
1419 4274 1558 4331 IUL.
1598 4274 1869 4331 ROMAE
1906 4271 2494 4328 VALENTINIANO
2535 4272 2584 4326 A
2624 4271 2701 4326 VI
2742 4272 2843 4327 ET
2883 4272 3103 4326 NONO

492 4374 560 4429 V.
600 4376 666 4430 C.
705 4372 976 4428 CONSS.

1434 4513 1528 4569 28.
1580 4513 1701 4569 Leo
1740 4514 1771 4568 1
1810 4512 2175 4583 (440-461).

706 4680 737 4714 *
776 4680 830 4733 S.
860 4679 1051 4732 Leonis
1087 4678 1290 4747 Magni
1323 4678 1562 4731 Romani
1581 4676 1859 4747 Ponttficis
1883 4676 2071 4746 Opera
2098 4674 2317 4727 Omnia.
2359 4672 2461 4726 Ed.
2489 4670 2582 4726 Mi
2598 4690 2687 4743 gn
2706 4690 2736 4728 e
2789 4672 2965 4741 (Patr.
2992 4674 3109 4727 Lat-

494 4760 665 4814 Tom.
696 4764 801 4830 54).
828 4757 866 4812 Ι.
895 4756 1003 4813 col.
1041 4774 1189 4828 1127,
1226 4773 1359 4827 1254
1383 4772 1502 4827 seq.
1530 4757 1720 4809 Leonis
1744 4756 1825 4809 M.
1852 4755 2056 4826 Opera.
2086 4753 2190 4807 Ed.
2218 4753 2263 4806 B
2282 4751 2431 4806 alle
2452 4750 2645 4806 rinii.
2673 4750 2925 4806 Venetiis
2962 4769 3111 4824 1773.

494 4838 669 4894 Tom.
696 4838 734 4893 1.
761 4855 816 4910 p.
853 4855 1002 4892 1121.
1055 4834 1432 4906 Loening,
1468 4834 1812 4889 Geschichte.
1841 4834 1879 4887 1.
1907 4850 1963 4904 p.
1989 4833 2075 4903 67,
2100 4832 2188 4894 68,
2215 4849 2284 4903 90
2310 4847 2429 4903 seq.
2470 4829 2605 4885 Blo
2626 4844 2864 4899 etzer,
2891 4830 2946 4885 in
2973 4833 3111 4885 Zeit-

495 4919 828 4991 schrtftfssr
851 4917 1051 4973 kathol.
1091 4916 1382 4985 neologie.
1431 4913 1579 4969 1886.
1606 4931 1661 4985 p.
1690 4915 1759 4985 67
1787 4930 1910 4984 seq.
