3684 5416
288 1593 342 1625 to

287 2134 336 2177 ι5

282 2668 342 2700 20

279 3208 334 3251 ²5

278 3740 338 3787 30

273 4811 333 4854 40

1265 423 1510 479 Ordines
1550 436 1607 479 et
1646 423 2151 495 congregationes
2901 426 3028 496 629

397 607 566 669 solus
620 609 926 690 percipiat,
980 629 1289 685 mensura,
1342 610 1437 670 vel
1486 610 1657 685 hora,
1716 628 1839 689 qua
1877 609 2255 690 ‘praeviderit
2286 614 2360 670 ei
2392 609 2600 670 Abb'as
2646 612 3009 690 competere.

400 716 530 775 Nec
560 736 593 775 a
628 734 951 796 quoquam
984 714 1377 789 benedicatur
1408 730 1778 783 transeunte,
1814 734 1926 776 nec
1945 717 2149 792 cibuS,
2181 715 2288 796 qui
2321 716 2378 776 ei
2408 716 2602 777 datu'r.
2668 718 2694 775 C

616 824 768 903 Cap.
798 823 1014 884 XXVI.
1078 823 1180 883 De
1226 826 1335 898 iis,
1359 825 1488 904 qui
1533 824 1668 883 sine
1680 821 1969 901 jussione
2001 822 2264 883 Abbatis
2277 822 2637 903 junguntur
2653 827 3010 884 ‘excomm'tst

400 929 645 989 nicatis.
700 927 762 989 Si
798 928 937 1009 quis
972 928 1658 1011 fraterpraesurnpserit
1689 929 1821 990 sine
1856 928 2128 1007 jussione
2161 930 2418 1002 Abbatis
2450 929 2625 991 fratri
2647 950 3009 991 excommu-

402 1034 601 1095 nicato
636 1035 912 1117 quolibet
947 1038 1140 1099 modo
1174 1056 1236 1099 se
1271 1035 1545 1117 jungere,
1589 1053 1693 1098 aut
1724 1036 1902 1117 loqui
1927 1056 2079 1097 cum
2111 1056 2207 1113 eo,
2255 1037 2349 1097 vel
2382 1037 2745 1098 mandatum
2777 1036 2831 1097 ei
2865 1037 3012 1098 diri-¹
3087 1066 3092 1073 ¹

399 1161 561 1219 gere,
597 1142 860 1204 similem
894 1145 1180 1205 sortiatur
1211 1144 1868 1205 excommunicationis
1898 1144 2245 1205 vindictam.
2759 1148 2768 1155 ’

610 1249 760 1330 Cap.
800 1251 1035 1313 XXVll.
1099 1252 1393 1332 Qualiter
1436 1251 1652 1312 debeat
1678 1250 1887 1312 Abbas
1919 1253 2201 1317 solicitus
2231 1254 2563 1312 esse‘circa
2592 1254 3007 1313 exeommuni-

399 1363 582 1415 catos.
648 1356 841 1418 Omni
895 1358 1287 1420 solicitudine
1338 1378 1551 1419 curam
1601 1374 1769 1437 gerat
1820 1361 2030 1419 Abbas
2079 1358 2234 1418 circa
2287 1358 2711 1445 delinquentes
2758 1358 3014 1427 fratres;:

398 1461 540 1541 quia
593 1483 710 1522 non
763 1471 857 1524 est
905 1475 1055 1547 opus
1101 1468 1274 1527 sanis
1317 1466 1609 1540 medicus,
1655 1466 1767 1525 sed
1793 1466 1953 1526 male
1984 1465 2363 1527 habentibus,
2405 1465 2502 1525 Et
2533 1464 2675 1525 ideo
2709 1466 2794 1525 uti
2829 1465 3008 1526 debet

397 1568 572 1628 omni
609 1571 819 1641 modo,
854 1588 920 1630 ut
953 1572 1193 1652 sapiens
1225 1572 1535 1633 medicus:
1587 1571 1915 1632 immittere
1947 1588 2322 1653 sympaectas,
2368 1572 2431 1632 id
2464 1588 2584 1647 est,
2606 1573 3012 1634 seniores.sa-.
3079 1600 3082 1605 ·
3111 1600 3117 1605 ·

398 1673 629 1754 pientes
664 1675 890 1751 fratrea,
924 1678 1030 1756 qui
1066 1677 1239 1757 quasi
1274 1694 1499 1738 secrete
1531 1677 1930 1739 consolentur
1964 1678 2207 1739 fratrem
2239 1679 2657 1757 fluctuantem,
2689 1696 2747 1740 et
2780 1684 3016 1761 provo·

397 1796 537 1840 cent
583 1782 660 1841 ad
713 1782 1079 1844 humilitatis.
1118 1784 1626 1845 satisfactionem:
1678 1801 1734 1845 et
1786 1784 2183 1846 consolentur
2229 1805 2393 1863 eum,
2442 1806 2519 1845 ne
2571 1789 3007 1861 abundantiori

396 1888 623 1949 tristitia
672 1893 1096 1965 absorbeatur;
1149 1893 1255 1953 sed
1301 1892 1456 1953 sicut
1501 1894 1579 1954 ait
1614 1893 1985 1974 Apostolus:
2036 1892 2459 1967 Confirmetur
2503 1898 2567 1955 in
2595 1917 2679 1955 ·e0
2711 1895 3012 1969 charitas,

395 2002 454 2054 et
497 2003 705 2056 oretur
738 2007 864 2079 pro
898 2020 965 2058 eo
998 1998 1075 2058 ab
1107 1999 1406 2060 omnibus.
1477 2001 1856 2081 Magnopere
1890 2001 2060 2061 enim
2092 2003 2272 2061 debet
2303 2000 2760 2063 solicitudinem
2794 2012 3014 2080 gerere.

397 2104 622 2175 AbbaS,
677 2119 735 2163 et
781 2102 960 2165 >omni
1007 2106 1330 2182 sagacitate
1374 2120 1434 2165 et
1485 2105 1783 2166 industria
1834 2125 2064 2185 curare,
2115 2126 2193 2167 ne
2226 2106 2494 2187 aliquam
2529 2110 2603 2168 de
2638 2108 2860 2170 ovibus
2891 2110 3012 2170 sibi.

395 2209 635 2269 creditis
684 2211 914 2290 perdat.
973 2210 1230 2271 Noverit
1275 2211 1441 2271 enim
1488 2232 1552 2272 se
1600 2211 1986 2272 infirmarum
2018 2231 2228 2273 curam
2262 2213 2598 2294 suscepisse
2629 2215 3001 2292 animarum,

395 2333 524 2375 non
577 2336 763 2396 super
811 2336 990 2377 sanas
1037 2318 1462 2398 tyrannidem:
1513 2333 1571 2378 et
1617 2333 1851 2379 metuat
1901 2320 2240 2400 Prophetae
2288 2321 2860 2397 comminationem,
2897 2342 3008 2401 per

395 2441 585 2502 quem
636 2422 777 2483 dicit
825 2423 1026 2484 Deus:
1079 2425 1272 2504 Quod
1312 2446 1589 2486 crassum
1637 2425 1959 2498 videbatis,
2004 2425 2404 2487 assumebatis
2419 2451 2452 2501 ,·
2514 2434 2573 2487 et
2615 2429 2778 2509 qnod
2805 2428 3004 2489 debile

394 2536 530 2589 erat
556 2530 1005 2610 progyktt'ebatt's.
1070 2531 1144 2591 Et
1188 2531 1444 2613 pastoris
1490 2530 1636 2593 boni
1684 2532 1859 2612 pium
1908 2533 2180 2593 imitetur
2224 2534 2595 2614 exemplum,
2643 2534 2750 2615 qui
2783 2526 3003 2595 relictis

395 2637 731 2716 nonaginta
784 2656 1006 2698 novem
1062 2639 1283 2699 ovibus
1333 2638 1395 2698 in
1449 2639 1787 2712 montibus,
1838 2639 1983 2700 abiit
2033 2659 2222 2700 unam
2257 2659 2457 2720 ovem,
2492 2661 2652 2721 quae
2683 2658 2999 2723 erraverat,
3069 2668 3072 2673 ·

396 2763 723 2824 quaerere;
777 2744 952 2822 cujus
999 2745 1336 2806 infirmitati
1387 2746 1449 2806 in
1483 2755 1721 2807 tantum
1758 2765 2120 2826 compassus
2154 2763 2262 2826 est,
2299 2764 2366 2808 ut
2398 2768 2535 2809 eam
2569 2748 2633 2808 in
2665 2748 2846 2810 sacris
2881 2749 2999 2809 hu-

396 2853 578 2913 meris
611 2854 739 2914 suis
774 2854 1133 2932 dignaretur
1165 2853 1504 2933 imponere,
1540 2870 1596 2914 et
1629 2854 1714 2914 sic
1746 2871 2058 2934 reportare
2091 2855 2167 2915 ad
2199 2874 2472 2937 gregem.

607 2961 757 3041 Cap.
792 2961 1055 3022 XXVIII.
1107 2960 1208 3020 De
1241 2963 1347 3034 iis,
1378 2964 1489 3042 qui
1516 2964 1760 3042 saepius
1791 2965 2065 3044 correpti
2091 2982 2210 3022 non
2242 2964 2708 3024 emendaverint.
2765 2963 2827 3026 Si
2861 2964 3002 3044 quis

392 3067 573 3129 frater
626 3068 978 3148 frequenter
1026 3082 1345 3148 correptus
1393 3086 1505 3147 pro
1556 3066 1829 3147 qualibet
1879 3069 2077 3150 culpa,
2126 3068 2177 3129 si
2211 3070 2394 3130 etiam
2428 3071 3003 3132 excommunicatus

394 3194 521 3236 non
575 3175 1010 3253 emendaverit,
1062 3175 1260 3236 acrior
1304 3174 1361 3235 ei
1392 3176 1636 3236 accedat
1669 3176 2010 3257 correptio;
2046 3176 2107 3236 id
2141 3193 2248 3255 est,
2281 3193 2349 3238 ut
2381 3180 2705 3240 verberum
2739 3178 3002 3240 vindicta

393 3280 457 3341 in
503 3301 648 3342 eum
695 3282 1001 3363 procedat.
1065 3281 1261 3357 Quod
1308 3282 1358 3341 si
1408 3302 1520 3344 nec
1553 3283 1631 3343 ita
1665 3283 2008 3356 correxerit,
2041 3299 2146 3344 aut
2180 3284 2354 3362 sorte,
2390 3285 2562 3364 quod
2594 3285 2766 3364 absit,
2802 3285 2865 3346 in
2897 3306 3000 3346 su—

393 3389 663 3468 perbiam
701 3389 912 3464 elatuS,
948 3389 1127 3449 etiam
1165 3389 1495 3451 defendere
1529 3389 1794 3450 voluerit
1826 3409 2020 3469 opera
2034 3409 2177 3464 sua;
2210 3407 2361 3452 tunc
2383 3394 2590 3453 Abbas
2612 3392 2803 3466 faciat,
2829 3393 3004 3472 quod

391 3496 631 3575 sapiens
684 3496 982 3556 medicus.
1048 3494 1112 3556 Si
1159 3496 1438 3556 exhibuit
1470 3495 1765 3572 fomenta,
1796 3497 1847 3556 si
1880 3513 2200 3575 unguenta
2233 3499 2756 3576 adhortationum,
2790 3498 2840 3558 si
2872 3505 3001 3560 rne-

392 3602 697 3662 dicamina
750 3602 1190 3683 scripturarum
1229 3603 1599 3678 divinarum,
1635 3602 1682 3662 si
1718 3603 1792 3662 ad
1829 3603 2120 3664 ultimum
2158 3605 2477 3665 ustionem.
2502 3607 3000 3668 excommunica-

390 3709 595 3784 tionis,
632 3711 725 3770 vel
760 3710 1082 3789 plagarum
1115 3712 1334 3790 virgaS,
1359 3710 1540 3771 etiam
1563 3711 1613 3771 si
1634 3709 1852 3770 viderit
1872 3710 2025 3771 nihil
2045 3731 2222 3772 suam
2245 3712 2589 3792 praevalere
2611 3713 2997 3793 industriam:

394 3817 678 3877 adhibeat
729 3819 931 3896 etiam,
980 3820 1156 3898 quod
1204 3817 1404 3894 majus
1454 3833 1560 3891 est,
1609 3836 1784 3877 suam
1818 3833 1879 3877 et
1911 3818 2198 3878 omniurn
2234 3818 2487 3880 fratrum
2522 3839 2636 3901 pro
2669 3839 2743 3881 eo
2778 3822 3000 3882 oratio-

394 3944 571 3992 nem:
624 3942 689 3985 ut
725 3925 1054 4002 Dominus,
1104 3925 1212 4005 qui
1245 3924 1455 3985 omnia
1489 3940 1706 4006 potens
1739 3942 1848 4001 est,
1883 3942 2171 4006 operetur
2202 3925 2461 3987 salutem
2495 3928 2650 3988 circa
2683 3927 3002 3991 infirmum

393 4030 656 4093 fratrem.
692 4031 885 4106 Quod
920 4033 968 4093 si
1004 4053 1117 4094 nec
1149 4033 1267 4093 isto
1301 4033 1493 4093 modo
1527 4049 1774 4093 sanatus
1808 4032 2005 4111 fuerit,
2040 4047 2190 4092 tunc
2224 4033 2341 4110 jam
2378 4050 2583 4095 utatur
2605 4038 2810 4097 Abbas
2843 4034 3003 4098 ferro

391 4139 799 4216 abscissioniS,
836 4157 901 4201 ut
934 4140 1015 4201 ait
1047 4138 1414 4221 Apostolus:
1448 4140 1701 4218 Auferte
1733 4139 1960 4200 malum
1993 4162 2065 4200 ex
2095 4141 2299 4202 vobis:
2331 4143 2404 4202 Et
2435 4142 2684 4204 iterum:
2718 4144 3005 4223 [nfidelis

280 4278 303 4289 α
389 4251 450 4308 si
478 4248 761 4320 discedit,
795 4248 1116 4319 discedat,·
1162 4267 1237 4307 ne
1272 4266 1393 4306 una
1428 4246 1558 4305 ovis
1593 4247 1874 4307 morbida
1908 4267 2159 4308 omnem
2192 4268 2442 4328 gregem
2480 4251 2868 4312 contaminet.

606 4354 755 4434 Cap.
796 4353 1016 4414 XXIX.
1058 4355 1137 4414 Si
1165 4353 1422 4414 debeant
1453 4356 1672 4414 iterum
1708 4355 1909 4435 reczpi
1915 4357 2162 4432 fratres
2195 4363 2475 4416 exeuntes
2508 4358 2581 4416 de
2611 4357 3006 4419 MonasteriO.

366 4459 613 4536 Frater,
662 4459 770 4540 qui
806 4460 1055 4540 proprio
1089 4460 1234 4520 vitio
1267 4461 1579 4539 egreditur
1612 4460 1688 4520 de
1722 4461 2121 4537 Monasterio,
2171 4461 2218 4521 si
2256 4463 2471 4523 reverti
2504 4463 2780 4540 voluerit,
2812 4485 3002 4546 spon-

389 4568 526 4626 deat
573 4568 739 4648 prius
795 4586 1046 4627 omnem
1100 4567 1595 4628 emendationem
1628 4567 1775 4644 vitii,
1812 4587 1924 4648 pro
1957 4586 2086 4647 quo
2122 4589 2402 4648 egressus
2436 4575 2556 4644 est;
2609 4587 2666 4631 et
2697 4572 2784 4631 sic
2816 4573 2876 4631 in
2911 4572 3002 4632 ul-

386 4675 544 4736 timo
578 4677 771 4756 gradu
808 4675 1149 4757 recipiatur,
1198 4691 1264 4736 ut
1295 4695 1367 4735 ex
1403 4675 1523 4736 hoc
1555 4674 1686 4751 ejus
1719 4675 2033 4736 humilitas
2066 4680 2522 4756 comprobetur.
2589 4677 2779 4752 Quod
2813 4677 2863 4738 si
2896 4679 2999 4740 de·

394 4801 524 4843 nuo
572 4784 802 4860 exierit,
856 4803 1052 4862 usque
1100 4781 1275 4842 tertio
1320 4781 1401 4841 ita
1456 4780 1808 4861 recipiatur3
1890 4780 2007 4858 jam
2064 4798 2272 4863 postea
2325 4783 2522 4844 sciens
2572 4804 2829 4845 omnem
2890 4784 3002 4845 sibi

389 4891 754 4952 reversionis
790 4890 1023 4950 aditum
1056 4888 1364 4968 denegari.
