3684 5416
384 915 405 957 5

359 1449 405 1480 10

353 1983 398 2025 15

343 3593 401 3634 ‘30

344 4126 392 4168 35

348 4662 396 4697 40

1110 281 1373 335 Potestas
1413 280 1791 335 ecclesiastica
1833 295 1888 335 et
1926 280 2229 350 imperium
2270 279 2447 335 civile.
2972 300 3072 352 215

533 357 2117 364 ———-——————-——-—————————-—-—————————mn——-

690 489 739 544 5.
804 467 935 526 Nos
985 465 1182 544 igitur,
1235 464 1594 526 huiusmodi
1646 481 1914 527 vestrum
1950 482 2232 526 sanctum
2264 483 2323 527 et
2355 465 2658 528 laudabile
2693 466 3081 546 propositum

471 572 806 652 plurimum
843 573 903 632 in
937 571 1202 634 domino
1235 572 1763 646 commendanteS,
1797 592 1868 633 ac
1898 573 2214 653 cupientes
2236 572 2471 634 utillud
2494 572 2571 633 ad
2589 573 2867 634 debiturn
2889 572 3076 634 linem

469 680 851 760 perducatur,
906 695 963 739 et
1013 678 1219 759 ipsum
1269 697 1502 738 nomen
1550 679 1866 740 salvatoris
1911 679 2099 740 nostri
2147 680 2208 739 in
2257 679 2530 760 partibus
2583 679 2697 739 illis
2733 680 3076 750 inducatur,

468 788 785 847 hortamur
819 805 927 846 vos
960 804 1151 865 quam
1186 786 1524 866 plurimum
1559 786 1620 846 in
1654 786 1918 848 domino
1950 802 2007 848 et
2040 806 2148 866 per
2179 788 2331 848 sacri
2367 786 2583 847 lavacri
2603 786 3077 866 susceptionem,

465 912 587 972 qua
623 892 923 953 mandatis
954 892 1303 972 apostolicis
1336 893 1584 968 obligati
1617 893 1758 953 estis
1790 909 1850 955 et
1882 893 2108 954 viscera
2141 893 2591 955 misericordiae
2626 893 2866 955 domini
2889 893 3080 954 nostri

465 1001 599 1061 lesu
632 998 878 1075 Christi,
927 1014 1152 1060 attente
1199 999 1571 1079 requirimus
1620 1016 1706 1075 ut,
1755 1020 1899 1060 cum
1934 1000 2383 1081 expeditionem
2417 1000 2778 1060 huiusmodi
2814 1000 3078 1060 omnino

466 1106 755 1186 prosequi
787 1122 846 1167 et
875 1125 1188 1167 assumere
1223 1109 1415 1186 proba
1447 1123 1674 1184 mente,
1698 1107 2082 1169 orthodoxae
2106 1107 2245 1168 fidei
2265 1108 2421 1184 ze10,
2443 1107 2789 1180 intendatis,
2813 1106 3078 1186 populos

465 1213 526 1274 in
561 1213 924 1274 huiusmodi
957 1213 1172 1274 insulis
1206 1229 1264 1274 et
1295 1214 1468 1274 terris
1501 1214 1792 1291 degentes
1823 1215 1901 1275 ad
1936 1214 2331 1275 christianam
2356 1213 2713 1293 religionem
2738 1213 3078 1292 suscipien-

463 1320 615 1380 dum
662 1319 951 1381 inducere
1003 1318 1197 1380 velitis
1243 1337 1299 1381 et
1345 1321 1644 1392 debeatis;
1698 1341 1810 1382 nec
1860 1321 2127 1402 pericula
2178 1341 2289 1382 nec
2337 1322 2577 1382 labores
2612 1321 2742 1381 ullo
2777 1339 3078 1399 umquam

461 1442 736 1506 tempore
785 1446 898 1486 vos
941 1427 1305 1500 deterreant,
1357 1428 1530 1488 firma
1577 1448 1684 1509 spe
1733 1429 2080 1508 fiduciaque
2115 1428 2444 1508 conceptis,
2476 1429 2645 1508 quod
2681 1429 2835 1487 deus
2868 1428 3076 1490 omni-

463 1549 683 1613 potens
714 1548 971 1594 conatus
1003 1549 1233 1595 vestros
1267 1533 1514 1595 feliciter
1547 1550 1972 1616 prosequetur.

680 1641 736 1701 6.
786 1640 862 1700 Et
896 1655 961 1699 ut
990 1641 1141 1701 tanti
1177 1641 1405 1720 negotii
1441 1641 1846 1722 provinciam,
1879 1642 2246 1722 apostolieae
2278 1642 2503 1719 gratiae
2535 1641 2809 1722 largitate
2843 1643 3074 1716 donati,

459 1746 711 1807 liberius
763 1763 820 1807 et
869 1747 1160 1808 audacius
1206 1750 1547 1826 assumatiS,
1596 1765 1772 1810 motu
1824 1749 2076 1830 proprio
2127 1768 2254 1809 non
2295 1749 2370 1809 ad
2405 1766 2663 1809 vestram
2702 1749 2796 1808 vel
2828 1749 3075 1809 alterius

463 1874 575 1933 pro
609 1855 781 1914 vobis
813 1873 998 1933 super
1031 1855 1149 1914 hoc
1186 1854 1365 1914 nobis
1398 1854 1637 1917 oblatae
1671 1855 1980 1936 petitionis
2013 1854 2381 1930 instantiam,
2417 1855 2524 1916 sed
2559 1856 2637 1916 de
2670 1873 2872 1916 nostra
2909 1876 3074 1916 mera

460 1961 810 2022 liberalitate
843 1976 900 2021 et
931 1981 1004 2020 ex
1037 1976 1197 2021 certa
1230 1961 1477 2022 scientia
1511 1982 1580 2022 ac
1613 1963 1687 2022 de
1718 1963 2088 2043 apostolicae
2113 1962 2427 2042 potestatis
2449 1963 2831 2043 plenitudine
2853 1983 3074 2024 omnes

461 2069 691 2129 insulas
738 2083 794 2128 et
838 2083 1024 2128 terras
1059 2067 1262 2128 firmas
1294 2068 1569 2129 inventas
1601 2085 1661 2129 et
1694 2069 2112 2138 inveniendas,
2152 2070 2414 2131 detectas
2446 2084 2504 2129 et
2535 2070 2907 2148 detegendas
2942 2089 3073 2129 ver-

460 2197 565 2236 sus
598 2176 976 2236 occidentem
1014 2191 1073 2234 et
1107 2175 1446 2251 meridiem,
1482 2175 1838 2239 fabricando
1874 2192 1933 2237 et
1966 2177 2388 2238 construendo
2412 2195 2602 2237 unam
2626 2177 2849 2237 lineam
2873 2198 2902 2234 a
2928 2177 3072 2256 polo

460 2283 681 2342 arctico
727 2283 952 2343 scilicet
999 2283 1437 2360 septentrione,
1486 2284 1561 2342 ad
1603 2282 1822 2363 polum
1858 2283 2277 2360 antarcticum,
2312 2283 2537 2344 scilicet
2572 2282 2911 2356 meridiem,
2950 2283 3070 2341 sive

461 2405 650 2449 terrae
687 2389 894 2450 firmae
930 2406 987 2449 et
1020 2389 1256 2450 insulae
1290 2390 1572 2450 inventae
1605 2406 1663 2450 et
1685 2390 2092 2450 inveniendae
2113 2389 2232 2450 sint
2254 2409 2465 2450 versus
2484 2389 2716 2449 Indiam
2738 2404 2842 2448 aut
2865 2408 3073 2448 versus

344 2517 366 2547 ε’
457 2496 632 2556 aliam
684 2515 1152 2576 quamcumque
1202 2514 1453 2577 partem,
1503 2517 1660 2578 quae
1709 2499 1868 2558 linea
1915 2499 2092 2558 distet
2125 2520 2156 2557 a
2191 2498 2464 2578 qualibet
2503 2498 2865 2570 insularum,
2914 2516 3070 2576 quae

459 2602 781 2682 vulgariter
815 2622 1257 2684 nuncupantur
1291 2604 1364 2664 de
1399 2605 1494 2666 los
1528 2610 1758 2665 Azores
1791 2625 1830 2685 y
1865 2606 2039 2666 Cabo
2076 2605 2316 2680 Vierde,
2354 2619 2601 2665 centum
2637 2603 2827 2664 leucis
2862 2622 3071 2664 versus

457 2710 839 2772 occidentem
886 2729 942 2771 et
989 2712 1337 2785 meridiem,
1388 2714 1460 2772 ita
1512 2715 1683 2793 quod
1717 2734 1937 2774 omnes
1970 2714 2205 2774 insulae
2239 2729 2295 2773 et
2327 2729 2519 2773 terrae
2556 2711 2765 2772 firmae
2801 2728 3068 2792 repertae

457 2835 512 2878 et
563 2820 974 2899 reperiendae.
1023 2820 1289 2880 detectae
1338 2835 1395 2879 et
1441 2821 1814 2900 detegendae
1867 2843 1898 2880 a
1947 2822 2213 2902 praefata
2245 2822 2404 2882 linea
2438 2840 2650 2880 versus
2682 2820 3067 2879 occidentem

457 2942 513 2986 et
547 2928 866 2987 meridiem
902 2947 1007 3007 per
1038 2927 1224 2987 alium
1263 2947 1468 3007 regem
1502 2945 1607 2989 aut
1639 2929 1974 3009 principem
2011 2928 2415 2990 christianum
2455 2948 2584 2988 non
2621 2925 2841 2987 fuerint
2863 2942 3066 2986 actua-

376 3052 396 3079 ἣ
457 3033 589 3094 liter
622 3054 938 3113 possessae
973 3054 1172 3113 usque
1205 3037 1281 3095 ad
1315 3036 1477 3095 diem
1513 3036 1835 3097 nativitatis
1869 3037 2105 3097 domini
2141 3037 2328 3097 nostri
2364 3036 2498 3096 Iesu
2533 3036 2758 3097 Christi
2794 3036 3068 3115 proxime

456 3140 866 3219 praeteritum,
902 3164 931 3201 a
968 3162 1097 3221 quo
1131 3142 1341 3223 incipit
1373 3162 1578 3203 annus
1601 3162 1887 3223 praesens
1923 3165 2101 3222 1493,
2137 3142 2390 3223 quando
2414 3142 2661 3202 fuerunt
2684 3162 2791 3223 per
2812 3144 3066 3204 nuntios

455 3263 510 3305 et
557 3249 904 3326 capitaneos
950 3265 1182 3309 vestros
1229 3249 1509 3310 inventae
1558 3249 1796 3328 aliquae
1833 3251 2279 3329 praedictarum
2315 3250 2678 3320 insularum,
2713 3250 3065 3310 auctoritate

456 3355 896 3434 omnipotentis
943 3355 1059 3429 dei,
1109 3356 1288 3416 nobis
1328 3357 1390 3415 in
1427 3358 1604 3416 beato
1640 3357 1818 3416 Petro
1854 3376 2161 3431 concessa,
2198 3376 2267 3415 ac
2299 3356 2617 3416 vicariatus
2654 3357 2785 3416 lesu
2822 3357 3063 3427 Christi,

455 3479 574 3539 qua
609 3460 932 3540 fungimur
966 3462 1027 3522 in
1060 3463 1252 3537 terris,
1302 3482 1445 3524 cum
1480 3463 1771 3522 omnibus
1806 3462 2052 3523 illarum
2089 3462 2399 3535 dominiiS,
2448 3463 2809 3536 civitatibuS,
2841 3464 3063 3535 castris,

453 3566 602 3627 locis
649 3583 706 3626 et
752 3568 926 3645 villis,
977 3569 1340 3648 iuribusque
1373 3586 1430 3629 et
1463 3569 1990 3629 iurisdictionibus
2022 3589 2089 3628 ac
2123 3568 2501 3648 pertinentiis
2537 3568 2855 3643 universiS,
2891 3571 3063 3630 vobis

455 3674 940 3755 haeredibusque
993 3692 1051 3735 et
1101 3676 1559 3737 successoribus
1609 3676 1834 3747 vestris,
1886 3676 2188 3737 Castellae
2240 3694 2296 3735 et
2345 3676 2633 3755 Legionis
2681 3675 2946 3755 regibuS,
2999 3677 3063 3736 in

453 3797 843 3861 perpetuum,
879 3797 1093 3844 tenore
1128 3784 1538 3863 praesentium
1577 3784 1885 3844 donamus
1907 3783 2396 3863 etassignamuS,
2434 3802 2670 3862 vosque
2691 3797 2751 3843 et
2770 3783 3064 3843 haeredes

452 3906 518 3946 ac
563 3908 947 3949 successores
998 3889 1298 3970 praefatos
1344 3890 1585 3950 illarum
1636 3890 1930 3951 dominos
1978 3910 2122 3951 cum
2158 3891 2355 3971 plena,
2391 3890 2575 3950 libera
2609 3907 2666 3951 et
2699 3890 3061 3951 omnimoda

451 4012 765 4075 potestate,
811 3998 1164 4058 auctoritate
1211 4014 1268 4058 et
1318 3998 1735 4071 iurisdictione
1784 3998 2059 4075 facimuS,
2106 3999 2539 4059 constituimus
2573 4014 2629 4058 et
2663 3998 3054 4078 deputamus,

665 4124 721 4173 7.
759 4104 1172 4165 Decernentes
1207 4104 1614 4167 nihilominus
1636 4126 1743 4186 per
1765 4106 2127 4167 huiusmodi
2150 4106 2573 4182 donationem,
2598 4105 3058 4166 concessionem

450 4225 506 4268 et
553 4210 1031 4287 assignationem
1086 4228 1354 4273 nostram
1405 4214 1555 4272 nulli
1607 4213 1940 4273 christiano
1976 4213 2249 4293 principi,
2283 4213 2389 4293 qui
2424 4213 2734 4273 actualiter
2768 4212 3061 4292 praefatas

450 4315 680 4376 insulas
714 4333 772 4376 et
805 4333 991 4378 terras
1026 4317 1230 4378 firmas
1265 4319 1599 4398 possederit
1649 4339 1848 4399 usque
1882 4320 1959 4379 ad
1992 4319 2223 4380 dictum
2262 4320 2425 4379 diem
2460 4307 2785 4380 nativitatis
2820 4319 3061 4379 domini

450 4423 639 4482 nostri
673 4424 804 4483 lesu
841 4425 1091 4501 Christi,
1141 4425 1235 4485 ius
1284 4426 1631 4505 quaesitum
1682 4426 1996 4486 sublatum
2047 4426 2300 4504 intelligi
2352 4446 2527 4507 posse
2562 4442 2666 4486 aut
2697 4424 2921 4486 auferri
2954 4427 3060 4486 de-

450 4531 607 4592 bere.
675 4532 748 4591 Et
794 4531 1047 4612 insuper
1091 4533 1447 4593 mandam
1471 4554 1554 4594 us
1604 4534 1777 4594 vobis
1825 4533 1889 4592 in
1939 4535 2157 4593 virtute
2190 4550 2428 4594 sanctae
2463 4532 2847 4595 obedientiae
2883 4533 3060 4609 (sicut

451 4638 841 4718 pollicemini,
878 4655 937 4699 et
969 4659 1094 4699 non
1130 4639 1484 4700 dubitamus
1519 4660 1631 4719 pro
1665 4656 1861 4700 vestra
1895 4640 2159 4701 maxima
2194 4641 2523 4702 devotione
2545 4657 2602 4701 et
2624 4642 2785 4719 regia
2809 4659 3057 4719 magna—

449 4744 722 4804 nimitate
756 4764 849 4805 res
883 4765 1013 4805 esse
1047 4746 1331 4822 facturos)
1368 4748 1441 4806 ad
1476 4762 1661 4807 terras
1696 4747 1900 4808 firmas
1923 4762 1980 4807 et
2003 4748 2232 4808 insulas
2266 4749 2599 4830 praedictas
2634 4748 2854 4809 viros
2888 4765 3057 4826 pro-

451 4853 587 4910 bos
621 4868 676 4911 et
710 4852 898 4911 deum
932 4853 1236 4925 timenteS,
1270 4853 1502 4929 doctOS,
1540 4855 1765 4933 peritos
1799 4872 1856 4916 et
1891 4871 2172 4936 expertos
2207 4858 2293 4915 acl
2331 4854 2902 4915 instruendum
2950 4854 3057 4913 in-
