3684 5416
1174 363 1438 419 Potestas
1476 365 1858 422 ecclesiastica
1898 380 1954 422 et
1991 365 2293 438 imperium
2333 365 2508 421 civile.
3071 383 3137 438 75

533 541 836 622 periculis,
883 546 1115 607 morbis
1146 548 1495 626 medellam,
1541 568 1713 631 spem
1747 549 2023 627 adflictis,
2055 569 2241 632 opem
2274 549 2530 626 miseriS,
2564 549 2858 611 solacium
2893 548 3139 610 calami-

530 649 772 727 tatibus,
802 651 1114 715 laboribus
1158 654 1601 718 leuamentum.
1649 657 1830 719 etiam
1863 676 1971 738 per
2002 658 2269 738 quietem
2306 657 2459 718 deos
2493 656 2795 734 uidemus,
2828 656 3135 732 audimus,

529 759 944 837 agnoscimus,
966 781 1126 842 quos
1148 763 1337 846 impie
1367 783 1476 845 per
1508 764 1674 826 diem
1705 783 2025 843 negamus,
2058 764 2372 840 nolumus,
2398 764 2760 846 peieramus.
2791 762 2847 844 [1.
2870 784 2919 824 c.
2941 785 2995 846 p.
3020 761 3134 843 to.]

743 867 893 948 Cap.
929 869 985 931 8.
1050 869 1256 951 Itaque
1304 889 1448 932 cum
1492 871 1775 934 omnium
1820 871 2099 951 gentium
2134 871 2210 933 de
2244 872 2338 933 dis
2369 871 2815 949 inmortalibus,
2848 871 3134 951 quamuis

446 992 470 1037 5
530 971 753 1035 incerta
786 976 862 1037 sit
894 976 994 1037 uel
1026 976 1177 1038 ratio
1210 977 1309 1038 uel
1341 978 1539 1057 origo,
1574 993 1819 1039 maneat
1839 995 2046 1040 tamen
2066 978 2243 1039 firma
2264 978 2616 1056 consensio,
2651 977 2967 1039 neminem
3003 976 3136 1038 fero

525 1095 689 1141 tanta
739 1082 993 1144 audacia
1037 1100 1287 1165 tamque
1330 1084 1680 1165 inreligiosa
1726 1087 1935 1147 nescio
1981 1106 2101 1167 qua
2149 1087 2472 1168 prudentia
2516 1101 2982 1161 tumescentem,
3031 1084 3138 1165 qui

515 1186 687 1256 ,hanc
717 1189 1080 1270 religionem
1111 1207 1235 1253 tam
1268 1207 1595 1268 uetustam,
1631 1201 1752 1254 tam
1787 1193 2021 1268 utilem,
2050 1210 2176 1255 tam
2207 1194 2516 1256 salubrem
2548 1194 2883 1256 dissoluere
2916 1209 3020 1254 aut
3040 1193 3133 1255 in-

525 1293 768 1358 firmare
810 1297 1055 1361 nitatur.
1120 1299 1196 1360 sit
1238 1300 1377 1362 licet
1409 1299 1508 1362 ille
1537 1302 1918 1365 Theodorus
1950 1302 2325 1384 Cyrenaeus,
2366 1302 2465 1363 uel
2497 1301 2605 1382 qui
2638 1300 2804 1381 prior
2836 1300 3133 1380 Diagoras

524 1404 763 1483 Melius,
804 1406 904 1467 cui
948 1407 1181 1468 atheon
1223 1426 1581 1488 cognomen
1610 1408 1898 1489 adposuit
1929 1410 2272 1490 antiquitas,
2303 1409 2412 1491 qui
2444 1423 2702 1489 uterque
2736 1407 2946 1470 nullos
2978 1409 3129 1468 deos

416 1526 468 1559 ¹0
525 1511 943 1576 adseuerando
989 1515 1281 1577 timorem
1330 1535 1607 1596 omnem,
1662 1537 1791 1597 quo
1842 1518 2192 1579 humanitas
2244 1517 2490 1598 regitur,
2541 1515 3132 1595 uenerationemque

523 1618 765 1699 penitus
805 1625 1220 1685 sustulerunt:
1270 1643 1617 1706 numquam
1649 1641 1856 1687 tamen
1888 1626 1952 1686 in
1985 1626 2101 1687 hac
2131 1624 2434 1707 inpietatis
2466 1623 2782 1706 disciplina
2814 1621 3133 1684 simulatae

522 1726 948 1809 philosophiae
995 1731 1249 1792 nomine
1281 1748 1464 1812 atque
1498 1732 1852 1793 auctoritate
1885 1732 2228 1814 pollebunt.
2290 1751 2432 1794 cum
2466 1731 2805 1794 Abderiten
2837 1730 3131 1809 Protago-

521 1852 649 1894 ram
672 1836 1080 1899 Athenienses
1112 1837 1226 1898 uiri
1259 1837 1536 1901 consulte
1569 1839 1776 1920 potius
1794 1859 1985 1920 quam
2006 1839 2261 1920 profane
2280 1841 2357 1901 de
2377 1838 2693 1901 diuinitate
2713 1838 3131 1918 disputantem

520 1954 579 2000 et
608 1941 948 2021 expulerint
978 1944 1105 2005 suis
1136 1944 1363 2006 finibus
1396 1960 1455 2007 et
1486 1947 1552 2007 in
1578 1947 1870 2008 contione
1890 1946 2021 2007 eius
2040 1946 2258 2027 scripta
2280 1945 2639 2023 deusserint,
2670 1944 2819 2025 quid
2843 1943 3130 2006 homines

411 2060 460 2104 ¹5
521 2043 907 2122 (sustinebitis
938 2050 1103 2111 enim
1139 2071 1238 2112 me
1272 2052 1576 2132 impetum
1608 2067 1926 2133 susceptae
1958 2052 2219 2114 actionis
2251 2051 2501 2113 liberius
2533 2050 2902 2126 exerentem)
2925 2049 3130 2111 homi·

518 2172 647 2230 nes,
680 2154 955 2236 inquam,
983 2156 1356 2239 deploratae,
1389 2159 1653 2222 inlicitae
1684 2179 1755 2221 ac
1786 2161 2137 2240 desperatae
2170 2158 2449 2221 factionis
2466 2157 2724 2238 grassari
2744 2158 2807 2219 in
2826 2158 2978 2219 deos
2998 2176 3127 2218 non

515 2261 1063 2341 ingemescendum
1110 2272 1238 2328 est?
1283 2267 1389 2348 qui
1435 2268 1511 2329 de
1558 2267 1771 2328 ultima
1804 2266 1971 2328 faece
2005 2266 2272 2329 collectis
2304 2266 2782 2348 imperitioribus
2814 2281 2873 2326 et
2905 2264 3126 2325 mulie-

513 2370 682 2433 ribus
727 2374 988 2436 credulis
1033 2394 1212 2437 sexus
1258 2377 1354 2438 sui
1398 2375 1676 2438 facilitate
1708 2376 2055 2438 labentibus
2087 2376 2333 2457 plebem
2367 2374 2659 2457 profanae
2690 2372 3125 2435 coniurationis

514 2478 854 2557 instituunt,
890 2502 1051 2562 quae
1083 2482 1400 2545 nocturnis
1431 2483 2013 2563 congregationibus
2042 2498 2102 2544 et
2132 2482 2374 2544 ieiuniis
2404 2481 2811 2544 sollemnibus
2843 2496 2900 2541 et
2933 2479 3120 2540 inhu-

405 2607 462 2639 το
513 2587 711 2649 manis
742 2587 892 2651 cibis
926 2609 1055 2652 non
1086 2610 1262 2653 sacro
1294 2592 1590 2672 quodam,
1624 2592 1730 2652 sed
1766 2591 2007 2673 piaculo
2042 2591 2408 2666 foederatur,
2439 2590 2738 2652 latebrosa
2770 2603 2833 2650 et
2857 2585 3124 2667 lucifuga

515 2695 701 2774 natiO,
750 2696 815 2758 in
863 2697 1177 2780 publicum
1227 2717 1413 2776 muta,
1460 2699 1524 2761 in
1572 2698 1813 2780 angulis
1859 2700 2133 2779 garrula:
2188 2699 2419 2781 templa
2453 2714 2519 2760 ut
2552 2701 2726 2760 busta
2758 2695 3123 2778 despiciunt,

514 2803 666 2864 deos
711 2803 1040 2886 despuunt,
1085 2805 1283 2868 rident
1328 2825 1516 2885 sacra,
1564 2806 1931 2868 miserentur
1961 2807 2166 2868 miseri
2196 2809 2345 2889 firi,
2375 2806 2426 2868 si
2457 2805 2546 2867 fas
2577 2821 2683 2882 est,
2714 2804 3121 2880 sacerdotum,

515 2910 787 2973 honores
818 2929 877 2973 et
908 2931 1210 2995 purpuras
1242 2913 1601 2995 despiciunt,
1634 2913 1747 2995 ipsi
1778 2914 2111 2991 seminudi,
2160 2933 2272 2996 pro
2306 2913 2457 2975 mira
2489 2912 2737 2975 stultitia
2772 2928 2831 2973 et
2859 2910 3121 2973 incredi-

513 3016 649 3079 bilis
678 3019 959 3081 audacia!
996 3035 1298 3102 spernunt
1328 3036 1633 3082 tormenta
1666 3022 2025 3100 praesentia,
2059 3022 2210 3083 dum
2242 3023 2471 3083 incerta
2502 3036 2789 3082 metuunt
2820 3037 2877 3082 et
2898 3020 3119 3095 futura,

403 3141 454 3186 25
511 3139 571 3185 et
602 3125 755 3187 dum
786 3128 944 3188 mori
980 3143 1120 3208 post
1152 3143 1416 3190 mortem
1449 3129 1691 3203 timent,
1727 3129 1970 3189 interim
2006 3129 2165 3190 mori
2198 3149 2331 3191 non
2362 3131 2623 3191 timent:
2664 3129 2744 3190 ita
2776 3129 2891 3190 illis
2925 3147 3118 3210 pauo-

510 3253 637 3295 rem
674 3234 849 3297 fallax
880 3256 1019 3317 spes
1049 3238 1277 3299 solacio
1310 3237 1589 3298 rediuiuo
1623 3237 1948 3299 blanditur,
2016 3235 2057 3316 [l
2089 3257 2138 3299 c.
2172 3258 2306 3319 pag.
2351 3260 2369 3299 ι
2396 3237 2462 3318 1.]

721 3342 876 3423 Cap.
900 3365 958 3423 9.
1006 3350 1096 3405 Ac
1127 3344 1267 3423 iam,
1302 3359 1369 3405 ut
1401 3343 1720 3406 fecundius
1751 3345 2049 3425 nequiora
2084 3345 2478 3426 proueniunt,
2500 3347 2885 3427 serpentibus
2905 3346 2970 3406 in
2989 3346 3120 3406 dies

509 3451 757 3531 perditis
801 3453 1078 3514 moribus
1123 3471 1231 3534 per
1277 3452 1637 3514 uniuersum
1684 3455 1901 3514 orbem
1935 3454 2190 3514 sacraria
2224 3453 2332 3514 ista
2365 3454 2705 3515 taeterrima
2737 3453 2958 3535 impiae
2991 3454 3118 3515 coi-

507 3558 693 3620 tionis
724 3561 1102 3621 adolescunt.
1151 3560 1421 3621 eruenda
1456 3578 1705 3640 prorsus
1740 3560 1890 3620 haec
1921 3576 1979 3621 et
2012 3562 2345 3621 execranda
2378 3560 2718 3622 consensi0.
2770 3561 3023 3622 occultis
3054 3582 3118 3622 se

398 3691 454 3738 30
510 3667 674 3729 notis
706 3683 765 3729 et
797 3668 1143 3749 insignibus
1176 3685 1441 3729 noscunt
1474 3683 1534 3729 et
1566 3683 1773 3728 amant
1807 3683 2028 3730 mutuo
2061 3688 2256 3751 paene
2274 3684 2605 3748 antequam
2626 3668 2944 3729 nouerim:
2982 3690 3119 3750 pas-

507 3774 621 3835 sim
674 3774 858 3836 etiam
904 3776 1060 3837 inter
1105 3795 1214 3837 eos
1258 3777 1429 3837 uelut
1475 3775 1743 3856 quadam
1788 3774 2121 3837 libidinum
2154 3776 2369 3856 religio
2402 3777 2721 3837 miscetur:
2775 3796 2845 3836 ac
2876 3797 2940 3837 se
2976 3798 3118 3858 pro-

506 3881 694 3942 misce
740 3881 1049 3962 appellant
1097 3882 1306 3942 fratres
1337 3897 1397 3941 et
1427 3899 1690 3957 sorores,
1724 3897 1790 3941 ut
1822 3880 2003 3941 etiam
2040 3901 2169 3944 non
2204 3883 2474 3943 insolens
2504 3897 2791 3961 stuprum
2827 3881 3115 3943 interces-

506 3987 679 4048 sione
726 3988 877 4050 sacri
917 3990 1194 4051 nominis
1240 3989 1343 4050 fiat
1388 3990 1712 4050 incestum.
1776 3988 1857 4049 ita
1903 4007 2120 4049 eorum
2170 4009 2329 4050 uana
2376 4005 2433 4049 et
2477 3990 2736 4050 demens
2768 3989 3116 4070 superstitio

506 4096 837 4157 sceleribus
867 4097 1178 4176 gloriatur.
1243 4117 1357 4159 nec
1390 4098 1466 4159 de
1499 4097 1667 4176 ipsis,
1703 4096 1820 4156 nisi
1855 4096 2207 4157 subsisteret
2239 4097 2478 4171 ueritaS,
2512 4096 2776 4157 maxime
2811 4096 3039 4157 nefaria
3060 4110 3117 4156 et

398 4226 449 4270 35
508 4200 747 4263 honore
793 4202 1118 4283 praefanda
1164 4222 1344 4283 sagax
1389 4202 1548 4264 fama
1597 4202 1970 4282 loqueretur.
2031 4202 2221 4264 audio
2266 4221 2375 4264 eos
2420 4204 2805 4284 turpissimae
2853 4203 3104 4285 pecudis

506 4324 686 4389 caput
719 4306 911 4389 [asini]
946 4327 1369 4372 consecratum
1404 4310 1606 4390 inepta
1638 4308 1851 4369 nescio
1885 4329 2006 4388 qua
2040 4311 2433 4390 persuasione
2470 4312 2783 4372 uenerari:
2834 4312 3021 4389 digna
3056 4328 3114 4372 et

504 4430 648 4476 nata
689 4414 905 4495 religio
949 4416 1173 4478 talibus
1218 4417 1527 4478 moribus!
1592 4414 1690 4476 alii
1736 4434 1846 4475 eos
1892 4414 2095 4476 ferunt
2141 4417 2332 4498 ipsius
2364 4417 2644 4479 antistitis
2677 4438 2747 4479 ac
2779 4419 3111 4480 sacerdotis

503 4522 704 4584 colere
733 4522 1018 4602 genitalia
1050 4540 1111 4585 et
1142 4524 1316 4605 quasi
1351 4523 1616 4605 parentis
1648 4522 1742 4584 sui
1777 4523 2037 4584 adorare
2073 4540 2386 4585 naturam:
2424 4525 2633 4586 nescio
2653 4544 2730 4584 an
2755 4524 2918 4601 falsa,
2952 4541 3112 4586 certe

503 4630 761 4692 occultis
790 4650 861 4691 ac
892 4632 1209 4692 nocturnis
1241 4631 1426 4692 sacris
1457 4628 1734 4711 adposita
1765 4628 2070 4709 suspicio:
2106 4648 2164 4691 et
2197 4631 2305 4711 qui
2338 4631 2656 4693 hominem
2691 4651 2944 4692 summo
2965 4652 3114 4713 sup-

390 4763 446 4802 40
504 4737 685 4819 plicio
730 4758 845 4820 pro
877 4739 1144 4801 facinore
1179 4740 1471 4821 punitum
1505 4754 1563 4800 et
1594 4736 1790 4799 crucis
1821 4736 1987 4816 ligna
2021 4737 2226 4800 feralia
2258 4758 2476 4800 eorum
2508 4739 2907 4800 caerimonias
2942 4740 3113 4801 fabu-

499 4845 675 4925 latur,
723 4846 1124 4925 congruentia
1171 4846 1423 4927 perditis
1470 4845 1901 4924 sceleratisque
1944 4846 2156 4907 tribuit
2201 4847 2426 4921 altaria,
2471 4861 2538 4907 ut
2585 4847 2644 4906 id
2692 4848 2896 4906 colant
2942 4849 3113 4927 quod

502 4968 828 5014 merentur.
894 4952 1015 5012 iam
1049 4952 1124 5013 de
1159 4953 1469 5015 initiandis
1499 4952 1821 5015 tirunculis
1858 4953 2059 5014 fabula
2094 4969 2219 5013 tam
2254 4953 2607 5014 detestanda
2630 4971 2817 5032 quam
2841 4969 2984 5013 nota
3006 4969 3111 5014 est.
