3684 5416
422 1590 474 1622 10

421 2122 466 2166 ι5

417 2665 471 2698 20

412 3199 462 3243 ²5

412 3733 466 3778 30

412 4267 462 4312 35

1524 415 1793 471 Pontifex
1833 433 2126 471 romanus·
3032 437 3136 493 443

526 600 735 661 futuro
766 598 1065 674 Pontifici,
1098 614 1165 660 ut
1197 600 1389 681 possit
1420 599 1497 660 ad
1528 615 1841 678 gestorum
1881 603 2336 663 revocationem
2371 605 2722 684 procedere,
2757 622 2814 666 et
2845 604 2911 665 in
2942 620 3138 667 trans-

524 725 830 787 gressores
861 707 939 767 ad
972 706 1412 787 praescriptum
1449 707 1637 768 huius
1670 722 1915 768 nostrae
1948 728 2019 770 ac
2051 710 2595 789 praedecessorum
2627 712 3143 774 constitutionum

524 813 1026 875 animadvertere.
1086 813 1405 875 Teneatur
1448 834 1707 895 quoque
1754 815 2169 876 thesaurarius
2200 817 2523 896 generalis,
2558 821 2674 879 sub
2709 838 2909 899 poena
2943 819 3137 901 priva·

524 921 711 983 tionis
756 920 853 983 sui
899 919 1103 1000 officii,
1152 921 1438 982 exhibere
1487 941 1653 983 novo
1687 922 1992 1000 Pontifici,
2044 923 2201 984 intra
2251 943 2530 986 mensem
2572 927 2647 986 ab
2681 926 2812 987 eius
2845 927 3143 987 electione

526 1029 1008 1102 numerandum,
1045 1043 1336 1110 computa
1369 1048 1480 1089 seu
1512 1030 1781 1091 rationes
1813 1046 2122 1092 accuratas
2155 1046 2215 1092 et
2247 1032 2560 1092 distinctas
2594 1031 2882 1094 omnium
2916 1054 3144 1115 expen-

524 1155 731 1196 sarum
765 1134 924 1196 Sede
971 1152 1220 1197 vacante
1270 1135 1583 1214 factarum,
1630 1155 1776 1197 cum
1810 1137 2093 1218 specifica
2127 1138 2521 1219 expressione
2553 1138 2939 1218 singularum
2973 1161 3143 1203 sum-

525 1263 786 1319 marum,
833 1263 1156 1305 causarum
1204 1264 1273 1304 ac
1318 1263 1719 1325 personarum
1768 1246 2000 1325 quibus
2046 1245 2345 1325 pecuniae
2394 1246 2740 1328 persolutae
2790 1246 3036 1322 fuerint,
3068 1250 3144 1310 ad

523 1352 646 1413 hoc
692 1367 760 1412 ut
805 1351 934 1431 ipse
967 1349 1244 1412 Pontifex
1294 1350 1532 1432 aliquot
1568 1351 1907 1413 cardinales
1938 1352 2052 1413 sibi
2087 1353 2429 1432 benevisos,
2467 1354 2576 1435 qui
2612 1369 2818 1414 tarnen
2852 1374 2981 1417 non
3014 1356 3136 1417 sint

523 1458 715 1519 tribus
761 1476 1025 1519 numero
1060 1457 1396 1538 pauciores,
1442 1458 1692 1539 deputet
1739 1460 1815 1520 ad
1850 1459 2335 1520 examinandum
2372 1480 2440 1521 ea
2474 1476 2762 1541 computa
2795 1461 2920 1522 sive
2958 1462 3143 1523 ratio-

526 1584 652 1641 nes,
683 1584 753 1625 ac
783 1564 1235 1645 dispiciendum
1269 1563 1512 1644 sibique
1545 1565 1959 1640 referendum,
2009 1585 2086 1626 an
2119 1566 2354 1647 aliquid
2387 1566 2681 1628 inutiliter
2713 1568 2837 1629 sive
2872 1568 3010 1650 plus
3044 1589 3144 1630 ae·-

523 1691 654 1752 quo
686 1672 1061 1753 impensum,
1096 1688 1201 1732 aut
1232 1670 1378 1732 alias
1412 1673 1714 1753 praesenti
1746 1672 1845 1733 vel
1881 1674 2423 1753 praedecessorum
2460 1674 3005 1736 constitutionibus
3039 1691 3145 1737 aut

523 1779 967 1860 chirographis,
1002 1779 1160 1839 infra
1192 1778 1374 1840 etiam
1413 1778 1831 1859 nominandiS‚
1886 1779 2090 1859 aliqua
2124 1799 2196 1841 ex
2232 1797 2399 1862 parte
2435 1782 2547 1842 hac
2581 1781 2644 1841 in
2680 1801 2742 1842 re
2777 1798 3142 1843 contraven-

521 1901 657 1947 tum
692 1886 888 1946 fuerit.

737 2001 766 2061 S
801 2013 858 2058 7.
906 1993 1197 2073 Cumque
1249 2008 1526 2073 tempore
1580 1992 1756 2054 Sedis
1809 1994 2072 2056 vacantis
2119 1994 2351 2076 duplex
2398 1995 2693 2055 habeatur
2740 1995 3142 2056 cardinalium

523 2098 940 2180 congregatiO,
985 2099 1169 2159 altera
1216 2117 1440 2179 nempe
1486 2100 1808 2177 generalis,
1854 2101 1979 2161 sive
2023 2100 2215 2162 totius
2262 2100 2524 2179 collegii,
2570 2115 2627 2161 et
2659 2100 2841 2161 altera
2875 2101 3138 2181 particu-

522 2209 663 2269 laris
717 2223 1002 2270 constans
1050 2208 1246 2269 tribus
1291 2207 1726 2269 Cardinalibus
1776 2207 2250 2288 antiquioribus,
2309 2227 2438 2269 uno
2486 2207 2712 2268 scilicet
2763 2227 2836 2268 ex
2884 2227 3139 2288 quoque

524 2316 760 2393 ordine,
796 2333 943 2375 cum
975 2314 1331 2390 camerario,
1366 2333 1637 2394 quorum
1672 2312 1956 2375 osticium
1988 2315 2159 2375 tertia
2181 2314 2279 2375 die
2303 2330 2441 2396 post
2461 2313 2770 2375 conclavis
2793 2313 3136 2393 ingressum

525 2421 787 2482 omnino
833 2421 1079 2502 expirat,
1124 2421 1188 2481 in
1236 2440 1581 2500 eorumque
1615 2421 1830 2482 locum
1864 2436 1984 2482 tres
2016 2421 2115 2482 alii
2149 2437 2477 2501 sequentes
2510 2422 2574 2484 in
2609 2420 2827 2483 ordine
2860 2420 3141 2501 quolibet

522 2527 700 2589 tertio
749 2527 847 2588 die
896 2546 1019 2588 una
1053 2545 1195 2586 cum
1231 2527 1453 2587 eodem
1484 2527 1820 2588 camerario
1853 2528 2224 2589 succedunt:
2277 2527 2567 2589 volumus
2600 2543 2667 2588 ut
2699 2528 2763 2588 in
2795 2529 2954 2589 dicta
2987 2547 3138 2588 con-

524 2634 880 2715 gregatione
914 2633 1279 2716 particulari,
1313 2634 1438 2696 sive
1473 2649 1612 2695 ante
1645 2635 1771 2695 sive
1804 2650 1946 2716 post
1978 2650 2192 2716 coepta
2228 2636 2495 2713 comitia,
2542 2635 2788 2697 levioris
2821 2636 3141 2696 dumtaxat

522 2741 840 2819 momenti,
894 2761 962 2802 ac
1008 2741 1073 2802 in
1119 2742 1252 2802 dies
1297 2762 1408 2803 seu
1458 2742 1683 2823 passim
1718 2741 2095 2803 occurrentia
2132 2743 2376 2821 negotia
2411 2743 2825 2824 expediantur.
2891 2743 3137 2823 Siquid

520 2869 666 2910 vero
716 2848 1012 2926 gravioris
1058 2848 1363 2909 momenti
1409 2868 1477 2909 ac
1524 2849 1832 2929 indaginis
1884 2849 2080 2925 fuerit,
2129 2849 2189 2910 id
2242 2869 2434 2912 omne
2480 2852 2557 2911 ad
2593 2850 3137 2929 congregationem

518 2956 867 3035 generalem
912 2975 1021 3016 seu
1068 2955 1400 3035 collegium
1449 2955 1854 3017 cardinalium
1902 2954 2248 3030 deferatur;
2297 2977 2366 3018 ac
2412 2956 2677 3034 alteriuS,
2725 2976 2884 3036 quae
2917 2957 2980 3016 in
3012 2977 3135 3018 una

519 3061 1000 3140 congregatione
1032 3061 1376 3144 particulari
1409 3063 1667 3141 decreta,
1700 3063 1971 3124 resoluta
2004 3063 2102 3124 vel
2134 3064 2437 3144 denegata
2472 3063 2668 3143 fuerit,
2716 3065 2779 3126 in
2812 3066 2928 3125 alia
2962 3084 3140 3125 revo-

520 3169 658 3243 cari,
705 3169 926 3229 mutari
974 3184 1079 3230 aut
1125 3169 1384 3230 concedi
1432 3185 1773 3250 nequeant;
1826 3170 1933 3230 sed
1968 3169 2030 3232 id
2065 3170 2330 3232 faciendi
2361 3171 2457 3231 ius
2492 3173 2711 3233 habeat
2742 3172 2872 3253 ipsa
2904 3186 3142 3233 tanturn

519 3275 915 3353 congregatio
946 3276 1244 3356 generalis
1280 3296 1388 3357 per
1421 3277 1774 3358 pluritatem
1808 3278 2268 3357 suffragiorum.

735 3391 764 3451 s
800 3383 857 3442 8.
907 3382 1107 3445 Usum
1158 3398 1365 3444 autem
1416 3385 1614 3445 multo
1647 3383 1768 3444 iam
1802 3386 1877 3443 ab
1914 3384 2058 3444 hinc
2091 3401 2372 3465 tempore
2407 3386 2713 3464 vigentem
2753 3384 3140 3465 proponendi

521 3490 584 3551 in
617 3489 812 3570 prima
845 3492 1327 3572 congregatione
1360 3492 1629 3570 generali
1663 3491 2203 3553 confirmationem
2237 3494 2669 3572 gubernatoris
2701 3492 2897 3553 almae
2934 3493 3138 3570 Urbis,

519 3600 811 3680 deinceps
843 3619 1099 3680 quoque
1131 3598 1376 3660 retineri
1411 3601 1800 3661 mandamus
1839 3599 1913 3659 Et
1947 3600 2120 3679 quod
2154 3601 2364 3659 attinet
2395 3600 2470 3659 ad
2506 3615 2742 3660 ceteros
2766 3598 2940 3660 Sedis
2965 3603 3139 3679 Apo-

518 3708 785 3787 stolicae,
820 3708 1045 3769 Curiae
1079 3708 1417 3780 Romanae,
1464 3727 1532 3767 ac
1577 3708 1828 3770 ditionis
1877 3707 2312 3768 ecclesiasticae
2360 3706 2653 3768 officiales
2703 3724 2759 3768 et
2807 3707 3141 3784 ministros,

519 3816 969 3896 cuiuscumque
1017 3811 1345 3894 qualitatis,
1393 3814 1643 3894 gradus,
1692 3814 1929 3875 ordinis
1965 3829 2022 3875 et
2055 3813 2432 3875 conditionis
2466 3812 2715 3890 fuerint,
2750 3815 2890 3875 illos
2923 3832 3141 3875 omnes

520 3924 584 3983 in
616 3922 884 3983 secunda
920 3920 1399 4000 congregatione
1432 3920 1655 4001 pariter
1685 3921 1974 3999 generali,
2010 3921 2233 3982 eodem
2267 3936 2576 3996 contextu,
2624 3941 2692 3981 ac
2727 3922 2913 3980 unico
2949 3942 3137 3982 urnae

520 4029 644 4090 sive
678 4028 990 4105 bussulae,
1022 4042 1090 4088 ut
1122 4043 1360 4105 vocant,
1393 4046 1572 4108 gyr0,
1609 4027 1771 4088 iuxta
1805 4047 2047 4089 morem
2081 4029 2433 4109 antiquum,
2465 4028 2651 4088 simul
2685 4043 2743 4087 et
2774 4028 2963 4087 semel
2987 4047 3135 4088 con-

520 4135 750 4196 firmari
800 4136 1244 4217 permittimus;
1323 4135 1469 4196 alias
1534 4155 1647 4216 pro
1700 4135 2079 4197 confirmatis
2147 4136 2356 4197 haberi
2422 4135 2735 4197 volumus.
2821 4134 2884 4195 Si
2936 4151 3142 4195 tamen

519 4242 740 4322 aliquis
787 4262 860 4302 ex
906 4243 1081 4303 dictis
1128 4242 1496 4303 officialibus
1544 4258 1602 4303 et
1635 4242 1931 4304 ministris
1964 4244 2124 4304 adeo
2155 4244 2417 4323 graviter
2452 4244 2515 4303 in
2549 4261 2808 4303 munere
2840 4262 2957 4304 suo
2989 4242 3141 4303 deli-

519 4349 724 4429 quisse
772 4366 876 4410 aut
923 4348 1235 4428 defecisse,
1289 4368 1398 4409 seu
1448 4351 1605 4410 male
1660 4367 1928 4411 versatus
1979 4349 2166 4410 fuisse
2199 4351 2498 4425 credatur,
2534 4365 2601 4410 ut
2634 4351 2813 4430 plane
2847 4349 3143 4427 indignus

519 4472 849 4537 reputetur,
901 4458 1011 4536 qui
1056 4458 1122 4518 in
1175 4458 1453 4518 muneris
1485 4458 1580 4518 sui
1613 4458 1899 4519 exercitio
1931 4460 2340 4539 relinquatur,
2376 4459 2705 4519 statuimus
2737 4459 2910 4538 quod
2947 4457 3140 4517 cardi-

519 4563 685 4624 nales
719 4564 781 4623 in
816 4564 1037 4624 ordine
1070 4564 1303 4645 priores
1334 4583 1465 4624 rem
1501 4580 1713 4639 totam,
1747 4582 1817 4623 ac
1851 4566 2246 4644 probationes
2281 4584 2440 4645 quae
2473 4566 2764 4626 adversus
2783 4564 2967 4624 talem
3003 4563 3144 4623 offi-

520 4669 736 4731 cialem
779 4691 888 4731 seu
939 4672 1370 4732 ministrorum
1420 4687 1773 4751 suppetunt,
1825 4672 2115 4732 dixtincte
2167 4691 2236 4732 ac
2284 4672 2501 4733 ordine
2550 4688 2864 4753 exponant
2910 4670 2973 4729 in
3023 4689 3141 4730 una

520 4778 996 4857 congregatione
1039 4778 1330 4860 generali,
1383 4779 1461 4839 ad
1511 4778 1631 4839 hoc
1680 4794 1745 4838 ut
1790 4779 2022 4859 singuli
2056 4780 2394 4841 cardinales
2428 4799 2637 4840 earum
2673 4776 3136 4839 subsistentiam

519 4900 706 4967 atque
759 4885 1151 4946 relevantiam
1202 4905 1641 4965 recognoscere
1694 4887 1965 4965 possint:
2017 4907 2085 4947 ac
2136 4904 2271 4967 post
2323 4903 2442 4949 tres
2493 4886 2713 4947 exinde
2771 4885 2901 4945 dies
2933 4885 2995 4946 in
3030 4884 3142 4945 alia

520 4992 993 5071 congregatione
1039 4992 1184 5054 item
1229 4993 1497 5071 generali
1533 4993 1797 5074 proponi
1832 5008 1892 5053 et
1924 4994 2132 5073 agitari
2168 4995 2402 5072 debeat,
2437 5012 2594 5055 num
2628 4993 2827 5055 dictus
2862 4992 3138 5053 officialis
