3684 5416
390 1604 442 1636 10

391 2144 438 2188 ¹5

384 2686 439 2721 20

383 3220 436 3263 ²5

380 3754 436 3797 30

380 4293 432 4338 35

377 4826 435 4867 40

1630 433 1980 489 CardinaleS.
3007 451 3074 503 47
3085 453 3113 509 3

711 625 741 686 s
788 618 881 678 16.
934 616 1101 678 Cum
1151 631 1356 679 autem
1408 618 1484 679 ad
1534 617 1841 679 honorem
1892 618 2049 680 adeo
2096 618 2428 680 sublimem
2465 618 2878 699 promovendi
2942 618 3115 679 omni

498 723 814 802 virtutum,
847 740 904 786 et
936 724 1289 806 praesertim
1320 724 1718 787 castimoniae
1750 725 1934 788 laude
1967 745 2153 807 supra
2187 739 2461 787 caeteros
2482 724 2824 806 plurimum
2846 724 3119 786 eminere

497 829 778 906 debeant,
825 829 936 911 qui
967 848 1115 891 vero
1145 829 1326 902 filim,
1370 830 1555 892 etiam
1584 831 1915 912 legitimOS,
1950 852 2022 893 ex
2054 850 2244 893 uxore
2276 851 2385 892 sua
2422 830 2568 892 alias
2599 829 2980 910 dignoscitur
3011 849 3115 890 su-

495 935 775 1017 scepisse,
824 952 1060 999 certum
1112 955 1381 1020 nequeat
1426 958 1573 1000 suae
1619 939 2046 1001 testimonium
2079 938 2493 1001 continentiae
2528 937 2832 1016 exhibere,
2864 954 2921 1000 et
2954 953 3122 1019 pater

495 1064 636 1124 erga
683 1044 967 1126 proprios
1005 1045 1165 1107 filios
1199 1046 1458 1108 naturali
1488 1046 1709 1108 affectu
1745 1046 1931 1108 nimia
1965 1047 2235 1128 quadam
2271 1045 2686 1130 propensione
2718 1045 2964 1124 feratur,
3013 1065 3115 1106 ve-

494 1152 889 1232 rendumque
937 1151 1014 1214 sit
1063 1173 1143 1214 ne
1193 1170 1513 1235 propterea
1559 1153 1739 1215 variis
1785 1154 2069 1236 propriae
2102 1154 2331 1215 domus
2364 1152 2648 1234 negotiis,
2696 1171 2764 1214 ac
2797 1151 3119 1234 multiplici

493 1258 832 1320 liberorum
878 1279 1024 1321 cura
1076 1259 1413 1340 distractus,
1479 1261 1782 1324 Ecclesiae
1834 1262 2080 1341 negotia
2129 1260 2245 1322 sibi
2295 1260 2539 1340 credita,
2585 1276 2689 1321 aut
2737 1260 3115 1340 negligenter

493 1379 704 1428 tractet
748 1383 855 1429 aut
901 1367 1109 1429 minus
1141 1367 1396 1447 solicite,
1441 1384 1501 1430 et
1533 1368 1791 1430 fideliter
1821 1389 2011 1450 quam
2046 1389 2155 1451 par
2185 1384 2293 1447 est,
2327 1367 2608 1446 ejusdem
2641 1367 2944 1429 Ecclesiae
2976 1366 3109 1445 jura

493 1488 755 1551 tueatur,
791 1475 1215 1556 prohibemus,
1251 1494 1327 1536 ne
1358 1475 1601 1555 aliquiS,
1635 1476 1744 1556 qui
1780 1476 2126 1539 utriuslibet
2158 1495 2339 1538 sexus
2360 1475 2580 1553 filium,
2599 1495 2709 1537 seu
2732 1474 2912 1554 filios,
2935 1475 3117 1537 etiam

493 1600 566 1641 ex
610 1581 887 1661 legitimo
936 1582 1334 1644 matrimonio
1368 1597 1709 1663 susceptos,
1744 1583 1841 1644 vel
1877 1598 2184 1664 nepotem,
2217 1602 2328 1643 seu
2364 1600 2619 1665 nepotes
2652 1603 2722 1644 ex
2757 1583 2844 1643 eis
2877 1583 3115 1662 habeat,

492 1686 801 1749 ullatenus
832 1688 894 1750 in
927 1689 1322 1750 Cardinalem
1354 1689 1607 1766 assumi,
1641 1705 1747 1749 aut
1780 1690 2135 1770 promoveri
2169 1690 2378 1770 possit.

706 1805 735 1865 S
779 1817 872 1862 17.
931 1797 1205 1878 Insuper,
1256 1812 1324 1858 ut
1367 1796 1706 1858 factionum
1757 1796 2034 1860 fomitem
2083 1813 2140 1859 et
2172 1797 2555 1858 simultatum
2588 1816 2819 1873 ansam,
2852 1816 2925 1858 ex
2957 1796 3116 1857 facto

490 1901 613 1962 hoc
664 1918 846 1963 coetu
898 1920 1202 1984 quantum
1253 1922 1400 1964 cum
1434 1903 1713 1965 Domino
1764 1923 2100 1983 possumus
2154 1919 2570 1984 amputemuS,
2616 1902 2932 1963 decretum
2980 1901 3112 1983 piae

491 2009 828 2071 memoriae
860 2009 1002 2071 Julii
1037 2010 1235 2091 Papae
1286 2010 1377 2071 111.
1426 2009 1916 2071 Praedecessoris
1961 2010 2152 2072 nostri
2198 2009 2262 2071 in
2310 2028 2483 2070 sacro
2530 2008 2680 2069 olim
2730 2008 3117 2070 Consistorio

490 2114 725 2175 editum
758 2119 1186 2197 approbanteS‚
1218 2132 1279 2178 et
1311 2118 1703 2196 declarantes,
1751 2116 2027 2178 similiter
2061 2131 2360 2198 perpetuo
2396 2115 2841 2192 interdicimuS,
2877 2136 2953 2177 ne
2987 2116 3117 2177 ullo

492 2241 795 2302 umquam
824 2238 1102 2304 tempore
1135 2238 1500 2301 assumatur,
1536 2223 1757 2304 aliquis
1790 2224 2047 2304 posthac
2080 2224 2145 2284 in
2180 2223 2462 2300 ejusdem
2496 2223 2753 2284 Sanctae
2786 2222 3107 2283 Romanae

492 2330 794 2392 Ecclesiae
826 2330 1241 2410 Cardinalem,
1275 2331 1384 2412 qui
1421 2332 1631 2393 Frater
1662 2352 1735 2394 ex
1768 2347 2034 2412 utroque
2069 2334 2160 2394 vel
2197 2333 2488 2393 alterutro
2511 2347 2756 2412 parente
2778 2350 3110 2411 germanus

491 2437 702 2500 existat
747 2438 995 2499 alterius
1028 2436 1375 2499 Cardinalis
1422 2437 1699 2516 viventis,
1749 2437 1825 2499 ita
1877 2453 1944 2499 ut
1976 2439 2200 2500 eodem
2232 2455 2511 2519 tempore
2545 2439 2675 2499 duo
2708 2437 2945 2499 Fratres
2975 2456 3113 2516 ger-

493 2545 659 2604 mani
694 2543 755 2604 in
787 2544 1011 2605 eodem
1043 2543 1328 2622 Collegio
1360 2544 1717 2604 nullatenus
1749 2563 1882 2604 esse
1914 2544 2166 2625 possint.
2201 2543 2574 2620 Quinimmo
2596 2543 2761 2604 idem
2795 2543 3107 2602 decretum

492 2650 886 2712 extendentes
918 2664 976 2712 et
1008 2649 1391 2731 ampliantes,
1430 2650 1835 2731 prohibemus
1884 2670 2140 2732 quoque
2176 2670 2253 2713 ne
2288 2649 2562 2732 patruele
2596 2649 2693 2710 vel
2723 2648 2977 2711 amitino
3009 2664 3114 2710 aut

491 2760 866 2821 consobrino
898 2759 1226 2821 Cardinale
1273 2760 1534 2837 vivente,
1583 2761 1731 2821 alter
1780 2760 1912 2837 ejus
1961 2761 2250 2842 patruelis
2298 2761 2389 2821 vel
2425 2759 2717 2821 amitinus
2750 2774 2855 2819 aut
2888 2778 3111 2819 conso-

490 2866 705 2927 brinus
738 2867 815 2928 ad
848 2866 1315 2928 Cardinalatum
1350 2867 1543 2928 valeat
1575 2867 1946 2949 promoveri.

705 2981 735 3042 s
782 2975 876 3035 18.
928 2973 1073 3046 Sed,
1119 2990 1176 3036 et
1222 2973 1352 3055 pari
1394 2976 1626 3036 ratione
1659 2974 1991 3051 sancimus,
2023 2992 2101 3035 ne
2135 2974 2361 3035 Patruo
2394 2989 2498 3035 aut
2531 2973 2864 3033 Avunculo
2897 2971 3112 3033 Cardi-

493 3081 617 3142 nali
667 3081 929 3161 vivente,
983 3081 1115 3143 eius
1161 3102 1235 3144 ex
1282 3082 1459 3144 fratre
1510 3083 1607 3143 vel
1649 3102 1862 3143 sorore
1897 3100 2112 3163 nepos,
2164 3100 2278 3142 nec
2312 3100 2524 3142 rursus
2557 3096 2799 3161 nepote,
2832 3099 2904 3139 ex
2938 3078 3117 3140 fratre

492 3187 590 3248 vel
614 3207 825 3249 sorore
859 3188 1170 3250 Cardinali
1204 3188 1513 3267 existente,
1546 3188 1707 3250 illius
1741 3190 2005 3250 Patruus
2036 3202 2143 3249 aut
2162 3188 2549 3264 AvunculuS,
2585 3205 2701 3248 nec
2735 3185 2899 3246 ullus
2933 3185 3112 3246 deni·

494 3315 618 3376 que
652 3295 827 3373 alius,
865 3295 975 3376 qui
1008 3297 1210 3376 primo
1244 3311 1350 3357 aut
1380 3296 1655 3357 secundo
1689 3312 1929 3356 tantum
1964 3294 2515 3374 consanguinitatis
2546 3295 2742 3374 gradu
2763 3293 2945 3354 alicui
2965 3294 3115 3355 Car-

495 3402 679 3465 dinali
713 3402 938 3463 viventi
972 3401 1345 3480 conjunctus
1378 3402 1474 3479 sit,
1521 3401 1819 3481 quamdiu
1858 3400 1908 3460 is
1940 3400 2153 3461 vixerit
2186 3400 2247 3461 in
2281 3400 2673 3461 Cardinalem
2707 3398 2935 3459 assumi
2972 3416 3115 3478 pos-

494 3508 589 3570 sit.
654 3509 736 3570 Ita
785 3524 850 3570 ut
897 3528 1135 3586 omnes,
1180 3525 1237 3569 et
1283 3508 1512 3588 singuli
1559 3506 1850 3589 praedicti
1881 3522 2007 3567 tam
2041 3523 2208 3587 pater
2241 3507 2398 3567 filios
2431 3523 2534 3566 aut
2567 3519 2822 3585 nepotes
2857 3505 3113 3579 habenS,

491 3633 682 3695 quam
730 3613 942 3674 fratres
986 3614 1283 3694 germani,
1333 3614 1657 3695 patrueleS,
1690 3612 1947 3689 amitini,
1984 3614 2364 3693 consobrini,
2400 3615 2683 3688 PatruuS,
2718 3611 3109 3685 AvunculuS,

494 3738 690 3801 nepos
722 3740 797 3781 ex
828 3719 1005 3782 fratre
1039 3722 1132 3781 vel
1166 3741 1398 3799 sorore,
1434 3737 1493 3782 et
1525 3720 1728 3801 quivis
1761 3737 1827 3781 ut
1860 3740 2046 3801 supra
2081 3720 2282 3801 primo
2316 3735 2420 3781 aut
2452 3719 2726 3780 secundo
2747 3719 2940 3800 gradu
2963 3738 3114 3780 con-

493 3826 744 3906 junctus
791 3828 939 3888 alter
984 3828 1175 3890 altero
1224 3828 1538 3891 Cardinali
1584 3828 1845 3906 vivente,
1894 3828 1972 3888 ad
2005 3827 2471 3889 Cardinalatum
2511 3826 2826 3903 inhabiles,
2862 3841 2921 3886 et
2953 3826 3114 3886 illius

493 3936 815 4015 incapaces
847 3935 987 4015 sint,
1023 3952 1079 3996 et
1113 3952 1501 4015 censeantur,
1553 3956 1757 4016 neque
1792 3954 2012 3996 eorum
2045 3935 2268 4014 aliquis
2301 3933 2644 3995 Cardinalis
2677 3931 2863 3993 creari
2896 3930 3110 4007 valeat,

491 4064 696 4124 neque
727 4044 1022 4105 adversus
1054 4044 1215 4104 hanc
1247 4044 1730 4125 prohibitionem
1765 4064 1837 4104 ex
1858 4063 2254 4124 quacumque
2276 4042 2458 4103 etiam
2480 4038 2907 4119 urgentissima
2929 4058 3110 4099 causa

493 4169 641 4212 cum
687 4152 774 4212 eis
820 4151 994 4212 liceat
1040 4151 1395 4232 dispensari.
1459 4154 1534 4214 Et
1580 4153 1987 4216 nihilominus
2035 4153 2271 4228 electi0,
2306 4150 2554 4226 creati0‚
2587 4170 2654 4211 ac
2689 4147 3113 4230 pronuntiatio

492 4258 919 4319 Cardinalium
967 4258 1329 4319 huiusmodi
1377 4275 1589 4321 contra
1625 4276 2009 4342 praesentem
2047 4258 2549 4339 prohibitionem,
2581 4272 2687 4318 aut
2717 4257 3113 4318 interdictum

492 4365 663 4443 facta,
712 4379 771 4426 et
816 4379 1124 4443 attentata,
1174 4366 1365 4443 nulla,
1415 4366 1594 4437 irrita,
1634 4383 1690 4428 et
1723 4367 1920 4429 inanis
1953 4367 2027 4430 sit
2061 4388 2135 4428 eo
2168 4367 2324 4448 ips0,
2360 4386 2427 4426 ac
2462 4385 2604 4425 cum
2639 4364 2933 4426 omnibus
2968 4364 3109 4424 inde

490 4474 717 4535 secutis
751 4474 983 4535 nullius
1015 4474 1091 4534 sit
1121 4475 1363 4535 roboris
1397 4475 1492 4535 vel
1527 4475 1846 4537 momenti.

705 4590 734 4651 S
782 4603 876 4661 ¹9·
927 4582 1248 4643 Postremo
1296 4583 1675 4643 attendentes
1723 4584 2043 4664 proprium
2092 4603 2222 4642 esse
2271 4582 2641 4643 eorumdem
2688 4581 3113 4643 Cardinalium

490 4709 725 4751 munus
756 4690 1054 4769 assistere,
1089 4704 1158 4751 ut
1190 4689 1608 4770 praemittitur,
1641 4690 1869 4751 Christi
1901 4691 1966 4751 in
1986 4690 2197 4751 Terris
2230 4689 2494 4766 Vicari0,
2531 4689 2711 4769 eique
2748 4689 2811 4749 in
2847 4691 3110 4765 regenda

491 4797 761 4858 Ecclesia
793 4797 1112 4859 Catholica
1164 4797 1495 4858 consilium
1548 4813 1605 4858 et
1655 4817 1908 4878 operam
1957 4797 2201 4858 assidue
2250 4811 2572 4878 praestare,
2620 4810 2804 4875 atque
2854 4814 2997 4856 cum
3031 4816 3106 4856 eo

488 4903 794 4965 Ecclesiae
841 4904 1302 4966 necessitatibus
1349 4903 1691 4983 providere,
1743 4903 2036 4985 ipsosque
2083 4920 2219 4965 tum
2253 4904 2328 4964 ad
2363 4903 2421 4963 id
2458 4923 2530 4961 ex
2564 4901 2754 4982 ipsius
2787 4900 2972 4962 officii
3005 4902 3110 4963 de-

488 5011 639 5089 bito,
674 5026 810 5071 tum
841 5031 916 5073 ex
950 5028 1307 5074 sanctorum
1343 5012 1589 5073 Patrum
1626 5011 1883 5071 decretis
1913 5012 2125 5087 teneri,
2158 5031 2226 5071 ac
2259 5027 2577 5090 propterea
2612 5008 2948 5069 absurdum
2982 5029 3110 5070 esse
