3684 5416
671 357 775 428 278
1310 357 1575 410 Potestas
1616 354 1998 410 ecclesiaztica
2039 368 2094 410 et
2131 355 2434 428 imperium
2474 355 2649 410 civile.

881 544 1010 601 Art.
1043 537 1452 619 x111.[518.}
1517 540 1622 601 De
1659 540 2061 602 molestiis
2096 561 2253 602 non
2288 541 2739 602 inferendis
2771 540 3276 622 emptoribus

668 650 1063 709 bonorum
1112 647 1880 709 ecclesiasticorum.
1946 646 2240 709 Sanctitas
2273 648 2396 709 Sua
2432 656 2545 730 pro
2578 648 2741 729 pacis
2773 651 2958 720 bono,
2994 646 3273 726 felicique

664 754 976 833 religionis
1021 754 1419 831 restitutione,
1468 754 1730 815 declarat
1778 772 1904 831 eOS,
1954 755 2061 834 qui
2115 757 2279 816 bona
2314 754 2614 815 Ecclesiae
2656 753 2909 814 alienata
2941 753 3276 832 acquisive-

665 877 830 938 runt,
878 861 1222 922 molestiam
1271 860 1508 921 nullam
1555 861 1873 922 habituros
1921 880 2125 942 neque
2174 884 2205 922 a
2253 881 2337 935 se,
2375 878 2577 942 neque
2609 881 2641 921 a
2678 861 2977 922 Romania
3013 860 3260 922 Pontifi-

588 994 608 1037 5
665 969 838 1030 cibus
885 969 1342 1029 successoribus
1387 968 1531 1043 suis,
1580 987 1649 1028 ac
1702 984 2158 1048 consequenter
2194 968 2535 1050 proprietas
2568 967 2911 1029 eorundem
2946 970 3280 1044 bonorum,

567 1528 612 1559 10

567 2065 608 2108 ι5

561 2601 613 2632 20

561 3134 608 3177 25

559 3722 610 3761 πο

560 4612 612 4651 43

665 1076 938 1137 redditus
972 1092 1029 1137 et
1054 1075 1182 1149 juta
1216 1074 1287 1135 iis
1320 1074 1694 1136 inhaerentia
1727 1075 2136 1136 immutabilia
2171 1095 2361 1156 penes
2397 1076 2564 1156 ipsos
2597 1091 2793 1150 erunt,
2827 1090 3011 1155 atque
3034 1076 3108 1135 ab
3133 1068 3279 1154 ipsis

666 1192 913 1244 causam
947 1183 1261 1247 habentes·

883 1296 1007 1350 Art.
1042 1289 1200 1349 XIV.
1253 1287 1302 1368 [S
1348 1288 1458 1368 19.]
1529 1288 1633 1349 De
1679 1291 2338 1351 substentatione
2386 1291 2995 1371 episcoporum,
3055 1303 3112 1348 et
3159 1308 3279 1369 pa-

666 1397 856 1458 roch
876 1416 1019 1458 oru
1039 1415 1119 1458 m.
1182 1394 1571 1457 Gubernium
1609 1395 1961 1458 Gallicanae
1996 1398 2391 1479 Reipublicae
2440 1399 2504 1458 in
2537 1417 2601 1458 se
2633 1396 2843 1478 recipit
2874 1410 3008 1457 tum
3042 1395 3279 1477 episco-

666 1510 914 1584 porum,
948 1517 1083 1563 tum
1118 1503 1553 1584 parochorum,
1590 1516 1865 1585 quorum
1899 1505 2215 1566 dioeceses
2246 1519 2431 1585 atque
2464 1505 2786 1585 parochias
2820 1521 2981 1563 nova
3014 1502 3277 1563 circurn-

665 1610 915 1690 scriptio
949 1610 1407 1691 complectetur,
1438 1611 1965 1687 sustentationem,
1998 1631 2160 1692 quae
2195 1610 2500 1692 cujusque
2532 1626 2758 1672 statum
2793 1611 3018 1670 deceat.

883 1722 1013 1778 Art.
1067 1717 1201 1782 XV.
1263 1716 1312 1797 [s
1365 1717 1483 1798 20.]
1581 1719 1685 1780 De
1738 1718 1976 1779 novis
2030 1712 2662 1780 fundationibus
2727 1717 3279 1778 ecclesiarum.

667 1824 835 1884 Idem
881 1826 1253 1903 gubernium
1288 1826 1543 1903 curabit,
1594 1843 1660 1888 ut
1693 1826 2014 1887 catholicis
2047 1827 2111 1887 in
2144 1825 2339 1887 Gallia
2373 1826 2638 1886 liberum
2670 1826 2766 1899 sit,
2801 1824 2849 1884 si
2882 1825 3145 1901 libuerit,
3181 1844 3282 1884 ec-

666 1930 863 1991 clesiis
896 1933 1216 1992 consulere
1250 1933 1427 1992 novis
1461 1932 1948 1995 fundationibus,

885 2044 1010 2099 Art.
1051 2038 1206 2100 XVI.
1253 2036 1302 2118 [S
1341 2038 1459 2118 21.]
1525 2040 1631 2100 De
1678 2040 2146 2121 privilegiis
2180 2039 2559 2101 fruendis
2588 2060 2619 2099 a
2656 2039 2910 2120 primo
2945 2038 3284 2099 consule

667 2147 871 2226 apud
923 2160 1279 2205 sanctam
1330 2146 1528 2207 Sede
1554 2165 1634 2207 m.
1712 2147 2020 2207 Sanctitas
2067 2145 2189 2207 Sua
2237 2146 2622 2226 recognoscit
2667 2146 2729 2205 in
2777 2146 2979 2226 primo
3026 2145 3282 2205 consule

668 2252 1018 2314 Gallicanae
1051 2254 1419 2335 reipublicae
1453 2255 1665 2316 eadem
1705 2254 1834 2327 jura
1868 2275 1936 2316 ac
1971 2254 2281 2335 privilegia
2316 2253 2543 2334 quibus
2574 2254 2741 2333 apud
2764 2266 3034 2313 sanctam
3054 2250 3280 2311 Sedent

672 2360 987 2422 fruebatur
1018 2361 1344 2441 antiquum
1379 2361 1670 2440 regimen.

881 2474 1012 2528 Art.
1049 2464 1489 2547 XV11.[s22.]
1572 2469 1676 2530 De
1739 2487 1940 2530 nova
1990 2469 2536 2529 conventione
2581 2468 2936 2528 ineunda
2972 2465 3044 2526 in
3093 2485 3280 2525 casu

668 2575 880 2654 quod
927 2590 1354 2636 successor
1401 2575 1633 2656 primi
1682 2576 2054 2637 consulis
2103 2575 2586 2655 religionem
2633 2572 3116 2635 catholicam
3151 2572 3280 2631 mi-

669 2680 875 2772 nime
923 2680 1430 2762 profiteatur.
1499 2682 1803 2764 Utrinque
1838 2694 2218 2745 conventum
2251 2692 2358 2760 est,
2395 2682 2590 2763 quod,
2622 2682 2683 2742 in
2718 2698 2860 2742 casu
2895 2698 3026 2761 quo
3059 2678 3282 2759 aliquis

668 2808 737 2849 ex
784 2789 1240 2850 successoribus
1286 2790 1568 2851 hodierni
1618 2791 1796 2873 primi
1831 2792 2103 2852 consulis
2137 2790 2501 2852 catholicam
2538 2788 2896 2868 religionem
2930 2805 3056 2848 non
3092 2785 3282 2867 profi-

667 2911 893 2956 teretur
924 2915 1109 2976 super
1143 2895 1378 2974 juribus
1409 2918 1478 2958 ac
1515 2898 1844 2977 privilegiis
1879 2899 1939 2959 in
1972 2899 2277 2979 superiori
2312 2896 2567 2958 articulo
2600 2892 3121 2964 commemoratiS,
3167 2912 3283 2952 nec

666 3021 795 3062 non
828 3022 1013 3082 super
1046 3004 1468 3064 nominatione
1502 3005 1577 3064 ad
1611 3004 2225 3086 archiepiscopatum,
2262 3021 2321 3066 et
2352 3004 2742 3084 episcopatus
2776 3016 3051 3081 respectu
3088 2999 3284 3080 ipsius

670 3128 827 3169 nova
862 3110 1197 3172 conventio
1233 3109 1349 3171 fiet.

668 3332 847 3388 tation
875 3334 945 3388 de
975 3334 1316 3404 traitement,
1344 3335 1389 3390 si
1416 3335 1495 3391 les
1524 3335 1950 3391 circonstances
1978 3335 2013 3389 l'
2032 3335 2276 3406 exigent.
2321 3366 2383 3373 -—
2426 3335 2509 3391 68.
2555 3336 2665 3390 Les
2693 3334 2931 3390 vicaires
2961 3348 3015 3389 et
3044 3335 3275 3388 desser-

666 3436 828 3478 vants
855 3437 1051 3479 seront
1078 3424 1287 3479 choisis
1315 3426 1496 3497 parmi
1521 3427 1600 3481 les
1630 3425 2096 3497 eccle'siastiques
2125 3425 2474 3496 pensionnes
2503 3442 2572 3478 en
2602 3424 2905 3479 execution
2934 3424 3031 3479 des
3061 3423 3163 3479 lois
3192 3424 3265 3476 de

665 3514 696 3567 l'
715 3514 1048 3568 Assemble'e
1077 3515 1481 3570 constituante.
1528 3516 1608 3569 Le
1638 3529 1908 3570 montant
1936 3516 2004 3569 de
2038 3532 2132 3570 ces
2162 3514 2435 3585 pensions
2464 3527 2519 3569 et
2546 3515 2595 3569 le
2622 3515 2856 3586 produit
2883 3516 2956 3570 de
2981 3531 3075 3568 ces
3104 3514 3274 3568 obla-

667 3604 817 3659 tions
847 3603 1169 3660 formeront
1199 3606 1323 3660 leur
1349 3605 1690 3660 traitement.
1739 3638 1786 3646 —
1836 3607 1921 3677 69.
1963 3606 2072 3659 Les
2102 3603 2350 3675 eveques
2379 3602 2709 3674 rediget-ont
2736 3603 2815 3659 les
2846 3603 3058 3675 projets
3090 3604 3161 3658 de
3189 3602 3281 3657 re-

666 3693 947 3764 glements
974 3694 1184 3749 relatifs
1212 3713 1322 3749 aux
1350 3696 1637 3750 oblations
1666 3713 1777 3767 que
1804 3696 1885 3750 les
1914 3695 2198 3750 ministres
2228 3695 2303 3748 du
2332 3694 2481 3749 culte
2508 3708 2642 3750 sont
2664 3693 2944 3750 autorise‘s
2968 3693 3000 3748 a
3022 3694 3282 3748 recevoir

666 3801 816 3854 pour
854 3784 887 3838 l'
906 3784 1353 3840 administration
1397 3787 1494 3840 des
1537 3800 1905 3841 sacraments.
1964 3788 2071 3841 Les
2100 3783 2315 3857 projets
2344 3785 2414 3839 de
2443 3784 2787 3856 reglernents
2817 3783 3039 3855 rediges
3071 3802 3173 3855 par
3198 3785 3277 3837 les

667 3872 913 3945 &veques
956 3892 1027 3929 ne
1070 3889 1353 3945 pourront
1395 3876 1513 3930 erre
1543 3875 1783 3947 publie's,
1811 3877 1868 3931 ni
1896 3887 2224 3931 autrement
2252 3875 2355 3930 mis
2384 3874 2415 3929 a
2444 3875 2770 3936 execution,
2811 3878 2906 3946 qu*
2925 3873 3090 3945 apres
3118 3875 3278 3929 avoir

666 3962 758 4018 e'te‘
796 3965 1117 4035 approuve's
1159 3983 1262 4036 par
1301 3966 1351 4020 le
1379 3980 1859 4035 gouvernement.
1907 3999 1964 4006 —
2009 3985 2092 4039 70.
2136 3967 2295 4021 Tout
2323 3963 2749 4036 eccle'siastique
2779 3964 3178 4035 pensionnaire
3207 3966 3279 4019 de

664 4047 842 4108 l'Etat
883 4072 1004 4108 sera
1048 4054 1207 4125 prive'
1246 4057 1316 4110 de
1344 4074 1404 4109 sa
1447 4056 1691 4126 pensiori
1732 4056 1827 4110 s'il
1866 4056 2072 4111 refuse.
2101 4074 2233 4110 sans
2262 4073 2432 4110 cause
2459 4053 2726 4124 legitime,
2754 4054 2834 4108 les
2866 4054 3156 4109 fonctions
3186 4055 3281 4127 qui

666 4157 951 4214 pourront
990 4144 1062 4198 lui
1107 4146 1224 4199 etre
1266 4144 1538 4202 conficies,
1579 4176 1646 4185 -—
1686 4162 1771 4214 71.
1818 4146 1926 4199 Les
1970 4144 2214 4200 conseils
2244 4143 2533 4215 ge'ne‘raux
2562 4145 2661 4198 des
2692 4144 3116 4216 departements
3146 4157 3280 4200 sont

666 4232 947 4288 autorises
989 4233 1019 4287 a
1060 4252 1335 4305 procurer
1375 4253 1482 4288 aux
1525 4233 1913 4306 archeveques
1957 4248 2011 4288 et
2054 4233 2304 4306 e'veques
2348 4243 2422 4288 u‘n
2466 4234 2760 4304 logement
2800 4235 3172 4289 convenable.
3214 4266 3277 4276 -—

664 4341 750 4395 72.
793 4324 902 4377 Les
943 4323 1306 4395 presbyteres
1348 4338 1404 4379 et
1430 4325 1508 4379 les
1536 4323 1745 4395 jardins
1778 4336 2087 4386 anemium,
2118 4341 2233 4378 non
2264 4322 2492 4386 aliene‘s,
2522 4337 2717 4379 seront
2745 4325 2953 4379 rendus
2981 4343 3089 4379 aux
3119 4324 3279 4380 cures

667 4427 722 4468 et
763 4431 871 4467 aux
914 4415 1270 4468 desservants
1316 4416 1385 4469 de
1427 4414 1795 4469 succursales.
1850 4419 1897 4468 Α
1942 4413 2139 4469 de'faut
2169 4415 2240 4468 de
2269 4431 2361 4468 ces
2393 4413 2770 4486 presbyteres,
2798 4414 2877 4468 les
2907 4415 3151 4470 conseils
3179 4414 3276 4486 ge—

666 4505 881 4560 neraux
923 4506 1021 4559 des
1064 4522 1402 4560 communes
1445 4518 1577 4561 sont
1618 4505 1902 4560 autorise's
1946 4503 1976 4559 ἰι
2019 4505 2140 4559 leur
2166 4521 2441 4576 procurer
2469 4522 2546 4558 un
2574 4504 2868 4574 logement
2896 4517 2951 4558 ct
2979 4522 3055 4558 un
3084 4503 3277 4574 jardin.

669 4629 726 4636 r-
749 4614 834 4668 73.
877 4596 984 4649 Les
1015 4594 1344 4650 fondations
1379 4595 1473 4666 qui
1503 4609 1606 4652 ont
1634 4613 1784 4666 pour
1810 4594 1967 4667 objet
1995 4594 2321 4650 l'entretien
2350 4595 2448 4648 des
2479 4593 2762 4648 ministres
2792 4607 2846 4648 et
2876 4594 3175 4648 l'exercice
3204 4595 3276 4648 du

668 4684 834 4743 culte,
877 4701 947 4738 ne
975 4696 1259 4755 pourront
1286 4684 1563 4739 consistet·
1591 4688 1770 4756 qu'en
1798 4696 1992 4738 rentes
2021 4681 2377 4738 constitue'es
2410 4701 2507 4736 sur
2532 4682 2565 4735 Γ
2586 4676 2740 4737 Etat:
2783 4684 2916 4738 elles
2960 4696 3156 4738 seront
3182 4701 3275 4737 ac-

666 4772 894 4846 ceptees
936 4791 1039 4844 par
1075 4774 1108 4828 Γ
1127 4773 1345 4846 ένὲεμιρ
1374 4773 1664 4829 dioce'sain
1693 4786 1748 4829 et
1777 4792 1848 4828 ne
1877 4788 2168 4844 pourront
2198 4774 2317 4828 &tre
2345 4770 2646 4826 execute'es
2675 4777 2924 4843 qu'avee
2952 4772 3275 4826 l'autorisa-

667 4863 788 4918 tion
818 4863 894 4916 du
923 4876 1392 4932 gouvernement.
1437 4892 1499 4899 —
1538 4880 1625 4934 74.
1657 4863 1764 4916 Les
1792 4861 2135 4917 immeubles
2166 4873 2356 4916 autres
2386 4878 2498 4930 que
2527 4859 2605 4913 les
2636 4858 2865 4915 edifices
2894 4859 3143 4914 destine's
3172 4877 3278 4912 aux

666 4955 990 5024 logements
1034 4964 1088 5006 et
1131 4952 1208 5006 les
1249 4951 1455 5024 jardins
1499 4964 1774 5015 attenant,
1820 4968 1889 5005 ne
1919 4963 2206 5021 pourront
2236 4950 2353 5003 etse
2382 4946 2614 5002 affectes
2645 4947 2675 5003 a
2704 4950 2801 5004 des
2833 4950 2986 5004 titi-es
3013 4946 3277 5002 ecclesia-
