3684 5416
507 1498 553 1528 to

505 2032 546 2075 ¹5

499 2573 549 2603 20

497 3106 545 3148 25

498 3641 548 3680 ’ζο

497 4174 544 4216 35

496 4710 548 4748 40

616 329 716 391 206
1251 328 1512 383 Potestas
1553 328 1933 383 ecclesiastica
1973 340 2029 384 et
2066 328 2370 399 imperium
2410 327 2585 383 civile.

826 518 954 571 Art.
990 508 1149 572 XXI.
1184 510 1252 570 In
1286 512 1522 572 cunctis
1555 511 1798 591 Imperii
1832 511 2104 592 partibus
2127 510 2640 591 ArchiepiscopiS,
2663 511 2984 593 Episcopis
3004 528 3061 573 et
3083 513 3224 574 viris

616 617 1026 678 ecclesiasticis
1073 618 1367 678 omnibus
1412 617 1677 679 liberum
1724 618 1851 693 erit,
1897 618 1973 678 de
2022 618 2135 693 his,
2172 636 2342 701 *quae
2390 617 2604 679 mortis
2651 632 2928 699 tempore
2961 619 3222 680 relicturi

610 725 746 799 sint,
780 725 1105 805 disponere
1141 723 1302 800 juxta
1335 743 1540 785 sacros
1573 725 1880 802 Canones‚
1914 743 2185 805 quorum
2210 724 2718 805 praescriptiones
2753 738 2811 785 et
2842 746 2875 785 a
2907 725 3224 807 legittimis

609 850 829 892 eorum
882 831 1247 892 haeredibus
1297 833 1371 891 ab
1424 831 1704 892 intestato
1754 832 2126 892 successuris
2180 830 2500 910 diligenter
2550 833 2969 893 observandae
3024 849 3218 893 erunt.

610 939 893 1019 Utroque
943 954 1147 999 tamen
1198 938 1261 998 in
1312 957 1457 998 casu
1503 938 1881 1019 excipientur
1915 938 2273 999 Antistitum
2320 939 2828 999 dioecesanorum
2861 955 3221 1000 ornamenta

609 1062 666 1106 et
713 1059 907 1105 vestes
955 1044 1354 1126 pontificales,
1404 1065 1563 1126 quae
1612 1045 1822 1107 omnia
1869 1045 2057 1106 veluti
2107 1064 2355 1106 mensae
2400 1045 2732 1126 episcopali
2765 1045 3009 1127 propria
3044 1063 3222 1106 erunt

608 1153 891 1214 habenda
938 1167 996 1212 et
1043 1152 1184 1213 ideo
1229 1152 1306 1212 ad
1340 1152 1738 1213 Successores
1770 1152 2089 1213 Antistites
2138 1152 2503 1213 transibunt.
2568 1153 2707 1212 Hoc
2738 1152 2903 1213 idem
2936 1154 3219 1212 observa-

607 1259 770 1320 bitur
801 1261 1009 1339 quoad
1043 1258 1250 1335 libroS‚
1285 1260 1389 1319 ubi
1424 1278 1542 1319 usu
1577 1274 1893 1340 receptum
1925 1274 2033 1319 est.

823 1372 952 1427 Art.
989 1366 1170 1428 XXII.
1233 1366 1300 1426 ln
1334 1366 1628 1426 omnibus
1661 1366 2291 1447 Metropolitanisseu
2327 1365 2970 1446 Archiepiscopalibus
3001 1367 3217 1426 suffra-

606 1473 941 1554 ganeisque
977 1472 1260 1534 Ecclesiis
1294 1473 1591 1534 Sanctitas
1624 1473 1748 1534 Sua
1797 1473 2059 1553 primam
2107 1472 2470 1553 dignitatem
2517 1472 2811 1551 conferet,
2861 1473 2975 1533 nisi
3017 1489 3216 1554 patro-

610 1595 789 1641 natus
822 1579 1046 1641 laicalis
1081 1579 1292 1661 privati
1325 1581 1417 1655 sit,
1458 1599 1586 1660 quo
1619 1600 1762 1640 casu
1799 1582 2070 1641 secunda
2103 1579 2523 1653 substituetur.
2587 1580 2684 1640 Ad
2720 1594 2983 1640 caeteras
3016 1580 3217 1658 digni-

610 1703 756 1748 tates
790 1702 847 1747 et
880 1688 1260 1768 praebendas
1292 1686 1677 1748 canonicales
1702 1685 1987 1761 Maiestas
2010 1686 2132 1748 Sua
2166 1686 2486 1747 nominare
2521 1702 2749 1766 perget,
2785 1687 3047 1767 exceptis
3080 1706 3216 1767 per-

609 1793 1003 1854 manentibus
1036 1793 1123 1868 iis,
1155 1812 1314 1873 quae
1347 1793 1570 1853 liberae
1604 1792 1946 1853 collationis
1979 1790 2342 1873 episcopalis
2376 1806 2536 1869 sunt,
2585 1791 2677 1851 vel
2713 1791 2826 1867 juri
2861 1808 3218 1874 patronatus

608 1900 877 1980 legitime
923 1901 1233 1981 adquisito
1280 1898 1614 1977 subjacent.
1678 1900 1743 1961 ln
1778 1899 2226 1980 praedictarum
2260 1898 2672 1959 Ecclesiarum
2704 1900 3059 1961 Canonicos
3092 1920 3218 1961 non

607 2024 1018 2079 assumentur,
1066 2003 1181 2068 nisi
1228 2008 1590 2084 sacerdotes,
1639 2006 1746 2087 qui
1795 2022 1853 2067 et
1886 2007 2062 2067 dotes
2096 2006 2360 2067 habeant
2392 2026 2423 2065 a
2460 2005 2829 2066 Canonibus
2859 2007 3220 2085 generaliter

608 2115 1002 2195 praescriptas
1052 2129 1110 2175 et
1155 2113 1218 2173 in
1267 2133 1411 2173 cura
1444 2113 1792 2174 animarum
1825 2128 1931 2173 aut
1961 2112 2026 2173 in
2060 2112 2324 2194 negotiis
2356 2112 2768 2173 ecclesiasticis
2800 2133 2908 2173 seu
2944 2114 3006 2173 in
3040 2113 3217 2174 disci-

607 2223 790 2303 plinis
835 2222 1017 2282 sacris
1064 2221 1376 2281 tradendis
1424 2239 1566 2281 cum
1614 2219 1795 2280 laude
1844 2220 2057 2280 versati
2093 2220 2332 2280 fuerint.
2395 2218 2644 2279 Sublata
2678 2219 2932 2300 insuper
2963 2219 3075 2280 erit
3108 2241 3215 2281 na-

605 2330 819 2390 talium
854 2327 1157 2390 nobilium
1191 2328 1315 2387 sive
1350 2326 1678 2388 nobilitatis
1710 2326 2035 2387 titulorum
2068 2326 2412 2405 necessitaS‚
2451 2325 2634 2386 salvis
2667 2341 2874 2387 tamen
2905 2327 3210 2387 conditio-

607 2438 807 2509 nibuS‚
840 2436 1012 2516 quasi
1045 2436 1108 2495 in
1142 2434 1500 2495 fundatione
1533 2433 1794 2511 adjectas
1829 2453 1958 2494 esse
1981 2447 2231 2495 constet.
2266 2432 2617 2493 Laudabilis
2637 2453 2783 2494 vero
2805 2434 3212 2509 consuetud0‚

604 2543 1026 2605 Canonicatus
1060 2542 1311 2623 publico
1345 2542 1579 2602 indicto
1613 2558 1922 2602 concursu
1957 2539 2334 2613 conferendi,
2371 2539 2476 2599 ubi
2509 2540 2688 2617 viget,
2724 2540 3048 2620 diligenter
3067 2559 3211 2602 con-

605 2650 957 2712 servabitur.

816 2765 943 2818 Art.
977 2757 1182 2819 XXIII.
1247 2758 1314 2818 In
1351 2756 1632 2817 Ecclesiis
1665 2754 2154 2835 Metropolitanis
2205 2770 2263 2813 et
2308 2753 2793 2834 Episcopalibus,
2847 2754 2950 2814 ubi
2996 2755 3212 2832 desint,

604 2881 736 2927 tum
773 2864 1128 2926 Canonicus
1161 2862 1670 2924 poenitentiarius
1716 2876 1848 2922 tum
1884 2861 2306 2940 Theologalis‚
2341 2861 2401 2921 in
2436 2861 2792 2940 Collegiatis
2824 2879 2969 2921 vero
3002 2861 3213 2922 Theo-

604 2972 820 3050 logalis
865 2970 1220 3031 Canonicus
1270 2970 1431 3046 juxta
1480 2971 1744 3030 modum
1775 2991 1807 3029 a
1841 2985 2015 3028 sacro
2047 2968 2415 3028 Tridentino
2448 2968 2736 3029 Concilio
2773 2969 3217 3049 praescriptum

606 3081 769 3154 (sess,
805 3079 877 3139 V.
912 3097 961 3137 c.
1007 3098 1052 3139 ι.
1087 3092 1143 3137 et
1176 3097 1320 3138 sess
1354 3076 1568 3139 XXIV.
1603 3095 1650 3134 c.
1676 3077 1731 3137 8.
1754 3075 1831 3136 de
1865 3074 2151 3150 reform),
2188 3089 2253 3134 ut
2287 3075 2560 3155 primum
2593 3075 2720 3135 fieri
2745 3076 3029 3156 potuerit,
3065 3094 3215 3135 con-

603 3185 950 3261 stituentur,
988 3184 1303 3264 Episcopis
1339 3182 1636 3265 praefatas
1669 3182 2049 3262 praebendas
2081 3183 2426 3242 secundum
2461 3181 2739 3258 ejusdem
2776 3181 3039 3244 Concilii
3073 3202 3210 3243 san-

601 3292 834 3353 ctiones
867 3305 925 3351 et
959 3290 1277 3351 Pontificia
1310 3290 1639 3370 respective
1674 3290 1913 3350 decreta
1947 3288 2429 3349 conferentibus.

816 3405 945 3458 Art.
983 3396 1197 3456 XXIV.
1236 3395 1546 3456 Parochiis
1578 3394 1876 3456 omnibus
1912 3394 2331 3475 providebitur
2366 3394 2614 3475 publico
2646 3394 2877 3455 indicto
2912 3414 3212 3456 concursu

604 3523 660 3567 et
694 3506 941 3567 servatis
974 3503 1237 3567 Concilii
1270 3504 1622 3566 Tridentini
1673 3503 2269 3584 praescriptionibus.
2337 3504 2457 3565 Pro
2494 3503 2799 3584 parochiis
2832 3503 3216 3564 ecclesiastici

604 3629 957 3696 patronatus
1011 3614 1488 3694 praesentabunt
1541 3611 1785 3693 patroni
1835 3630 2035 3671 unum
2086 3631 2157 3671 ex
2205 3611 2416 3685 tribuS‚
2448 3630 2610 3691 quos
2644 3612 2985 3692 Episcopus
3018 3632 3214 3672 enun-

603 3722 739 3782 tiata
775 3720 1059 3801 superius
1093 3720 1288 3779 forma
1326 3718 1736 3799 proposuerit.

819 3833 945 3888 Art.
994 3826 1185 3887 XXV.
1263 3826 1562 3886 Sanctitas
1615 3823 1758 3899 Sua,
1813 3840 1880 3884 ut
1930 3825 2252 3902 singularis
2295 3824 2757 3885 benevolentiae
2789 3825 3211 3885 testimonium

605 3935 991 4017 Apostolicae
1017 3933 1320 3994 Francisci
1341 3932 1589 4014 Josephi
1625 3932 2011 4012 Imperatoris
2044 3947 2101 3992 et
2124 3931 2308 4010 Regis
2329 3929 2624 4007 Maiestati
2659 3932 2961 4011 praebeat,
2997 3931 3212 3992 Eidem

603 4060 784 4122 atque
832 4040 1144 4101 catholicis
1177 4037 1327 4117 Ejus
1375 4040 1437 4099 in
1487 4037 1749 4118 Imperio
1795 4037 2267 4098 Successoribus
2314 4038 2625 4098 indultum
2668 4038 2963 4114 concedit,
3013 4037 3216 4098 nomi-

604 4148 791 4208 nandi
839 4148 913 4207 ad
960 4165 1179 4207 omnes
1212 4145 1633 4208 Canonicatus
1679 4159 1737 4205 et
1772 4145 2118 4225 ParochiaS‚
2168 4165 2326 4225 quae
2368 4144 2483 4221 juri
2520 4162 2876 4225 patronatus
2908 4165 2981 4205 ex
3015 4145 3212 4206 fundo

605 4253 947 4334 Religionis
993 4273 1099 4314 seu
1136 4252 1500 4314 Studiorum
1535 4251 1828 4313 derivanti
1861 4255 2145 4329 subsunt,
2194 4252 2270 4312 ita
2303 4269 2527 4330 tamen,
2562 4269 2631 4313 ut
2663 4252 2873 4332 seligat
2908 4271 3108 4320 unum
3142 4272 3213 4311 ex

602 4362 812 4434 tribus,
849 4379 1008 4440 quos
1043 4360 1291 4441 publico
1325 4377 1635 4421 concursu
1671 4358 1880 4420 habito
1904 4359 2245 4440 Episcopus
2267 4361 2479 4420 ceteris
2501 4360 2816 4440 digniores
2838 4357 3209 4434 judicaverit.

816 4475 944 4528 Art.
977 4466 1194 4528 XXVI.
1264 4465 1590 4538 parochiis,
1643 4485 1804 4544 quae
1856 4484 2195 4543 congruam
2253 4485 2365 4546 pro
2417 4482 2767 4547 temporum
2823 4481 2879 4526 et
2928 4465 3211 4526 locorum

603 4575 834 4636 ratione
869 4574 1281 4635 sufficientem
1312 4594 1441 4636 non
1476 4575 1760 4650 habeant,
1793 4573 1928 4650 dos,
1962 4590 2150 4652 quam
2185 4572 2455 4652 primum
2481 4574 2610 4633 fieri
2631 4573 2871 4654 poterit,
2895 4574 3214 4652 augebitur

603 4701 660 4745 et
694 4682 979 4763 parochis
1012 4682 1322 4743 catholicis
1356 4681 1510 4742 ritus
1544 4680 1861 4742 orientalis
1894 4680 2114 4740 eodem
2152 4699 2221 4740 ac
2253 4680 2420 4740 latini
2455 4680 2646 4741 modo
2680 4680 3056 4741 consuletur.
3092 4681 3213 4741 Ce-

601 4808 801 4851 terum
852 4788 1157 4869 praedicta
1207 4809 1335 4850 non
1382 4789 1716 4869 respiciunt
1751 4786 2048 4848 Ecclesias
2096 4786 2472 4867 parochiales
2521 4787 2668 4862 juris
2702 4803 3057 4868 patronatus
3088 4786 3214 4847 sive

604 4896 985 4958 ecclesiastici
1017 4897 1142 4956 sive
1162 4896 1406 4972 laicaliS‚
1439 4896 1735 4956 canonice
1758 4894 2067 4973 adquisiti‚
2104 4914 2372 4974 quarum
2392 4914 2554 4955 onus
2575 4894 2921 4975 respectivis
2944 4893 3215 4974 patronis
