<?xml version="1.0" encoding="UTF-8"?>
<!DOCTYPE html PUBLIC "-//W3C//DTD XHTML 1.0 Transitional//EN"
    "http://www.w3.org/TR/xhtml1/DTD/xhtml1-transitional.dtd">
<html xmlns="http://www.w3.org/1999/xhtml" xml:lang="en" lang="en">
 <head>
  <title>
</title>
<meta http-equiv="Content-Type" content="text/html;charset=utf-8" />
  <meta name='ocr-system' content='tesseract 3.04.00' />
  <meta name='ocr-capabilities' content='ocr_page ocr_carea ocr_par ocr_line ocrx_word'/>
</head>
<body>
  <div class='ocr_page' id='page_1' title='image "./fontesiuriscano00unkngoog/fontesiuriscano00unkngoog_0499.png"; bbox 0 0 3684 5416; ppageno 0'>
   <div class='ocr_carea' id='block_1_1' title="bbox 359 1535 407 1565">
    <p class='ocr_par' dir='ltr' id='par_1_1' title="bbox 359 1535 407 1565">
     <span class='ocr_line' id='line_1_1' title="bbox 359 1535 407 1565; baseline 0 0"><span class='ocrx_word' id='word_1_1' title='bbox 359 1535 407 1565; x_wconf 79' lang='lat' dir='ltr'>to</span> 
     </span>
    </p>
   </div>
   <div class='ocr_carea' id='block_1_2' title="bbox 359 2209 402 2253">
    <p class='ocr_par' dir='ltr' id='par_1_2' title="bbox 359 2209 402 2253">
     <span class='ocr_line' id='line_1_2' title="bbox 359 2209 402 2253; baseline 0 0"><span class='ocrx_word' id='word_1_2' title='bbox 359 2209 402 2253; x_wconf 78' lang='lat'>¹5</span> 
     </span>
    </p>
   </div>
   <div class='ocr_carea' id='block_1_3' title="bbox 357 2720 407 2752">
    <p class='ocr_par' dir='ltr' id='par_1_3' title="bbox 357 2720 407 2752">
     <span class='ocr_line' id='line_1_3' title="bbox 357 2720 407 2752; baseline 0 0"><span class='ocrx_word' id='word_1_3' title='bbox 357 2720 407 2752; x_wconf 74' lang='lat'>²0</span> 
     </span>
    </p>
   </div>
   <div class='ocr_carea' id='block_1_4' title="bbox 359 3362 407 3405">
    <p class='ocr_par' dir='ltr' id='par_1_4' title="bbox 359 3362 407 3405">
     <span class='ocr_line' id='line_1_4' title="bbox 359 3362 407 3405; baseline 0 0"><span class='ocrx_word' id='word_1_4' title='bbox 359 3362 407 3405; x_wconf 78' lang='lat'>25</span> 
     </span>
    </p>
   </div>
   <div class='ocr_carea' id='block_1_5' title="bbox 359 3898 413 3943">
    <p class='ocr_par' dir='ltr' id='par_1_5' title="bbox 359 3898 413 3943">
     <span class='ocr_line' id='line_1_5' title="bbox 359 3898 413 3943; baseline 0 -14"><span class='ocrx_word' id='word_1_5' title='bbox 359 3898 413 3943; x_wconf 74' lang='lat'>30</span> 
     </span>
    </p>
   </div>
   <div class='ocr_carea' id='block_1_6' title="bbox 363 4431 413 4476">
    <p class='ocr_par' dir='ltr' id='par_1_6' title="bbox 363 4431 413 4476">
     <span class='ocr_line' id='line_1_6' title="bbox 363 4431 413 4476; baseline -0.02 0"><span class='ocrx_word' id='word_1_6' title='bbox 363 4431 413 4476; x_wconf 80' lang='lat'>35</span> 
     </span>
    </p>
   </div>
   <div class='ocr_carea' id='block_1_7' title="bbox 360 4965 417 5006">
    <p class='ocr_par' dir='ltr' id='par_1_7' title="bbox 360 4965 417 5006">
     <span class='ocr_line' id='line_1_7' title="bbox 360 4965 417 5006; baseline 0 -9"><span class='ocrx_word' id='word_1_7' title='bbox 360 4965 417 5006; x_wconf 81' lang='lat'>40</span> 
     </span>
    </p>
   </div>
   <div class='ocr_carea' id='block_1_8' title="bbox 1586 365 3074 444">
    <p class='ocr_par' dir='ltr' id='par_1_8' title="bbox 1586 365 3074 444">
     <span class='ocr_line' id='line_1_8' title="bbox 1586 365 3074 444; baseline 0.004 -24"><span class='ocrx_word' id='word_1_8' title='bbox 1586 365 1935 420; x_wconf 85' lang='lat' dir='ltr'>Cardinales.</span> <span class='ocrx_word' id='word_1_9' title='bbox 2969 372 3074 444; x_wconf 81' lang='lat'>463</span> 
     </span>
    </p>
   </div>
   <div class='ocr_carea' id='block_1_9' title="bbox 464 441 798 452">
    <p class='ocr_par' dir='ltr' id='par_1_9' title="bbox 464 441 798 452">
     <span class='ocr_line' id='line_1_9' title="bbox 464 441 798 452; baseline 0 4964"><span class='ocrx_word' id='word_1_10' title='bbox 464 441 798 452; x_wconf 95' lang='lat' dir='ltr'> </span> 
     </span>
    </p>
   </div>
   <div class='ocr_carea' id='block_1_10' title="bbox 2773 443 3072 456">
    <p class='ocr_par' dir='ltr' id='par_1_10' title="bbox 2773 443 3072 456">
     <span class='ocr_line' id='line_1_10' title="bbox 2773 443 3072 456; baseline 0 4960"><span class='ocrx_word' id='word_1_11' title='bbox 2773 443 3072 456; x_wconf 95' lang='lat' dir='ltr'> </span> 
     </span>
    </p>
   </div>
   <div class='ocr_carea' id='block_1_11' title="bbox 456 548 3079 2021">
    <p class='ocr_par' dir='ltr' id='par_1_11' title="bbox 456 548 3079 2021">
     <span class='ocr_line' id='line_1_11' title="bbox 456 548 3075 632; baseline 0.002 -24"><span class='ocrx_word' id='word_1_12' title='bbox 456 563 869 626; x_wconf 83' lang='lat' dir='ltr'>assumantur,</span> <span class='ocrx_word' id='word_1_13' title='bbox 921 564 990 609; x_wconf 89' lang='lat' dir='ltr'>ut</span> <span class='ocrx_word' id='word_1_14' title='bbox 1040 548 1253 609; x_wconf 90' lang='lat' dir='ltr'>notitia</span> <span class='ocrx_word' id='word_1_15' title='bbox 1308 566 1642 608; x_wconf 91' lang='lat' dir='ltr'>causarum</span> <span class='ocrx_word' id='word_1_16' title='bbox 1694 562 1751 608; x_wconf 92' lang='lat' dir='ltr'>et</span> <span class='ocrx_word' id='word_1_17' title='bbox 1799 548 2198 626; x_wconf 89' lang='lat' dir='ltr'>negotiorum</span> <span class='ocrx_word' id='word_1_18' title='bbox 2245 549 2309 609; x_wconf 91' lang='lat' dir='ltr'>in</span> <span class='ocrx_word' id='word_1_19' title='bbox 2344 549 2593 610; x_wconf 90' lang='lat' dir='ltr'>ecclesia</span> <span class='ocrx_word' id='word_1_20' title='bbox 2626 553 3075 632; x_wconf 87' lang='lat' dir='ltr'>emergentium</span> 
     </span>
     <span class='ocr_line' id='line_1_12' title="bbox 459 654 3075 736; baseline 0.002 -21"><span class='ocrx_word' id='word_1_21' title='bbox 459 654 692 716; x_wconf 89' lang='lat' dir='ltr'>facilius</span> <span class='ocrx_word' id='word_1_22' title='bbox 741 655 952 716; x_wconf 88' lang='lat' dir='ltr'>haberi</span> <span class='ocrx_word' id='word_1_23' title='bbox 985 655 1177 735; x_wconf 88' lang='lat' dir='ltr'>possit</span> <span class='ocrx_word' id='word_1_24' title='bbox 1209 670 1268 716; x_wconf 92' lang='lat' dir='ltr'>et</span> <span class='ocrx_word' id='word_1_25' title='bbox 1300 655 1639 736; x_wconf 83' lang='lat' dir='ltr'>aequalitas</span> <span class='ocrx_word' id='word_1_26' title='bbox 1672 654 2001 734; x_wconf 89' lang='lat' dir='ltr'>regionum</span> <span class='ocrx_word' id='word_1_27' title='bbox 2034 655 2098 716; x_wconf 92' lang='lat' dir='ltr'>in</span> <span class='ocrx_word' id='word_1_28' title='bbox 2132 656 2478 718; x_wconf 90' lang='lat' dir='ltr'>honoribus</span> <span class='ocrx_word' id='word_1_29' title='bbox 2513 658 2930 720; x_wconf 88' lang='lat' dir='ltr'>ecclesiasticis</span> <span class='ocrx_word' id='word_1_30' title='bbox 2963 662 3075 720; x_wconf 94' lang='lat' dir='ltr'>ob-</span> 
     </span>
     <span class='ocr_line' id='line_1_13' title="bbox 458 763 3076 846; baseline 0.002 -24"><span class='ocrx_word' id='word_1_31' title='bbox 458 778 748 826; x_wconf 87' lang='lat' dir='ltr'><strong>servetur.</strong></span> <span class='ocrx_word' id='word_1_32' title='bbox 810 764 896 824; x_wconf 90' lang='lat' dir='ltr'>sic</span> <span class='ocrx_word' id='word_1_33' title='bbox 926 778 1136 823; x_wconf 89' lang='lat' dir='ltr'>tamen</span> <span class='ocrx_word' id='word_1_34' title='bbox 1168 763 1343 843; x_wconf 89' lang='lat' dir='ltr'>quod</span> <span class='ocrx_word' id='word_1_35' title='bbox 1379 781 1716 823; x_wconf 89' lang='lat' dir='ltr'>numerum</span> <span class='ocrx_word' id='word_1_36' title='bbox 1747 763 1966 841; x_wconf 87' lang='lat' dir='ltr'>viginti</span> <span class='ocrx_word' id='word_1_37' title='bbox 2000 777 2272 842; x_wconf 89' lang='lat' dir='ltr'>quatuor</span> <span class='ocrx_word' id='word_1_38' title='bbox 2305 783 2433 824; x_wconf 93' lang='lat' dir='ltr'>non</span> <span class='ocrx_word' id='word_1_39' title='bbox 2466 767 2778 840; x_wconf 81' lang='lat' dir='ltr'>excedant,</span> <span class='ocrx_word' id='word_1_40' title='bbox 2812 766 2928 826; x_wconf 91' lang='lat' dir='ltr'>nisi</span> <span class='ocrx_word' id='word_1_41' title='bbox 2963 786 3076 846; x_wconf 93' lang='lat' dir='ltr'>pro</span> 
     </span>
     <span class='ocr_line' id='line_1_14' title="bbox 458 869 3076 953; baseline 0.002 -24"><span class='ocrx_word' id='word_1_42' title='bbox 458 870 697 930; x_wconf 90' lang='lat' dir='ltr'>honore</span> <span class='ocrx_word' id='word_1_43' title='bbox 743 870 1070 931; x_wconf 86' lang='lat' dir='ltr'>nationum</span> <span class='ocrx_word' id='word_1_44' title='bbox 1116 889 1276 950; x_wconf 88' lang='lat' dir='ltr'>quae</span> <span class='ocrx_word' id='word_1_45' title='bbox 1310 869 1665 931; x_wconf 87' lang='lat' dir='ltr'>Cardinales</span> <span class='ocrx_word' id='word_1_46' title='bbox 1713 888 1846 930; x_wconf 93' lang='lat' dir='ltr'>non</span> <span class='ocrx_word' id='word_1_47' title='bbox 1879 871 2108 930; x_wconf 89' lang='lat' dir='ltr'>habent</span> <span class='ocrx_word' id='word_1_48' title='bbox 2141 890 2306 931; x_wconf 91' lang='lat' dir='ltr'>unus</span> <span class='ocrx_word' id='word_1_49' title='bbox 2337 871 2434 931; x_wconf 91' lang='lat' dir='ltr'>vel</span> <span class='ocrx_word' id='word_1_50' title='bbox 2467 872 2599 933; x_wconf 92' lang='lat' dir='ltr'>duo</span> <span class='ocrx_word' id='word_1_51' title='bbox 2633 891 2745 953; x_wconf 92' lang='lat' dir='ltr'>pro</span> <span class='ocrx_word' id='word_1_52' title='bbox 2778 872 2967 933; x_wconf 89' lang='lat' dir='ltr'>semel</span> <span class='ocrx_word' id='word_1_53' title='bbox 3001 874 3076 934; x_wconf 90' lang='lat' dir='ltr'>de</span> 
     </span>
     <span class='ocr_line' id='line_1_15' title="bbox 459 977 3076 1043; baseline 0.001 -5"><span class='ocrx_word' id='word_1_54' title='bbox 459 978 718 1039; x_wconf 90' lang='lat' dir='ltr'>consilio</span> <span class='ocrx_word' id='word_1_55' title='bbox 750 993 809 1039; x_wconf 91' lang='lat' dir='ltr'>et</span> <span class='ocrx_word' id='word_1_56' title='bbox 840 997 1150 1040; x_wconf 88' lang='lat' dir='ltr'>consensu</span> <span class='ocrx_word' id='word_1_57' title='bbox 1198 978 1599 1040; x_wconf 83' lang='lat' dir='ltr'>cardinalium</span> <span class='ocrx_word' id='word_1_58' title='bbox 1648 977 2007 1039; x_wconf 89' lang='lat' dir='ltr'>assumendi</span> <span class='ocrx_word' id='word_1_59' title='bbox 2041 979 2408 1043; x_wconf 87' lang='lat' dir='ltr'>viderentur.</span> <span class='ocrx_word' id='word_1_60' title='bbox 2441 1014 2528 1022; x_wconf 87' lang='lat'>-—-</span> <span class='ocrx_word' id='word_1_61' title='bbox 2560 979 2696 1040; x_wconf 88' lang='lat' dir='ltr'>Sint</span> <span class='ocrx_word' id='word_1_62' title='bbox 2727 995 2931 1042; x_wconf 91' lang='lat' dir='ltr'>autem</span> <span class='ocrx_word' id='word_1_63' title='bbox 2966 980 3076 1041; x_wconf 91' lang='lat' dir='ltr'>viri</span> 
     </span>
     <span class='ocr_line' id='line_1_16' title="bbox 457 1084 3077 1168; baseline 0.002 -24"><span class='ocrx_word' id='word_1_64' title='bbox 457 1084 522 1144; x_wconf 91' lang='lat' dir='ltr'>in</span> <span class='ocrx_word' id='word_1_65' title='bbox 568 1085 819 1146; x_wconf 88' lang='lat' dir='ltr'>scientia</span> <span class='ocrx_word' id='word_1_66' title='bbox 870 1085 1148 1147; x_wconf 89' lang='lat' dir='ltr'>moribus</span> <span class='ocrx_word' id='word_1_67' title='bbox 1196 1100 1253 1146; x_wconf 89' lang='lat' dir='ltr'>et</span> <span class='ocrx_word' id='word_1_68' title='bbox 1285 1105 1493 1146; x_wconf 91' lang='lat' dir='ltr'>rerum</span> <span class='ocrx_word' id='word_1_69' title='bbox 1527 1086 1899 1167; x_wconf 80' lang='lat' dir='ltr'>experientia</span> <span class='ocrx_word' id='word_1_70' title='bbox 1932 1086 2319 1163; x_wconf 85' lang='lat' dir='ltr'>excellentes,</span> <span class='ocrx_word' id='word_1_71' title='bbox 2349 1087 2634 1148; x_wconf 89' lang='lat' dir='ltr'>doctores</span> <span class='ocrx_word' id='word_1_72' title='bbox 2667 1087 2730 1147; x_wconf 91' lang='lat' dir='ltr'>in</span> <span class='ocrx_word' id='word_1_73' title='bbox 2761 1088 3077 1168; x_wconf 80' lang='lat' dir='ltr'>theologia</span> 
     </span>
     <span class='ocr_line' id='line_1_17' title="bbox 461 1191 3077 1276; baseline 0.001 -24"><span class='ocrx_word' id='word_1_74' title='bbox 461 1208 566 1252; x_wconf 91' lang='lat' dir='ltr'>aut</span> <span class='ocrx_word' id='word_1_75' title='bbox 596 1192 660 1253; x_wconf 94' lang='lat' dir='ltr'>in</span> <span class='ocrx_word' id='word_1_76' title='bbox 694 1191 824 1270; x_wconf 89' lang='lat' dir='ltr'>jure</span> <span class='ocrx_word' id='word_1_77' title='bbox 857 1192 1164 1254; x_wconf 90' lang='lat' dir='ltr'>canonieo</span> <span class='ocrx_word' id='word_1_78' title='bbox 1200 1195 1294 1254; x_wconf 86' lang='lat' dir='ltr'>vel</span> <span class='ocrx_word' id='word_1_79' title='bbox 1328 1193 1490 1254; x_wconf 90' lang='lat' dir='ltr'>civili</span> <span class='ocrx_word' id='word_1_80' title='bbox 1527 1208 1768 1273; x_wconf 91' lang='lat' dir='ltr'>praeter</span> <span class='ocrx_word' id='word_1_81' title='bbox 1798 1192 2141 1253; x_wconf 84' lang='lat' dir='ltr'>admodum</span> <span class='ocrx_word' id='word_1_82' title='bbox 2175 1211 2406 1274; x_wconf 91' lang='lat' dir='ltr'>paucos</span> <span class='ocrx_word' id='word_1_83' title='bbox 2439 1194 2548 1274; x_wconf 91' lang='lat' dir='ltr'>qui</span> <span class='ocrx_word' id='word_1_84' title='bbox 2583 1194 2660 1254; x_wconf 90' lang='lat' dir='ltr'>de</span> <span class='ocrx_word' id='word_1_85' title='bbox 2689 1194 2877 1276; x_wconf 88' lang='lat' dir='ltr'>stirpe</span> <span class='ocrx_word' id='word_1_86' title='bbox 2911 1195 3077 1273; x_wconf 89' lang='lat' dir='ltr'>regia</span> 
     </span>
     <span class='ocr_line' id='line_1_18' title="bbox 459 1298 3076 1381; baseline 0.002 -25"><span class='ocrx_word' id='word_1_87' title='bbox 459 1298 557 1358; x_wconf 89' lang='lat' dir='ltr'>vel</span> <span class='ocrx_word' id='word_1_88' title='bbox 590 1298 791 1359; x_wconf 91' lang='lat' dir='ltr'>ducali</span> <span class='ocrx_word' id='word_1_89' title='bbox 823 1299 920 1360; x_wconf 89' lang='lat' dir='ltr'>vel</span> <span class='ocrx_word' id='word_1_90' title='bbox 952 1299 1164 1378; x_wconf 87' lang='lat' dir='ltr'>magni</span> <span class='ocrx_word' id='word_1_91' title='bbox 1195 1299 1487 1381; x_wconf 90' lang='lat' dir='ltr'>principis</span> <span class='ocrx_word' id='word_1_92' title='bbox 1520 1299 1769 1360; x_wconf 89' lang='lat' dir='ltr'>oriundi</span> <span class='ocrx_word' id='word_1_93' title='bbox 1802 1299 2077 1379; x_wconf 80' lang='lat' dir='ltr'>existant,</span> <span class='ocrx_word' id='word_1_94' title='bbox 2126 1300 2192 1360; x_wconf 91' lang='lat' dir='ltr'>in</span> <span class='ocrx_word' id='word_1_95' title='bbox 2225 1300 2452 1381; x_wconf 91' lang='lat' dir='ltr'>quibus</span> <span class='ocrx_word' id='word_1_96' title='bbox 2485 1315 2846 1381; x_wconf 90' lang='lat' dir='ltr'>competens</span> <span class='ocrx_word' id='word_1_97' title='bbox 2875 1300 3076 1361; x_wconf 89' lang='lat' dir='ltr'>litera-</span> 
     </span>
     <span class='ocr_line' id='line_1_19' title="bbox 460 1406 3078 1489; baseline 0.001 -24"><span class='ocrx_word' id='word_1_98' title='bbox 460 1421 592 1465; x_wconf 83' lang='lat' dir='ltr'>tura</span> <span class='ocrx_word' id='word_1_99' title='bbox 627 1406 909 1485; x_wconf 88' lang='lat' dir='ltr'>sufficiat,</span> <span class='ocrx_word' id='word_1_100' title='bbox 965 1426 1098 1468; x_wconf 92' lang='lat' dir='ltr'>non</span> <span class='ocrx_word' id='word_1_101' title='bbox 1134 1408 1315 1468; x_wconf 83' lang='lat' dir='ltr'>frater</span> <span class='ocrx_word' id='word_1_102' title='bbox 1346 1424 1450 1468; x_wconf 92' lang='lat' dir='ltr'>aut</span> <span class='ocrx_word' id='word_1_103' title='bbox 1482 1422 1736 1489; x_wconf 89' lang='lat' dir='ltr'>nepotes</span> <span class='ocrx_word' id='word_1_104' title='bbox 1771 1428 1844 1468; x_wconf 82' lang='lat' dir='ltr'>ex</span> <span class='ocrx_word' id='word_1_105' title='bbox 1880 1408 2061 1468; x_wconf 90' lang='lat' dir='ltr'>fratre</span> <span class='ocrx_word' id='word_1_106' title='bbox 2092 1409 2188 1468; x_wconf 88' lang='lat' dir='ltr'>vel</span> <span class='ocrx_word' id='word_1_107' title='bbox 2221 1427 2433 1469; x_wconf 92' lang='lat' dir='ltr'>sorore</span> <span class='ocrx_word' id='word_1_108' title='bbox 2466 1407 2725 1486; x_wconf 89' lang='lat' dir='ltr'>alicujus</span> <span class='ocrx_word' id='word_1_109' title='bbox 2759 1408 3078 1469; x_wconf 90' lang='lat' dir='ltr'>cardinalis</span> 
     </span>
     <span class='ocr_line' id='line_1_20' title="bbox 460 1512 3078 1596; baseline 0.002 -27"><span class='ocrx_word' id='word_1_110' title='bbox 460 1512 718 1574; x_wconf 87' lang='lat' dir='ltr'>viventis</span> <span class='ocrx_word' id='word_1_111' title='bbox 764 1533 875 1574; x_wconf 88' lang='lat' dir='ltr'>nec</span> <span class='ocrx_word' id='word_1_112' title='bbox 922 1514 998 1574; x_wconf 94' lang='lat' dir='ltr'>de</span> <span class='ocrx_word' id='word_1_113' title='bbox 1046 1533 1177 1575; x_wconf 91' lang='lat' dir='ltr'>uno</span> <span class='ocrx_word' id='word_1_114' title='bbox 1226 1515 1441 1575; x_wconf 89' lang='lat' dir='ltr'>ordine</span> <span class='ocrx_word' id='word_1_115' title='bbox 1489 1514 1976 1575; x_wconf 87' lang='lat' dir='ltr'>mendicantium</span> <span class='ocrx_word' id='word_1_116' title='bbox 2025 1515 2181 1574; x_wconf 89' lang='lat' dir='ltr'>ultra</span> <span class='ocrx_word' id='word_1_117' title='bbox 2217 1533 2416 1576; x_wconf 91' lang='lat' dir='ltr'>unum</span> <span class='ocrx_word' id='word_1_118' title='bbox 2451 1533 2564 1575; x_wconf 92' lang='lat' dir='ltr'>nec</span> <span class='ocrx_word' id='word_1_119' title='bbox 2598 1534 2856 1596; x_wconf 90' lang='lat' dir='ltr'>corpore</span> <span class='ocrx_word' id='word_1_120' title='bbox 2889 1514 3078 1575; x_wconf 86' lang='lat' dir='ltr'>vitiati</span> 
     </span>
     <span class='ocr_line' id='line_1_21' title="bbox 461 1619 3079 1701; baseline 0.001 -22"><span class='ocrx_word' id='word_1_121' title='bbox 461 1635 565 1679; x_wconf 91' lang='lat' dir='ltr'>aut</span> <span class='ocrx_word' id='word_1_122' title='bbox 594 1619 853 1699; x_wconf 90' lang='lat' dir='ltr'>alicujus</span> <span class='ocrx_word' id='word_1_123' title='bbox 886 1621 1160 1682; x_wconf 87' lang='lat' dir='ltr'>criminis</span> <span class='ocrx_word' id='word_1_124' title='bbox 1193 1621 1288 1681; x_wconf 88' lang='lat' dir='ltr'>vel</span> <span class='ocrx_word' id='word_1_125' title='bbox 1320 1621 1607 1682; x_wconf 88' lang='lat' dir='ltr'>infamiae</span> <span class='ocrx_word' id='word_1_126' title='bbox 1642 1637 1791 1682; x_wconf 87' lang='lat' dir='ltr'>nota</span> <span class='ocrx_word' id='word_1_127' title='bbox 1823 1620 2101 1700; x_wconf 89' lang='lat' dir='ltr'>respersi.</span> <span class='ocrx_word' id='word_1_128' title='bbox 2167 1641 2281 1682; x_wconf 89' lang='lat' dir='ltr'>nec</span> <span class='ocrx_word' id='word_1_129' title='bbox 2329 1621 2432 1682; x_wconf 89' lang='lat' dir='ltr'>fiat</span> <span class='ocrx_word' id='word_1_130' title='bbox 2464 1641 2684 1683; x_wconf 90' lang='lat' dir='ltr'>eorum</span> <span class='ocrx_word' id='word_1_131' title='bbox 2717 1621 2934 1683; x_wconf 91' lang='lat' dir='ltr'>electio</span> <span class='ocrx_word' id='word_1_132' title='bbox 2970 1640 3079 1701; x_wconf 91' lang='lat' dir='ltr'>per</span> 
     </span>
     <span class='ocr_line' id='line_1_22' title="bbox 461 1726 3074 1811; baseline 0.001 -24"><span class='ocrx_word' id='word_1_133' title='bbox 461 1726 819 1788; x_wconf 90' lang='lat' dir='ltr'>auricularia</span> <span class='ocrx_word' id='word_1_134' title='bbox 864 1743 1002 1788; x_wconf 89' lang='lat' dir='ltr'>vota</span> <span class='ocrx_word' id='word_1_135' title='bbox 1056 1728 1459 1789; x_wconf 88' lang='lat' dir='ltr'>solummodo</span> <span class='ocrx_word' id='word_1_136' title='bbox 1506 1728 1612 1788; x_wconf 91' lang='lat' dir='ltr'>sed</span> <span class='ocrx_word' id='word_1_137' title='bbox 1662 1727 1844 1788; x_wconf 90' lang='lat' dir='ltr'>etiarn</span> <span class='ocrx_word' id='word_1_138' title='bbox 1878 1746 2023 1787; x_wconf 90' lang='lat' dir='ltr'>cum</span> <span class='ocrx_word' id='word_1_139' title='bbox 2057 1728 2316 1788; x_wconf 91' lang='lat' dir='ltr'>consilio</span> <span class='ocrx_word' id='word_1_140' title='bbox 2348 1729 2756 1790; x_wconf 83' lang='lat' dir='ltr'>cardinalium</span> <span class='ocrx_word' id='word_1_141' title='bbox 2788 1728 3074 1811; x_wconf 90' lang='lat' dir='ltr'>collegia·</span> 
     </span>
     <span class='ocr_line' id='line_1_23' title="bbox 460 1832 3076 1916; baseline -0 -21"><span class='ocrx_word' id='word_1_142' title='bbox 460 1834 612 1912; x_wconf 90' lang='lat' dir='ltr'>liter,</span> <span class='ocrx_word' id='word_1_143' title='bbox 658 1832 815 1895; x_wconf 91' lang='lat' dir='ltr'>sicut</span> <span class='ocrx_word' id='word_1_144' title='bbox 862 1834 928 1895; x_wconf 91' lang='lat' dir='ltr'>in</span> <span class='ocrx_word' id='word_1_145' title='bbox 978 1834 1368 1916; x_wconf 89' lang='lat' dir='ltr'>promotione</span> <span class='ocrx_word' id='word_1_146' title='bbox 1420 1835 1859 1915; x_wconf 89' lang='lat' dir='ltr'>episcoporum</span> <span class='ocrx_word' id='word_1_147' title='bbox 1905 1833 2038 1895; x_wconf 91' lang='lat' dir='ltr'>fieri</span> <span class='ocrx_word' id='word_1_148' title='bbox 2082 1834 2418 1895; x_wconf 89' lang='lat' dir='ltr'>consuevit.</span> <span class='ocrx_word' id='word_1_149' title='bbox 2479 1835 2588 1916; x_wconf 91' lang='lat' dir='ltr'>qui</span> <span class='ocrx_word' id='word_1_150' title='bbox 2634 1836 2860 1896; x_wconf 90' lang='lat' dir='ltr'>modus</span> <span class='ocrx_word' id='word_1_151' title='bbox 2892 1835 3076 1895; x_wconf 90' lang='lat' dir='ltr'>etiam</span> 
     </span>
     <span class='ocr_line' id='line_1_24' title="bbox 462 1940 2802 2021; baseline -0.001 -19"><span class='ocrx_word' id='word_1_152' title='bbox 462 1943 820 2002; x_wconf 88' lang='lat' dir='ltr'>observetur</span> <span class='ocrx_word' id='word_1_153' title='bbox 850 1941 1105 2021; x_wconf 91' lang='lat' dir='ltr'>quando</span> <span class='ocrx_word' id='word_1_154' title='bbox 1139 1941 1362 2021; x_wconf 90' lang='lat' dir='ltr'>aliquis</span> <span class='ocrx_word' id='word_1_155' title='bbox 1398 1960 1468 2001; x_wconf 88' lang='lat' dir='ltr'>ex</span> <span class='ocrx_word' id='word_1_156' title='bbox 1502 1940 1914 2002; x_wconf 87' lang='lat' dir='ltr'>cardinalibus</span> <span class='ocrx_word' id='word_1_157' title='bbox 1947 1941 2009 2001; x_wconf 93' lang='lat' dir='ltr'>in</span> <span class='ocrx_word' id='word_1_158' title='bbox 2041 1942 2406 2021; x_wconf 90' lang='lat' dir='ltr'>episcopum</span> <span class='ocrx_word' id='word_1_159' title='bbox 2438 1956 2802 2003; x_wconf 88' lang='lat' dir='ltr'>assumetur.</span> 
     </span>
    </p>
   </div>
   <div class='ocr_carea' id='block_1_12' title="bbox 976 2183 2560 2383">
    <p class='ocr_par' dir='ltr' id='par_1_12' title="bbox 976 2183 2560 2383">
     <span class='ocr_line' id='line_1_25' title="bbox 976 2183 2560 2253; baseline 0.002 -15"><span class='ocrx_word' id='word_1_160' title='bbox 976 2184 1105 2240; x_wconf 77' lang='lat'>200.</span> <span class='ocrx_word' id='word_1_161' title='bbox 1164 2184 1587 2240; x_wconf 65' lang='lat' dir='ltr'>cononum</span> <span class='ocrx_word' id='word_1_162' title='bbox 1627 2183 2090 2240; x_wconf 77' lang='lat' dir='ltr'>BASILIENSE</span> <span class='ocrx_word' id='word_1_163' title='bbox 2128 2183 2560 2253; x_wconf 76' lang='lat' dir='ltr'>(um—1448).</span> 
     </span>
     <span class='ocr_line' id='line_1_26' title="bbox 1525 2326 2028 2383; baseline -0.004 0"><span class='ocrx_word' id='word_1_164' title='bbox 1525 2326 1790 2383; x_wconf 88' lang='lat' dir='ltr'>Sessio</span> <span class='ocrx_word' id='word_1_165' title='bbox 1832 2328 2028 2382; x_wconf 87' lang='lat' dir='ltr'><strong>XXIII.</strong></span> 
     </span>
    </p>
   </div>
   <div class='ocr_carea' id='block_1_13' title="bbox 461 2450 3077 2767">
    <p class='ocr_par' dir='ltr' id='par_1_13' title="bbox 461 2450 3077 2767">
     <span class='ocr_line' id='line_1_27' title="bbox 674 2450 3074 2523; baseline -0.001 -18"><span class='ocrx_word' id='word_1_166' title='bbox 674 2452 703 2481; x_wconf 71' lang='lat'>⁸</span> <span class='ocrx_word' id='word_1_167' title='bbox 760 2451 1029 2516; x_wconf 87' lang='lat' dir='ltr'>Mansi‚</span> <span class='ocrx_word' id='word_1_168' title='bbox 1072 2453 1234 2505; x_wconf 76' lang='lat' dir='ltr'>Cone.</span> <span class='ocrx_word' id='word_1_169' title='bbox 1274 2455 1439 2523; x_wconf 79' lang='lat' dir='ltr'>ampl.</span> <span class='ocrx_word' id='word_1_170' title='bbox 1479 2455 1599 2505; x_wconf 85' lang='lat' dir='ltr'>coll.</span> <span class='ocrx_word' id='word_1_171' title='bbox 1640 2452 1815 2505; x_wconf 88' lang='lat' dir='ltr'>Tom.</span> <span class='ocrx_word' id='word_1_172' title='bbox 1865 2469 1948 2522; x_wconf 85' lang='lat'>29.</span> <span class='ocrx_word' id='word_1_173' title='bbox 1989 2469 2041 2522; x_wconf 90' lang='lat' dir='ltr'>p.</span> <span class='ocrx_word' id='word_1_174' title='bbox 2093 2453 2190 2506; x_wconf 81' lang='lat'>116</span> <span class='ocrx_word' id='word_1_175' title='bbox 2228 2468 2349 2522; x_wconf 90' lang='lat' dir='ltr'>seq.</span> <span class='ocrx_word' id='word_1_176' title='bbox 2438 2451 2727 2514; x_wconf 85' lang='lat' dir='ltr'>Haller‚</span> <span class='ocrx_word' id='word_1_177' title='bbox 2771 2450 3074 2503; x_wconf 82' lang='lat' dir='ltr'>Concilium</span> 
     </span>
     <span class='ocr_line' id='line_1_28' title="bbox 461 2530 3077 2603; baseline -0.002 -17"><span class='ocrx_word' id='word_1_178' title='bbox 461 2535 778 2586; x_wconf 80' lang='lat' dir='ltr'>Basiliense.</span> <span class='ocrx_word' id='word_1_179' title='bbox 820 2532 986 2585; x_wconf 88' lang='lat' dir='ltr'>Basel</span> <span class='ocrx_word' id='word_1_180' title='bbox 1037 2532 1167 2603; x_wconf 80' lang='lat'>1896</span> <span class='ocrx_word' id='word_1_181' title='bbox 1208 2548 1329 2603; x_wconf 88' lang='lat' dir='ltr'>seq.</span> <span class='ocrx_word' id='word_1_182' title='bbox 1416 2531 1562 2586; x_wconf 86' lang='lat' dir='ltr'>Hef</span> <span class='ocrx_word' id='word_1_183' title='bbox 1572 2531 1714 2595; x_wconf 89' lang='lat' dir='ltr'>ele,</span> <span class='ocrx_word' id='word_1_184' title='bbox 1760 2532 2357 2602; x_wconf 72' lang='lat' dir='ltr'>Concz&#39;liengeschichte.</span> <span class='ocrx_word' id='word_1_185' title='bbox 2397 2531 2570 2585; x_wconf 88' lang='lat' dir='ltr'>Tom.</span> <span class='ocrx_word' id='word_1_186' title='bbox 2613 2530 2752 2583; x_wconf 90' lang='lat' dir='ltr'><strong>VIII.</strong></span> <span class='ocrx_word' id='word_1_187' title='bbox 2792 2548 2845 2600; x_wconf 90' lang='lat' dir='ltr'>p.</span> <span class='ocrx_word' id='word_1_188' title='bbox 2895 2547 2908 2583; x_wconf 88' lang='lat'>1</span> <span class='ocrx_word' id='word_1_189' title='bbox 2958 2547 3077 2600; x_wconf 90' lang='lat' dir='ltr'>seq.</span> 
     </span>
     <span class='ocr_line' id='line_1_29' title="bbox 462 2610 3077 2684; baseline -0.002 -16"><span class='ocrx_word' id='word_1_190' title='bbox 462 2611 906 2681; x_wconf 86' lang='lat' dir='ltr'>Hinschius,</span> <span class='ocrx_word' id='word_1_191' title='bbox 945 2612 1348 2665; x_wconf 80' lang='lat' dir='ltr'>Kirchenrecht.</span> <span class='ocrx_word' id='word_1_192' title='bbox 1378 2613 1550 2666; x_wconf 89' lang='lat' dir='ltr'>Tom.</span> <span class='ocrx_word' id='word_1_193' title='bbox 1580 2613 1617 2665; x_wconf 93' lang='lat' dir='ltr'>l.</span> <span class='ocrx_word' id='word_1_194' title='bbox 1658 2629 1712 2683; x_wconf 92' lang='lat' dir='ltr'>p.</span> <span class='ocrx_word' id='word_1_195' title='bbox 1743 2629 1864 2684; x_wconf 84' lang='lat'><strong>3¹0·</strong></span> <span class='ocrx_word' id='word_1_196' title='bbox 1903 2628 2035 2680; x_wconf 90' lang='lat' dir='ltr'>n.4.</span> <span class='ocrx_word' id='word_1_197' title='bbox 2093 2610 2545 2680; x_wconf 87' lang='lat' dir='ltr'>Friedberg,</span> <span class='ocrx_word' id='word_1_198' title='bbox 2582 2610 2876 2665; x_wconf 78' lang='lat' dir='ltr'>Leltrbuclz.</span> <span class='ocrx_word' id='word_1_199' title='bbox 2917 2611 2952 2678; x_wconf 63' lang='grc' dir='ltr'>ξ</span> <span class='ocrx_word' id='word_1_200' title='bbox 2992 2610 3077 2664; x_wconf 80' lang='lat'>61.</span> 
     </span>
     <span class='ocr_line' id='line_1_30' title="bbox 465 2691 1442 2767; baseline -0.006 -16"><span class='ocrx_word' id='word_1_201' title='bbox 465 2692 923 2767; x_wconf 64' lang='lat' dir='ltr'>Sagmllller,</span> <span class='ocrx_word' id='word_1_202' title='bbox 962 2692 1257 2748; x_wconf 79' lang='lat' dir='ltr'>Leltrbuch.</span> <span class='ocrx_word' id='word_1_203' title='bbox 1298 2691 1442 2761; x_wconf 64' lang='lat'>§88</span> 
     </span>
    </p>
   </div>
   <div class='ocr_carea' id='block_1_14' title="bbox 1052 2848 2500 2932">
    <p class='ocr_par' dir='ltr' id='par_1_14' title="bbox 1052 2848 2500 2932">
     <span class='ocr_line' id='line_1_31' title="bbox 1052 2848 2500 2932; baseline -0.001 -22"><span class='ocrx_word' id='word_1_204' title='bbox 1052 2849 1151 2910; x_wconf 93' lang='lat' dir='ltr'>IV.</span> <span class='ocrx_word' id='word_1_205' title='bbox 1200 2850 1303 2911; x_wconf 85' lang='lat' dir='ltr'>De</span> <span class='ocrx_word' id='word_1_206' title='bbox 1335 2870 1586 2911; x_wconf 84' lang='lat' dir='ltr'>numero</span> <span class='ocrx_word' id='word_1_207' title='bbox 1619 2857 1678 2910; x_wconf 82' lang='lat' dir='ltr'>et</span> <span class='ocrx_word' id='word_1_208' title='bbox 1707 2850 2008 2932; x_wconf 81' lang='lat' dir='ltr'>qualitate</span> <span class='ocrx_word' id='word_1_209' title='bbox 2041 2848 2500 2911; x_wconf 81' lang='lat' dir='ltr'>Cardinalium.</span> 
     </span>
    </p>
   </div>
   <div class='ocr_carea' id='block_1_15' title="bbox 463 3008 3090 5023">
    <p class='ocr_par' dir='ltr' id='par_1_15' title="bbox 463 3008 3090 5023">
     <span class='ocr_line' id='line_1_32' title="bbox 676 3008 3082 3094; baseline -0.004 -17"><span class='ocrx_word' id='word_1_210' title='bbox 676 3016 843 3077; x_wconf 89' lang='lat' dir='ltr'>Cum</span> <span class='ocrx_word' id='word_1_211' title='bbox 875 3033 1127 3075; x_wconf 89' lang='lat' dir='ltr'>summo</span> <span class='ocrx_word' id='word_1_212' title='bbox 1160 3012 1438 3094; x_wconf 86' lang='lat' dir='ltr'>pontifici</span> <span class='ocrx_word' id='word_1_213' title='bbox 1471 3028 1715 3075; x_wconf 89' lang='lat' dir='ltr'>sanctae</span> <span class='ocrx_word' id='word_1_214' title='bbox 1752 3015 2075 3075; x_wconf 87' lang='lat' dir='ltr'>Romanae</span> <span class='ocrx_word' id='word_1_215' title='bbox 2108 3012 2415 3074; x_wconf 88' lang='lat' dir='ltr'>Ecclesiae</span> <span class='ocrx_word' id='word_1_216' title='bbox 2447 3010 2808 3073; x_wconf 90' lang='lat' dir='ltr'>Cardinales</span> <span class='ocrx_word' id='word_1_217' title='bbox 2839 3009 2902 3069; x_wconf 91' lang='lat' dir='ltr'>in</span> <span class='ocrx_word' id='word_1_218' title='bbox 2936 3008 3082 3069; x_wconf 90' lang='lat' dir='ltr'>diri-</span> 
     </span>
     <span class='ocr_line' id='line_1_33' title="bbox 463 3116 3080 3203; baseline -0.003 -19"><span class='ocrx_word' id='word_1_219' title='bbox 463 3123 665 3202; x_wconf 89' lang='lat' dir='ltr'>genda</span> <span class='ocrx_word' id='word_1_220' title='bbox 697 3121 1043 3183; x_wconf 86' lang='lat' dir='ltr'>Christiana</span> <span class='ocrx_word' id='word_1_221' title='bbox 1091 3121 1422 3203; x_wconf 90' lang='lat' dir='ltr'>reipublica</span> <span class='ocrx_word' id='word_1_222' title='bbox 1468 3121 1842 3182; x_wconf 87' lang='lat' dir='ltr'>collaterales</span> <span class='ocrx_word' id='word_1_223' title='bbox 1891 3120 2193 3199; x_wconf 86' lang='lat' dir='ltr'>assistant,</span> <span class='ocrx_word' id='word_1_224' title='bbox 2229 3139 2478 3180; x_wconf 88' lang='lat' dir='ltr'>necesse</span> <span class='ocrx_word' id='word_1_225' title='bbox 2513 3133 2601 3180; x_wconf 93' lang='lat' dir='ltr'>est</span> <span class='ocrx_word' id='word_1_226' title='bbox 2634 3133 2701 3177; x_wconf 89' lang='lat' dir='ltr'>ut</span> <span class='ocrx_word' id='word_1_227' title='bbox 2731 3118 2879 3178; x_wconf 91' lang='lat' dir='ltr'>tales</span> <span class='ocrx_word' id='word_1_228' title='bbox 2911 3116 3080 3177; x_wconf 90' lang='lat' dir='ltr'>insti-</span> 
     </span>
     <span class='ocr_line' id='line_1_34' title="bbox 465 3224 3081 3309; baseline -0.003 -18"><span class='ocrx_word' id='word_1_229' title='bbox 465 3246 717 3291; x_wconf 89' lang='lat' dir='ltr'>tuantur</span> <span class='ocrx_word' id='word_1_230' title='bbox 748 3229 858 3309; x_wconf 90' lang='lat' dir='ltr'>qui</span> <span class='ocrx_word' id='word_1_231' title='bbox 889 3228 1045 3290; x_wconf 86' lang='lat' dir='ltr'>sicut</span> <span class='ocrx_word' id='word_1_232' title='bbox 1078 3228 1357 3305; x_wconf 87' lang='lat' dir='ltr'>nomine,</span> <span class='ocrx_word' id='word_1_233' title='bbox 1394 3228 1470 3288; x_wconf 90' lang='lat' dir='ltr'>ita</span> <span class='ocrx_word' id='word_1_234' title='bbox 1504 3248 1566 3288; x_wconf 92' lang='lat' dir='ltr'>re</span> <span class='ocrx_word' id='word_1_235' title='bbox 1588 3227 1717 3308; x_wconf 91' lang='lat' dir='ltr'>ipsa</span> <span class='ocrx_word' id='word_1_236' title='bbox 1738 3227 2039 3288; x_wconf 89' lang='lat' dir='ltr'>Cardines</span> <span class='ocrx_word' id='word_1_237' title='bbox 2072 3227 2211 3304; x_wconf 90' lang='lat' dir='ltr'>sint,</span> <span class='ocrx_word' id='word_1_238' title='bbox 2246 3245 2432 3308; x_wconf 91' lang='lat' dir='ltr'>super</span> <span class='ocrx_word' id='word_1_239' title='bbox 2465 3245 2624 3306; x_wconf 91' lang='lat' dir='ltr'>quos</span> <span class='ocrx_word' id='word_1_240' title='bbox 2657 3224 2810 3286; x_wconf 84' lang='lat' dir='ltr'>ostia</span> <span class='ocrx_word' id='word_1_241' title='bbox 2834 3224 3081 3285; x_wconf 88' lang='lat' dir='ltr'>univer-</span> 
     </span>
     <span class='ocr_line' id='line_1_35' title="bbox 466 3331 3082 3413; baseline -0.003 -15"><span class='ocrx_word' id='word_1_242' title='bbox 466 3337 605 3398; x_wconf 90' lang='lat' dir='ltr'>salis</span> <span class='ocrx_word' id='word_1_243' title='bbox 636 3350 957 3397; x_wconf 89' lang='lat' dir='ltr'>versentur</span> <span class='ocrx_word' id='word_1_244' title='bbox 990 3350 1048 3395; x_wconf 90' lang='lat' dir='ltr'>et</span> <span class='ocrx_word' id='word_1_245' title='bbox 1079 3349 1502 3396; x_wconf 85' lang='lat' dir='ltr'>sustententur</span> <span class='ocrx_word' id='word_1_246' title='bbox 1535 3334 1859 3395; x_wconf 90' lang='lat' dir='ltr'>Ecclesiae.</span> <span class='ocrx_word' id='word_1_247' title='bbox 1913 3333 2133 3393; x_wconf 87' lang='lat' dir='ltr'>Statuit</span> <span class='ocrx_word' id='word_1_248' title='bbox 2177 3334 2365 3411; x_wconf 91' lang='lat' dir='ltr'>igitur</span> <span class='ocrx_word' id='word_1_249' title='bbox 2409 3348 2614 3393; x_wconf 92' lang='lat' dir='ltr'>sancta</span> <span class='ocrx_word' id='word_1_250' title='bbox 2649 3331 2966 3413; x_wconf 89' lang='lat' dir='ltr'>Synodus,</span> <span class='ocrx_word' id='word_1_251' title='bbox 3016 3347 3082 3391; x_wconf 90' lang='lat' dir='ltr'>ut</span> 
     </span>
     <span class='ocr_line' id='line_1_36' title="bbox 466 3433 3081 3524; baseline -0.003 -20"><span class='ocrx_word' id='word_1_252' title='bbox 466 3444 754 3524; x_wconf 90' lang='lat' dir='ltr'>deinceps</span> <span class='ocrx_word' id='word_1_253' title='bbox 787 3462 1006 3504; x_wconf 91' lang='lat' dir='ltr'>eorum</span> <span class='ocrx_word' id='word_1_254' title='bbox 1043 3461 1345 3503; x_wconf 90' lang='lat' dir='ltr'>numerus</span> <span class='ocrx_word' id='word_1_255' title='bbox 1378 3442 1535 3502; x_wconf 90' lang='lat' dir='ltr'>adeo</span> <span class='ocrx_word' id='word_1_256' title='bbox 1567 3440 1642 3500; x_wconf 92' lang='lat' dir='ltr'>sit</span> <span class='ocrx_word' id='word_1_257' title='bbox 1674 3441 2050 3516; x_wconf 81' lang='lat' dir='ltr'>moderatuS,</span> <span class='ocrx_word' id='word_1_258' title='bbox 2086 3440 2257 3519; x_wconf 91' lang='lat' dir='ltr'>quod</span> <span class='ocrx_word' id='word_1_259' title='bbox 2292 3458 2406 3500; x_wconf 92' lang='lat' dir='ltr'>nec</span> <span class='ocrx_word' id='word_1_260' title='bbox 2439 3439 2515 3499; x_wconf 91' lang='lat' dir='ltr'>sit</span> <span class='ocrx_word' id='word_1_261' title='bbox 2538 3438 2736 3518; x_wconf 89' lang='lat' dir='ltr'>gravis</span> <span class='ocrx_word' id='word_1_262' title='bbox 2757 3433 3081 3514; x_wconf 88' lang='lat' dir='ltr'>Ecclesiae,</span> 
     </span>
     <span class='ocr_line' id='line_1_37' title="bbox 468 3542 3082 3631; baseline -0.004 -20"><span class='ocrx_word' id='word_1_263' title='bbox 468 3552 645 3631; x_wconf 89' lang='lat' dir='ltr'>(quae</span> <span class='ocrx_word' id='word_1_264' title='bbox 695 3568 866 3610; x_wconf 89' lang='lat' dir='ltr'>nunc</span> <span class='ocrx_word' id='word_1_265' title='bbox 913 3551 995 3610; x_wconf 92' lang='lat' dir='ltr'>ob</span> <span class='ocrx_word' id='word_1_266' title='bbox 1026 3563 1384 3629; x_wconf 89' lang='lat' dir='ltr'>temporum</span> <span class='ocrx_word' id='word_1_267' title='bbox 1422 3546 1713 3607; x_wconf 89' lang='lat' dir='ltr'>malitiam</span> <span class='ocrx_word' id='word_1_268' title='bbox 1751 3545 2056 3626; x_wconf 89' lang='lat' dir='ltr'>plerisque</span> <span class='ocrx_word' id='word_1_269' title='bbox 2091 3545 2380 3626; x_wconf 86' lang='lat' dir='ltr'>gravibus</span> <span class='ocrx_word' id='word_1_270' title='bbox 2413 3543 2702 3622; x_wconf 87' lang='lat' dir='ltr'>affligitur</span> <span class='ocrx_word' id='word_1_271' title='bbox 2733 3542 3082 3603; x_wconf 89' lang='lat' dir='ltr'>incommo-</span> 
     </span>
     <span class='ocr_line' id='line_1_38' title="bbox 467 3646 3085 3737; baseline -0.005 -18"><span class='ocrx_word' id='word_1_272' title='bbox 467 3658 579 3735; x_wconf 85' lang='lat' dir='ltr'>dis)</span> <span class='ocrx_word' id='word_1_273' title='bbox 630 3677 744 3718; x_wconf 89' lang='lat' dir='ltr'>nec</span> <span class='ocrx_word' id='word_1_274' title='bbox 790 3656 1103 3737; x_wconf 88' lang='lat' dir='ltr'>superflua</span> <span class='ocrx_word' id='word_1_275' title='bbox 1153 3655 1593 3717; x_wconf 88' lang='lat' dir='ltr'>numerositate</span> <span class='ocrx_word' id='word_1_276' title='bbox 1641 3654 1905 3714; x_wconf 89' lang='lat' dir='ltr'>vilescat.</span> <span class='ocrx_word' id='word_1_277' title='bbox 1973 3651 2101 3727; x_wconf 90' lang='lat' dir='ltr'>Qui</span> <span class='ocrx_word' id='word_1_278' title='bbox 2149 3651 2225 3711; x_wconf 89' lang='lat' dir='ltr'>de</span> <span class='ocrx_word' id='word_1_279' title='bbox 2272 3650 2568 3712; x_wconf 89' lang='lat' dir='ltr'>omnibus</span> <span class='ocrx_word' id='word_1_280' title='bbox 2616 3646 3085 3711; x_wconf 88' lang='lat' dir='ltr'>Christianitatis</span> 
     </span>
     <span class='ocr_line' id='line_1_39' title="bbox 467 3756 3084 3845; baseline -0.003 -19"><span class='ocrx_word' id='word_1_281' title='bbox 467 3765 844 3845; x_wconf 84' lang='lat' dir='ltr'>regionibus,</span> <span class='ocrx_word' id='word_1_282' title='bbox 893 3778 1197 3844; x_wconf 89' lang='lat' dir='ltr'>quantum</span> <span class='ocrx_word' id='word_1_283' title='bbox 1244 3762 1578 3824; x_wconf 89' lang='lat' dir='ltr'>commode</span> <span class='ocrx_word' id='word_1_284' title='bbox 1625 3761 1753 3821; x_wconf 86' lang='lat' dir='ltr'>fieri</span> <span class='ocrx_word' id='word_1_285' title='bbox 1807 3760 2050 3841; x_wconf 89' lang='lat' dir='ltr'>poterit,</span> <span class='ocrx_word' id='word_1_286' title='bbox 2082 3774 2497 3835; x_wconf 88' lang='lat' dir='ltr'>assumantur,</span> <span class='ocrx_word' id='word_1_287' title='bbox 2530 3772 2598 3816; x_wconf 90' lang='lat' dir='ltr'>ut</span> <span class='ocrx_word' id='word_1_288' title='bbox 2631 3756 2841 3817; x_wconf 91' lang='lat' dir='ltr'>notitia</span> <span class='ocrx_word' id='word_1_289' title='bbox 2875 3776 3084 3819; x_wconf 89' lang='lat' dir='ltr'>rerum</span> 
     </span>
     <span class='ocr_line' id='line_1_40' title="bbox 468 3863 3085 3950; baseline -0.003 -18"><span class='ocrx_word' id='word_1_290' title='bbox 468 3872 531 3932; x_wconf 93' lang='lat' dir='ltr'>in</span> <span class='ocrx_word' id='word_1_291' title='bbox 576 3871 840 3932; x_wconf 87' lang='lat' dir='ltr'>Ecclesia</span> <span class='ocrx_word' id='word_1_292' title='bbox 895 3872 1349 3949; x_wconf 89' lang='lat' dir='ltr'>emergentium</span> <span class='ocrx_word' id='word_1_293' title='bbox 1397 3868 1632 3931; x_wconf 86' lang='lat' dir='ltr'>facilius</span> <span class='ocrx_word' id='word_1_294' title='bbox 1679 3867 1910 3944; x_wconf 89' lang='lat' dir='ltr'>haberi,</span> <span class='ocrx_word' id='word_1_295' title='bbox 1959 3880 2019 3927; x_wconf 93' lang='lat' dir='ltr'>et</span> <span class='ocrx_word' id='word_1_296' title='bbox 2062 3885 2247 3946; x_wconf 90' lang='lat' dir='ltr'>super</span> <span class='ocrx_word' id='word_1_297' title='bbox 2294 3865 2385 3925; x_wconf 88' lang='lat' dir='ltr'>his</span> <span class='ocrx_word' id='word_1_298' title='bbox 2432 3863 3085 3950; x_wconf 52' lang='lat' dir='ltr'>maturius‚deliberari</span> 
     </span>
     <span class='ocr_line' id='line_1_41' title="bbox 468 3970 3085 4061; baseline -0.003 -23"><span class='ocrx_word' id='word_1_299' title='bbox 468 3979 677 4061; x_wconf 87' lang='lat' dir='ltr'>possit,</span> <span class='ocrx_word' id='word_1_300' title='bbox 724 3978 808 4039; x_wconf 91' lang='lat' dir='ltr'>sic</span> <span class='ocrx_word' id='word_1_301' title='bbox 852 3992 1082 4054; x_wconf 90' lang='lat' dir='ltr'>tamen,</span> <span class='ocrx_word' id='word_1_302' title='bbox 1133 3977 1304 4057; x_wconf 88' lang='lat' dir='ltr'>quod</span> <span class='ocrx_word' id='word_1_303' title='bbox 1339 3994 1675 4037; x_wconf 89' lang='lat' dir='ltr'>numerum</span> <span class='ocrx_word' id='word_1_304' title='bbox 1709 3973 1920 4054; x_wconf 90' lang='lat' dir='ltr'>viginti</span> <span class='ocrx_word' id='word_1_305' title='bbox 1957 3988 2226 4053; x_wconf 87' lang='lat' dir='ltr'>quatuor</span> <span class='ocrx_word' id='word_1_306' title='bbox 2259 3972 2413 4031; x_wconf 89' lang='lat' dir='ltr'>inter</span> <span class='ocrx_word' id='word_1_307' title='bbox 2445 3972 2562 4032; x_wconf 89' lang='lat' dir='ltr'>hos</span> <span class='ocrx_word' id='word_1_308' title='bbox 2595 3970 2703 4050; x_wconf 92' lang='lat' dir='ltr'>qui</span> <span class='ocrx_word' id='word_1_309' title='bbox 2740 3989 2908 4030; x_wconf 92' lang='lat' dir='ltr'>nunc</span> <span class='ocrx_word' id='word_1_310' title='bbox 2940 3986 3085 4030; x_wconf 90' lang='lat' dir='ltr'>sunt</span> 
     </span>
     <span class='ocr_line' id='line_1_42' title="bbox 468 4076 3085 4161; baseline -0.004 -15"><span class='ocrx_word' id='word_1_311' title='bbox 468 4102 526 4147; x_wconf 90' lang='lat' dir='ltr'>et</span> <span class='ocrx_word' id='word_1_312' title='bbox 556 4085 969 4146; x_wconf 88' lang='lat' dir='ltr'>assumendos</span> <span class='ocrx_word' id='word_1_313' title='bbox 1004 4102 1133 4144; x_wconf 91' lang='lat' dir='ltr'>non</span> <span class='ocrx_word' id='word_1_314' title='bbox 1166 4083 1477 4159; x_wconf 80' lang='lat' dir='ltr'>excedant,</span> <span class='ocrx_word' id='word_1_315' title='bbox 1511 4082 1589 4142; x_wconf 91' lang='lat' dir='ltr'>ita</span> <span class='ocrx_word' id='word_1_316' title='bbox 1623 4081 1792 4161; x_wconf 90' lang='lat' dir='ltr'>quod</span> <span class='ocrx_word' id='word_1_317' title='bbox 1829 4081 1906 4141; x_wconf 92' lang='lat' dir='ltr'>de</span> <span class='ocrx_word' id='word_1_318' title='bbox 1939 4098 2064 4141; x_wconf 89' lang='lat' dir='ltr'>una</span> <span class='ocrx_word' id='word_1_319' title='bbox 2098 4079 2348 4140; x_wconf 89' lang='lat' dir='ltr'>natione</span> <span class='ocrx_word' id='word_1_320' title='bbox 2381 4079 2538 4138; x_wconf 91' lang='lat' dir='ltr'>ultra</span> <span class='ocrx_word' id='word_1_321' title='bbox 2570 4076 2805 4137; x_wconf 81' lang='lat' dir='ltr'>tertiam</span> <span class='ocrx_word' id='word_1_322' title='bbox 2850 4092 3085 4156; x_wconf 88' lang='lat' dir='ltr'>partem</span> 
     </span>
     <span class='ocr_line' id='line_1_43' title="bbox 469 4182 3084 4273; baseline -0.004 -20"><span class='ocrx_word' id='word_1_323' title='bbox 469 4207 748 4273; x_wconf 90' lang='lat' dir='ltr'>respectu</span> <span class='ocrx_word' id='word_1_324' title='bbox 782 4190 1206 4253; x_wconf 90' lang='lat' dir='ltr'>Cardinalium</span> <span class='ocrx_word' id='word_1_325' title='bbox 1253 4208 1366 4270; x_wconf 90' lang='lat' dir='ltr'>pro</span> <span class='ocrx_word' id='word_1_326' title='bbox 1413 4204 1692 4272; x_wconf 90' lang='lat' dir='ltr'>tempore</span> <span class='ocrx_word' id='word_1_327' title='bbox 1738 4187 2152 4265; x_wconf 87' lang='lat' dir='ltr'>existentium,</span> <span class='ocrx_word' id='word_1_328' title='bbox 2186 4205 2254 4246; x_wconf 91' lang='lat' dir='ltr'>ac</span> <span class='ocrx_word' id='word_1_329' title='bbox 2286 4185 2361 4245; x_wconf 89' lang='lat' dir='ltr'>de</span> <span class='ocrx_word' id='word_1_330' title='bbox 2396 4204 2520 4246; x_wconf 89' lang='lat' dir='ltr'>una</span> <span class='ocrx_word' id='word_1_331' title='bbox 2552 4183 2790 4245; x_wconf 89' lang='lat' dir='ltr'>civitate</span> <span class='ocrx_word' id='word_1_332' title='bbox 2825 4197 2882 4243; x_wconf 93' lang='lat' dir='ltr'>et</span> <span class='ocrx_word' id='word_1_333' title='bbox 2914 4182 3084 4243; x_wconf 88' lang='lat' dir='ltr'>dioe-</span> 
     </span>
     <span class='ocr_line' id='line_1_44' title="bbox 470 4290 3087 4372; baseline -0.004 -13"><span class='ocrx_word' id='word_1_334' title='bbox 470 4299 590 4360; x_wconf 91' lang='lat' dir='ltr'>cesi</span> <span class='ocrx_word' id='word_1_335' title='bbox 652 4298 808 4359; x_wconf 90' lang='lat' dir='ltr'>ultra</span> <span class='ocrx_word' id='word_1_336' title='bbox 855 4316 1058 4361; x_wconf 90' lang='lat' dir='ltr'>unum</span> <span class='ocrx_word' id='word_1_337' title='bbox 1092 4297 1233 4357; x_wconf 91' lang='lat' dir='ltr'>inde</span> <span class='ocrx_word' id='word_1_338' title='bbox 1267 4296 1636 4372; x_wconf 88' lang='lat' dir='ltr'>oriundum,</span> <span class='ocrx_word' id='word_1_339' title='bbox 1673 4310 1730 4354; x_wconf 88' lang='lat' dir='ltr'>et</span> <span class='ocrx_word' id='word_1_340' title='bbox 1766 4296 1845 4355; x_wconf 90' lang='lat' dir='ltr'>de</span> <span class='ocrx_word' id='word_1_341' title='bbox 1879 4314 1948 4355; x_wconf 94' lang='lat' dir='ltr'>ea</span> <span class='ocrx_word' id='word_1_342' title='bbox 1981 4293 2233 4354; x_wconf 88' lang='lat' dir='ltr'>natione</span> <span class='ocrx_word' id='word_1_343' title='bbox 2267 4311 2426 4372; x_wconf 88' lang='lat' dir='ltr'>quae</span> <span class='ocrx_word' id='word_1_344' title='bbox 2459 4310 2629 4352; x_wconf 89' lang='lat' dir='ltr'>nunc</span> <span class='ocrx_word' id='word_1_345' title='bbox 2661 4290 2819 4350; x_wconf 87' lang='lat' dir='ltr'>ultra</span> <span class='ocrx_word' id='word_1_346' title='bbox 2851 4290 3087 4350; x_wconf 90' lang='lat' dir='ltr'>tertiam</span> 
     </span>
     <span class='ocr_line' id='line_1_45' title="bbox 470 4399 3087 4486; baseline -0.002 -21"><span class='ocrx_word' id='word_1_347' title='bbox 470 4420 705 4486; x_wconf 90' lang='lat' dir='ltr'>partem</span> <span class='ocrx_word' id='word_1_348' title='bbox 757 4407 957 4480; x_wconf 85' lang='lat' dir='ltr'>habet,</span> <span class='ocrx_word' id='word_1_349' title='bbox 1010 4424 1211 4484; x_wconf 90' lang='lat' dir='ltr'>usque</span> <span class='ocrx_word' id='word_1_350' title='bbox 1261 4403 1337 4464; x_wconf 90' lang='lat' dir='ltr'>ad</span> <span class='ocrx_word' id='word_1_351' title='bbox 1388 4403 1581 4483; x_wconf 90' lang='lat' dir='ltr'>ipsius</span> <span class='ocrx_word' id='word_1_352' title='bbox 1629 4402 1836 4462; x_wconf 90' lang='lat' dir='ltr'>tertiae</span> <span class='ocrx_word' id='word_1_353' title='bbox 1885 4400 2070 4483; x_wconf 91' lang='lat' dir='ltr'>partis</span> <span class='ocrx_word' id='word_1_354' title='bbox 2119 4399 2547 4460; x_wconf 89' lang='lat' dir='ltr'>reductionem</span> <span class='ocrx_word' id='word_1_355' title='bbox 2594 4417 2723 4459; x_wconf 91' lang='lat' dir='ltr'>esse</span> <span class='ocrx_word' id='word_1_356' title='bbox 2759 4412 3087 4478; x_wconf 91' lang='lat' dir='ltr'>nequeant.</span> 
     </span>
     <span class='ocr_line' id='line_1_46' title="bbox 468 4503 3088 4590; baseline -0.003 -19"><span class='ocrx_word' id='word_1_357' title='bbox 468 4510 606 4573; x_wconf 90' lang='lat' dir='ltr'>Sint</span> <span class='ocrx_word' id='word_1_358' title='bbox 649 4512 759 4572; x_wconf 90' lang='lat' dir='ltr'>viri</span> <span class='ocrx_word' id='word_1_359' title='bbox 805 4512 869 4572; x_wconf 90' lang='lat' dir='ltr'>in</span> <span class='ocrx_word' id='word_1_360' title='bbox 917 4511 1172 4572; x_wconf 88' lang='lat' dir='ltr'>scientia</span> <span class='ocrx_word' id='word_1_361' title='bbox 1204 4510 1610 4590; x_wconf 89' lang='lat' dir='ltr'>moribusque</span> <span class='ocrx_word' id='word_1_362' title='bbox 1642 4529 1710 4569; x_wconf 90' lang='lat' dir='ltr'>ac</span> <span class='ocrx_word' id='word_1_363' title='bbox 1743 4528 1952 4569; x_wconf 89' lang='lat' dir='ltr'>rerum</span> <span class='ocrx_word' id='word_1_364' title='bbox 1987 4506 2359 4588; x_wconf 80' lang='lat' dir='ltr'>experientia</span> <span class='ocrx_word' id='word_1_365' title='bbox 2392 4506 2775 4581; x_wconf 79' lang='lat' dir='ltr'>excellenteS,</span> <span class='ocrx_word' id='word_1_366' title='bbox 2809 4522 2938 4564; x_wconf 93' lang='lat' dir='ltr'>non</span> <span class='ocrx_word' id='word_1_367' title='bbox 2973 4503 3088 4564; x_wconf 89' lang='lat' dir='ltr'>mi-</span> 
     </span>
     <span class='ocr_line' id='line_1_47' title="bbox 470 4610 3089 4700; baseline -0.003 -20"><span class='ocrx_word' id='word_1_368' title='bbox 470 4639 654 4681; x_wconf 91' lang='lat' dir='ltr'>nores</span> <span class='ocrx_word' id='word_1_369' title='bbox 700 4620 945 4700; x_wconf 90' lang='lat' dir='ltr'>triginta</span> <span class='ocrx_word' id='word_1_370' title='bbox 994 4617 1193 4693; x_wconf 76' lang='lat' dir='ltr'>anni5‚</span> <span class='ocrx_word' id='word_1_371' title='bbox 1241 4618 1533 4695; x_wconf 85' lang='lat' dir='ltr'>magistri,</span> <span class='ocrx_word' id='word_1_372' title='bbox 1584 4617 1872 4677; x_wconf 89' lang='lat' dir='ltr'>doctores</span> <span class='ocrx_word' id='word_1_373' title='bbox 1918 4634 2027 4674; x_wconf 88' lang='lat' dir='ltr'>seu</span> <span class='ocrx_word' id='word_1_374' title='bbox 2059 4613 2345 4675; x_wconf 89' lang='lat' dir='ltr'>licentiati</span> <span class='ocrx_word' id='word_1_375' title='bbox 2379 4632 2523 4674; x_wconf 89' lang='lat' dir='ltr'>cum</span> <span class='ocrx_word' id='word_1_376' title='bbox 2557 4613 2758 4693; x_wconf 89' lang='lat' dir='ltr'>rigore</span> <span class='ocrx_word' id='word_1_377' title='bbox 2792 4610 3089 4671; x_wconf 81' lang='lat' dir='ltr'>examinis</span> 
     </span>
     <span class='ocr_line' id='line_1_48' title="bbox 468 4717 3090 4807; baseline -0.005 -18"><span class='ocrx_word' id='word_1_378' title='bbox 468 4728 533 4790; x_wconf 92' lang='lat' dir='ltr'>in</span> <span class='ocrx_word' id='word_1_379' title='bbox 582 4728 712 4807; x_wconf 87' lang='lat' dir='ltr'>jure</span> <span class='ocrx_word' id='word_1_380' title='bbox 758 4729 969 4790; x_wconf 90' lang='lat' dir='ltr'>divino</span> <span class='ocrx_word' id='word_1_381' title='bbox 1017 4727 1111 4787; x_wconf 90' lang='lat' dir='ltr'>vel</span> <span class='ocrx_word' id='word_1_382' title='bbox 1160 4726 1457 4787; x_wconf 85' lang='lat' dir='ltr'>humanO.</span> <span class='ocrx_word' id='word_1_383' title='bbox 1521 4724 1610 4785; x_wconf 89' lang='lat' dir='ltr'>Sit</span> <span class='ocrx_word' id='word_1_384' title='bbox 1661 4724 1879 4784; x_wconf 90' lang='lat' dir='ltr'>saltem</span> <span class='ocrx_word' id='word_1_385' title='bbox 1925 4721 2097 4783; x_wconf 89' lang='lat' dir='ltr'>tertia</span> <span class='ocrx_word' id='word_1_386' title='bbox 2131 4721 2227 4781; x_wconf 89' lang='lat' dir='ltr'>vel</span> <span class='ocrx_word' id='word_1_387' title='bbox 2261 4737 2474 4801; x_wconf 88' lang='lat' dir='ltr'>quarta</span> <span class='ocrx_word' id='word_1_388' title='bbox 2508 4739 2644 4801; x_wconf 91' lang='lat' dir='ltr'>pars</span> <span class='ocrx_word' id='word_1_389' title='bbox 2677 4718 2752 4778; x_wconf 92' lang='lat' dir='ltr'>de</span> <span class='ocrx_word' id='word_1_390' title='bbox 2786 4717 3090 4795; x_wconf 88' lang='lat' dir='ltr'>magistris</span> 
     </span>
     <span class='ocr_line' id='line_1_49' title="bbox 468 4824 3088 4913; baseline -0.004 -17"><span class='ocrx_word' id='word_1_391' title='bbox 468 4852 575 4897; x_wconf 87' lang='lat' dir='ltr'>aut</span> <span class='ocrx_word' id='word_1_392' title='bbox 604 4836 926 4898; x_wconf 90' lang='lat' dir='ltr'>licentiatis</span> <span class='ocrx_word' id='word_1_393' title='bbox 962 4836 1025 4896; x_wconf 90' lang='lat' dir='ltr'>in</span> <span class='ocrx_word' id='word_1_394' title='bbox 1059 4853 1226 4895; x_wconf 89' lang='lat' dir='ltr'>sacra</span> <span class='ocrx_word' id='word_1_395' title='bbox 1260 4833 1573 4913; x_wconf 90' lang='lat' dir='ltr'>scriptura.</span> <span class='ocrx_word' id='word_1_396' title='bbox 1608 4832 1767 4893; x_wconf 92' lang='lat' dir='ltr'>Inter</span> <span class='ocrx_word' id='word_1_397' title='bbox 1799 4832 1919 4892; x_wconf 91' lang='lat' dir='ltr'>hos</span> <span class='ocrx_word' id='word_1_398' title='bbox 1951 4844 2163 4889; x_wconf 91' lang='lat' dir='ltr'>autem</span> <span class='ocrx_word' id='word_1_399' title='bbox 2198 4828 2413 4909; x_wconf 85' lang='lat' dir='ltr'>viginti</span> <span class='ocrx_word' id='word_1_400' title='bbox 2448 4842 2714 4907; x_wconf 90' lang='lat' dir='ltr'>quatuor</span> <span class='ocrx_word' id='word_1_401' title='bbox 2747 4844 2877 4885; x_wconf 90' lang='lat' dir='ltr'>esse</span> <span class='ocrx_word' id='word_1_402' title='bbox 2900 4824 3088 4904; x_wconf 88' lang='lat' dir='ltr'>aliqui</span> 
     </span>
     <span class='ocr_line' id='line_1_50' title="bbox 472 4937 3088 5023; baseline -0.005 -19"><span class='ocrx_word' id='word_1_403' title='bbox 472 4959 763 5023; x_wconf 88' lang='lat' dir='ltr'>poterunt</span> <span class='ocrx_word' id='word_1_404' title='bbox 808 4942 1150 5002; x_wconf 89' lang='lat' dir='ltr'>admodum</span> <span class='ocrx_word' id='word_1_405' title='bbox 1198 4940 1377 5022; x_wconf 89' lang='lat' dir='ltr'>pauci</span> <span class='ocrx_word' id='word_1_406' title='bbox 1424 4938 1552 5015; x_wconf 80' lang='lat' dir='ltr'>filii,</span> <span class='ocrx_word' id='word_1_407' title='bbox 1600 4937 1808 4999; x_wconf 89' lang='lat' dir='ltr'>fratres</span> <span class='ocrx_word' id='word_1_408' title='bbox 1855 4952 1960 4997; x_wconf 89' lang='lat' dir='ltr'>aut</span> <span class='ocrx_word' id='word_1_409' title='bbox 2006 4951 2260 5016; x_wconf 88' lang='lat' dir='ltr'>nepotes</span> <span class='ocrx_word' id='word_1_410' title='bbox 2305 4953 2524 5013; x_wconf 90' lang='lat' dir='ltr'>regum</span> <span class='ocrx_word' id='word_1_411' title='bbox 2570 4953 2680 4994; x_wconf 88' lang='lat' dir='ltr'>seu</span> <span class='ocrx_word' id='word_1_412' title='bbox 2717 4950 3088 5010; x_wconf 86' lang='lat' dir='ltr'>magnorum</span> 
     </span>
    </p>
   </div>
  </div>
 </body>
</html>
