3684 5416
335 1592 392 1623 to

333 2126 384 2170 ¹5

325 2661 387 2695 20

323 3215 382 3258 25

321 4283 378 4329 35

315 4819 383 4860 4ο

1089 427 1356 482 Potestas
1396 427 1770 483 ecclesiastica
1812 441 1868 482 et
1905 427 2208 499 imperium
2247 425 2424 482 civile.
2958 444 3013 499 ¹3
3023 444 3049 497 5

2996 503 3055 510 ,-

447 607 637 669 simul
682 625 740 670 et
771 610 1222 672 calcidonense
1268 630 1511 674 necnon
1555 628 1614 674 et
1646 612 2113 674 Antiochenum
2144 629 2328 693 atque
2360 612 2717 673 Sardicense
2749 610 2878 672 fieri
2912 630 3058 692 pro-

450 716 680 778 hibent.
752 715 964 796 [Cone.
999 719 1133 780 Nic.
1167 738 1302 780 can.
1345 737 1412 799 53
1474 721 1669 783 Cone.
1703 721 1991 782 Antioch.
2025 740 2073 783 c.
2110 741 2168 800 2,
2205 723 2277 795 ὃς
2328 721 2528 785 Cone.
2576 718 2805 781 Sardic.
2840 738 2892 779 c.
2937 716 3053 797 16.]

670 844 724 886 2.
771 826 1217 909 Episcopis.
1265 827 1411 888 Item
1446 827 1613 889 enim
1647 829 1910 889 habetur
1940 828 2004 889 in
2035 828 2258 890 eodem
2292 828 2574 904 concilio,
2610 840 2677 888 ut
2708 844 2926 888 eorum
2951 824 3058 906 qui

447 930 528 991 ad
558 930 977 994 ordinandum
1009 932 1265 995 veniunt
1298 934 1450 996 fides
1480 950 1539 995 et
1568 936 1689 996 vita
1721 935 1894 1017 prius
1924 937 2000 996 ab
2023 935 2314 1016 episcopo
2336 933 2656 1013 diligenter
2677 932 3055 1008 discutiatur,

448 1053 508 1098 et
538 1036 630 1108 sic⁸
656 1039 1038 1101 ordinentur.
1102 1040 1331 1117 [Cone.
1368 1042 1500 1102 Nic.
1533 1062 1585 1102 c.
1622 1040 1704 1121 9.]

669 1166 723 1226 3.
770 1145 1179 1208 Omnibus.
1213 1147 1398 1208 ·Item
1429 1148 1494 1209 in
1526 1148 1749 1209 eodem
1783 1148 2049 1210 concilio
2082 1166 2330 1209 necnon
2362 1164 2422 1208 et
2453 1149 2515 1209 in
2548 1147 2944 1210 Antiocheno
2977 1145 3057 1205 si-

450 1252 586 1314 mul
629 1268 688 1313 et
733 1253 796 1314 in
830 1252 1301 1332 Calcidonense,
1348 1269 1415 1316 ut
1461 1252 1695 1334 fugitivi
1742 1255 1944 1317 clerici
1990 1270 2048 1316 et
2081 1255 2382 1336 peregrini
2416 1275 2449 1315 a
2485 1254 2660 1316 nullo
2693 1253 3060 1334 recipiantur

449 1377 565 1419 nec
597 1358 957 1420 ordinentur
985 1359 1117 1421 sine
1149 1361 1681 1423 commendaticiis
1711 1361 1923 1423 litteris
1943 1377 2002 1424 et
2022 1362 2118 1423 sui
2137 1361 2410 1443 episcopi
2432 1362 2527 1423 vel
2547 1361 2778 1423 abbatis
2799 1358 3054 1421 licentia.

447 1463 671 1545 [Cone.
706 1466 838 1527 Nic.
870 1485 922 1528 c.
965 1468 1071 1540 163
1134 1468 1327 1530 Cone.
1361 1468 1646 1530 Antioch.
1682 1489 1730 1530 c.
1774 1489 1842 1549 3;
1894 1468 2089 1532 Cone.
2124 1469 2335 1531 Chalc.
2368 1489 2418 1529 c.
2465 1466 2577 1548 ¹3·]

664 1593 724 1650 4.
772 1574 884 1634 Ad
935 1574 1174 1634 solos.
1205 1575 1702 1644 sacerdotes.
1743 1576 1895 1637 Item
1938 1576 2001 1637 In
2034 1576 2257 1637 eodem
2288 1576 2517 1637 sinodo
2549 1574 2941 1637 interdictum
2971 1588 3060 1634 est

449 1678 816 1759 presbyteris
863 1695 922 1740 et
968 1680 1337 1743 diaconibus
1383 1682 1479 1743 vel
1525 1681 1819 1744 omnibus
1866 1683 1974 1763 qui
2006 1682 2071 1743 in
2104 1682 2270 1744 clero
2300 1699 2445 1743 sunt
2480 1681 2802 1744 mulierem
2836 1681 3059 1741 habere

448 1786 513 1846 in
549 1786 743 1872 domo
774 1806 885 1848 sua
918 1803 1164 1869 propter
1193 1788 1630 1869 suspicionem,
1666 1789 1782 1850 nisi
1814 1805 2077 1851 matrem
2108 1806 2213 1851 aut
2244 1808 2523 1850 sororem
2556 1788 2650 1849 vel
2683 1809 2785 1849 eas
2813 1804 3059 1849 tantum

447 1911 749 1974 personas
780 1912 939 1973 quae
972 1894 1354 1975 suspiciones
1386 1894 1711 1976 effugiunt.
1776 1893 1991 1976 [Cone.
2025 1896 2162 1958 Nic.
2193 1917 2241 1957 c.
2281 1894 2354 1975 3.]

673 2021 725 2079 5.
774 1999 1006 2064 Omni
1027 2003 1187 2062 bus.
1248 2002 1400 2063 Item
1429 2002 1493 2062 in
1526 2005 1751 2064 eodem
1782 2005 2050 2065 concilio
2083 2023 2192 2064 seu
2227 2004 2289 2064 in
2321 2004 2576 2064 decretis
2609 2022 2803 2084 papae
2835 2001 3060 2063 Leonis

451 2125 702 2167 necnon
749 2122 809 2168 et
852 2107 916 2169 in
962 2109 1305 2170 canonibus
1350 2087 1510 2190 quae
1556 2110 1847 2186 dicuntur
1892 2111 2345 2191 apostolorum,
2385 2109 2540 2171 sicut
2574 2124 2633 2170 et
2666 2110 2729 2169 in
2762 2109 2896 2188 lege
2929 2108 3058 2189 ipse

453 2213 763 2275 Dominus
809 2214 1134 2296 praecepit,
1181 2216 1442 2277 omnino
1488 2216 1784 2277 omnibus
1830 2216 2222 2280 interdictum
2269 2233 2358 2276 est
2402 2216 2477 2276 ad
2529 2234 2781 2275 usuram
2827 2214 3059 2294 aliquid

447 2324 611 2384 dare.
675 2320 888 2402 [Cone.
921 2323 1052 2383 Nic.
1085 2342 1134 2386 c.
1180 2344 1283 2392 17:
1337 2325 1490 2387 Can.
1524 2331 1736 2407 Apost.
1767 2324 1899 2405 44]

666 2432 725 2492 6.
773 2431 885 2492 Ad
937 2415 1417 2495 sacerdotes.
1477 2432 1782 2494 Auditum
1831 2448 1921 2494 est
1965 2433 2209 2512 aliquos
2257 2433 2643 2512 presbyteros
2676 2431 2925 2492 missam
2961 2449 3059 2490 ce-

447 2536 684 2598 lebrare
731 2553 790 2597 et
821 2556 951 2600 non
984 2538 1475 2600 communicare:
1529 2541 1704 2621 quod
1738 2540 2002 2602 omnino
2036 2541 2097 2601 in
2130 2539 2470 2601 canonibus
2502 2538 2929 2620 apostolorum
2962 2538 3058 2599 in-

446 2646 778 2706 terdictum
810 2639 940 2706 esse
970 2644 1213 2727 legitur.
1278 2647 1390 2708 Vel
1424 2647 1751 2733 quomodo
1784 2648 1984 2708 dicere
2017 2665 2174 2708 recte
2208 2662 2424 2729 potest,
2457 2646 2670 2725 sinon
2704 2624 3060 2707 communi·

448 2753 705 2814 caverit:
775 2746 1214 2835 «sumpsimus,
1250 2754 1542 2831 Domine,
1572 2759 1984 2817 sacramenta?
2008 2778 2034 2807 ι·
2105 2755 2274 2816 Haec
2308 2774 2452 2815 vero
2486 2773 2595 2835 per
2627 2752 2875 2833 singula
2896 2752 3060 2833 capi-

446 2860 576 2921 tula
609 2860 671 2921 in
702 2861 939 2921 statutis
961 2860 1219 2922 Nicoeni
1251 2860 1489 2923 concilii
1515 2860 1719 2941 legere
1753 2861 2002 2942 potestis
2032 2881 2140 2923 seu
2177 2862 2242 2923 in
2274 2861 2405 2929 aliis
2438 2877 2792 2923 sanctorum
2814 2876 3058 2941 patrum

444 2967 852 3048 synodalibus
884 2967 1112 3029 edictis.
1176 2965 1351 3047 [Can.
1389 2973 1603 3048 Apost.
1639 2965 1718 3046 9.]
2050 2950 2055 2953 ’

665 3097 721 3144 7.
769 3074 1180 3136 Omnibus,
1244 3074 1311 3135 In
1346 3074 1691 3136 Antioceno
1738 3074 2022 3149 concili0‚
2071 3077 2244 3155 quod
2280 3075 2375 3136 his
2406 3075 2513 3155 qui
2547 3074 2819 3136 damnati
2850 3089 2994 3135 sunt
3025 3093 3058 3133 a

445 3172 694 3265 synodo
741 3184 836 3244 vel
867 3204 901 3245 a
933 3180 1376 3264 suo'episcopo
1408 3198 1468 3244 et
1500 3198 1709 3265 postea
1742 3184 2083 3245 ministrare
2118 3199 2520 3265 praesumunt
2553 3182 2941 3265 praecipitur,
2993 3199 3060 3243 ut

449 3289 661 3352 nullus
691 3291 915 3352 audeat
946 3290 999 3350 ei
1034 3290 1515 3352 communicare.
1551 3290 1614 3352 Si
1636 3292 1776 3371 quis
1809 3311 1953 3352 vero
1987 3292 2041 3351 ei
2076 3290 2513 3364 communicat,
2545 3290 2725 3351 simili
2759 3289 3059 3351 sententia
3136 3276 3139 3281 ’

445 3396 756 3459 subiaceat
787 3398 941 3459 sicut
972 3412 1031 3458 et
1062 3397 1406 3459 damnatus.
1470 3396 1685 3477 [Cone.
1721 3398 2014 3460 Antioch.
2051 3418 2101 3458 e.
2132 3396 2218 3476 4.]

663 3507 720 3566 8.
766 3503 1210 3586 Episcopis.
1269 3504 1421 3565 Item
1468 3504 1528 3566 in
1563 3506 1783 3567 eodem
1821 3505 2107 3577 concili0‚
2138 3521 2207 3566 ut
2238 3505 2314 3564 ad
2349 3503 2894 3585 metropolitanum
2927 3503 3056 3582 epi-

444 3631 714 3694 scopum
757 3611 1088 3691 suffragani
1136 3612 1406 3693 episcopi
1455 3613 1797 3694 respiciant,
1836 3630 1896 3674 et
1927 3613 2079 3674 nihil
2114 3602 2271 3673 nove
2305 3613 2571 3673 audeant
2605 3611 2800 3672 facere
2833 3611 2896 3670 in
2929 3610 3057 3670 suis

443 3718 784 3803 parrochiis
828 3718 959 3780 sine
992 3718 1363 3781 conscientia
1396 3734 1455 3779 et
1486 3719 1746 3780 consilio
1779 3720 1873 3780 sui
1909 3717 2363 3801 metropolitani
2399 3715 2513 3779 ne'c
2547 3715 3058 3797 metropolitanus

443 3828 579 3889 sine
615 3844 833 3888 eorum
866 3825 1144 3888 consili0.
1207 3825 1427 3906 [Cone.
1459 3827 1748 3888 Antioch.
1784 3847 1832 3887 c.
1869 3825 1945 3905 9.]
2464 3828 2467 3833 ’

663 3955 720 4013 9.
753 3933 1350 3996 Sacerdotibus
1398 3935 1597 3996 Item
1580 3956 1644 3996 1n
1679 3936 1900 3997 eodem
1936 3933 2200 3996 concilio
2232 3933 2416 3994 simul
2450 3949 2507 3993 et
2539 3939 2955 4021 Acyronense,
2990 3946 3056 3990 ut

443 4039 828 4122 corepiscopi
857 4057 1236 4120 cognoscant
1268 4042 1531 4104 modum
1562 4062 1750 4104 suum
1783 4059 1840 4104 et
1861 4041 2011 4104 nihil
2035 4041 2252 4104 faciant
2272 4044 2503 4122 absque
2526 4040 2766 4103 licentia
2786 4037 3055 4121 episcopi

443 4150 508 4210 in
554 4148 730 4210 cuius
777 4149 1130 4230 parroechia
1164 4150 1453 4212 habitant.
1521 4148 1737 4229 [Cone.
1772 4151 2064 4212 Antioch.
2099 4169 2148 4211 c.
2197 4168 2301 4223 ως
2352 4151 2548 4212 Cone.
2583 4154 2808 4230 Ancyr.
2840 4167 2889 4207 c.
2935 4143 3053 4225 13.]

673 4276 765 4317 ιο.
816 4255 1048 4317 Omni
1097 4257 1330 4319 clero,
1371 4257 1520 4317 Item
1553 4258 1615 4317 in
1648 4259 1872 4319 eodem
1906 4258 2186 4330 concilio,
2219 4274 2286 4319 ut
2317 4258 2642 4339 episcopus
2674 4255 2773 4317 vel
2804 4253 3057 4334 quilibet

443 4384 520 4425 ex
551 4363 717 4425 clero
750 4362 882 4425 sine
915 4363 1173 4425 consilio
1204 4364 1298 4425 vel
1329 4364 1539 4425 litteris
1570 4366 2006 4447 episcoporum
2038 4367 2132 4427 vel
2156 4363 2609 4446 metropolitani
2630 4382 2755 4425 non
2789 4362 3055 4424 audeant

442 4471 714 4552 regalem
760 4470 1118 4551 dignitatem
1164 4490 1276 4552 pro
1308 4471 1433 4532 suis
1466 4473 1666 4533 causis
1697 4475 1980 4549 clamare,
2014 4474 2121 4534 sed
2155 4474 2218 4534 in
2252 4480 2589 4534 commune
2621 4470 3056 4552 episcoporum

442 4578 707 4640 concilio
738 4596 921 4640 causa
954 4576 1086 4639 eius
1117 4578 1514 4642 examinetur.
1579 4578 1790 4659 [Cone.
1826 4582 2118 4642 Antioch.
2154 4600 2203 4643 e.
2250 4602 2265 4641 ι
2295 4601 2311 4640 ι
2345 4578 2361 4659 ]

670 4707 689 4746 ι
716 4704 764 4748 t.
823 4685 1266 4767 Episcopis.
1330 4687 1481 4748 Item
1532 4687 1593 4747 in
1645 4688 1867 4749 eodem
1920 4688 2184 4750 concilio
2235 4689 2419 4749 simul
2470 4704 2530 4749 et
2578 4688 2642 4748 in
2696 4684 3054 4747 Sardicense

442 4810 686 4854 necnon
718 4808 777 4853 et
805 4792 869 4853 in
901 4791 1157 4854 decretis
1187 4792 1504 4853 Innocenti
1538 4813 1751 4875 papae,
1786 4810 1853 4856 ut
1884 4793 2089 4855 nullus
2120 4794 2448 4876 episcopus
2481 4794 2544 4854 in
2577 4793 2820 4855 alterius
2841 4807 3053 4872 parro-

444 4898 583 4960 chia
628 4898 1041 4960 ordinationes
1087 4897 1321 4978 aliquas
1353 4900 1574 4961 audeat
1605 4900 1847 4962 efficere
1880 4902 1975 4962 vel
2009 4901 2253 4981 negotia
2288 4919 2575 4982 peragere
2608 4919 2767 4981 quae
2799 4899 2874 4960 ad
2909 4915 3055 4958 eum

443 5025 577 5069 non
609 5005 930 5088 pertinent.
983 5003 1196 5084 [Cone.
1234 5006 1521 5069 Antioch.
1559 5026 1609 5068 e.
1657 5027 1765 5087 13:
1815 5009 2014 5070 Cone.
2046 5007 2219 5069 Sard.
2255 5027 2303 5067 c.
2348 5010 2439 5070 18.
2473 5008 2787 5069 Innocent.
2822 5006 2934 5086 Ep.
2973 5003 3050 5084 7.]
