3684 5416
393 1555 441 1587 to

391 2097 437 2142 Ι5

389 2629 442 2660 20

388 3164 438 3206 ²5

390 3699 443 3743 ‘30

390 4232 439 4276 35

1372 378 1619 434 Ordines
1658 393 1716 435 et
1755 380 2860 464 congregatQ—mw
3011 381 3118 452 635

499 577 597 622 tur
641 561 758 622 eis:
809 577 868 622 et
913 563 1141 624 iterum
1178 564 1435 643 quando
1469 580 1701 637 vacant,
1736 565 2028 627 obediant
2062 566 2406 646 imperanti.
2470 566 2616 626 ltem
2649 580 2710 626 et
2741 564 2960 626 cellam
2996 566 3110 625 ho-

497 670 729 749 spitum
775 670 992 730 habeat
1037 670 1406 749 assignatam
1455 670 1651 749 frater,
1697 671 1876 749 cujus
1921 672 2191 734 animam
2242 672 2427 733 timor
2460 672 2575 733 Dei
2615 672 2952 753 possideat:
3009 671 3116 733 ubi

496 775 617 836 sint
661 775 1021 837 lectisternia
1068 775 1464 852 sufficienter,
1511 795 1568 838 et
1614 777 1841 838 domus
1877 776 1991 838 Dei
2025 799 2058 839 a
2091 778 2468 860 sapientibus
2513 776 2816 865 sapienter
2847 777 3112 839 admini-

497 898 733 945 stretur.
797 883 1423 963 Hospitibus‘autem,
1472 884 1572 945 cui
1607 903 1736 945 non
1772 884 2157 965 praecipitur,
2207 886 2558 946 nullatenus
2589 885 2872 955 societur,
2910 904 3120 965 neque

498 989 919 1068 colloquatur:
971 991 1077 1052 sed
1112 992 1160 1051 si
1193 990 1545 1068 obviaverit,
1581 1008 1684 1052 aut
1716 991 1952 1065 viderit,
1983 992 2257 1053 salutatis
2291 992 2619 1069 humiliter,
2642 1007 2709 1054 ut
2730 991 2963 1053 dictum
2999 1008 3109 1067 est,

497 1110 574 1156 et*
607 1096 788 1177 petita
841 1097 1289 1173 benedictione,
1341 1114 1716 1179 pertranseat
1767 1098 1996 1173 dicenS,
2048 1100 2162 1160 sibi
2215 1118 2344 1160 non
2395 1099 2574 1160 licere
2626 1099 2902 1179 colloqui
2956 1119 3102 1160 cum

498 1203 758 1284 hospite.

709 1311 857 1393 Cap.
894 1311 1042 1371 LIV.
1089 1312 1166 1372 Si
1208 1311 1380 1373 debet
1407 1311 1756 1374 Monachus
1799 1312 2039 1384 literaS,
2086 1312 2186 1373 vel
2211 1311 2460 1393 aliquid
2486 1314 2815 1393 suscipere.
2886 1313 3116 1373 Nulla·-

494 1432 673 1478 tenus
717 1418 890 1479 liceat
939 1419 1255 1481 Monacho
1304 1438 1417 1480 nec
1463 1441 1497 1479 a
1543 1419 1895 1501 parentibus
1942 1421 2093 1494 suis,
2148 1439 2263 1480 nec
2310 1441 2342 1480 a
2389 1438 2713 1501 quoquam
2762 1419 3120 1493 hominum,

496 1544 611 1586 nec
659 1525 772 1586 sibi
817 1526 1081 1587 invicem
1127 1526 1345 1601 literas,
1400 1528 1694 1607 eulogias,
1746 1527 1841 1588 vel
1895 1529 2209 1608 quaelibet
2261 1526 2630 1589 munuscula
2681 1527 2952 1608 accipere
3006 1543 3114 1588 aut

493 1633 638 1692 dare
684 1631 816 1692 sine
865 1649 1189 1713 praecepto
1238 1635 1511 1696 Abbatis.
1572 1634 1767 1710 Quod
1813 1635 1862 1695 si
1915 1636 2098 1696 etiam
2150 1657 2182 1696 a
2235 1635 2592 1716 parentibus
2642 1635 2768 1696 suis
2820 1634 2875 1694 ei
2927 1634 3116 1714 quid-

495 1759 684 1820 quam
730 1739 1270 1816 directum'fuerit,
1321 1759 1450 1802 non
1485 1757 1834 1822 praesumat
1865 1742 2175 1823 suscipere
2209 1742 2383 1818 illud,
2419 1742 2533 1803 nisi
2570 1742 2739 1823 prius
2773 1741 3114 1802 indicatum

497 1846 675 1908 fuerit
706 1847 962 1915 Abbati:
1032 1849 1206 1928 quod
1255 1848 1304 1908 si
1355 1848 1596 1926 jusserit
1645 1848 1891 1931 suscipi,
1945 1849 2009 1910 in
2043 1849 2300 1910 Abbatis
2346 1849 2420 1911 sit
2469 1863 2779 1930 potestate,
2830 1849 2927 1908 cui
2962 1847 3118 1909 illud

494 1953 697 2032 jubeat
749 1953 895 2015 dari.
966 1954 1036 2015 Et
1086 1973 1215 2017 non
1266 1955 1657 2017 contristetur
1708 1955 1907 2031 frater,
1956 1956 2055 2017 cui
2092 1954 2245 2025 forte
2277 1955 2580 2017 directum
2616 1956 2842 2021 fuerat:
2884 1971 2948 2015 ut
2985 1947 3120 2014 non.

494 2061 672 2129 detur
717 2061 959 2123 occasio
990 2062 1257 2123 diabolo.
1322 2060 1447 2138 Qui
1483 2079 1691 2124 autem
1724 2062 1896 2124 aliter
1929 2062 2423 2143 praesumpserit,
2457 2062 2812 2143 disciplinae
2849 2060 3118 2138 regulari

494 2166 823 2245 subjaceat.

706 2276 856 2358 Cap.
895 2277 1018 2338 LV.
1068 2277 1170 2338 De
1213 2280 1548 2352 vestiariiS,
1596 2284 1657 2340 et
1684 2278 2020 2339 calceariis
2031 2281 2331 2357 fratrum.
2410 2276 2783 2338 Vestimenta
2831 2274 3119 2335 fratribus

493 2383 840 2449 secundum
876 2384 1161 2447 locorum
1195 2384 1546 2464 qualitatem
1585 2384 1690 2445 ubi
1724 2384 2018 2455 habitant,
2065 2385 2158 2445 vel
2191 2393 2406 2449 ae‘rum
2439 2384 2820 2465 temperiem,
2856 2383 3113 2442 dentur:

494 2490 639 2569 quia
710 2492 770 2555 in
836 2490 1069 2571 frigidis
1133 2490 1496 2571 regionibus
1569 2491 1836 2572 amplius
1902 2491 2239 2571 indigetur:
2321 2492 2383 2552 in
2437 2490 2650 2554 calidis
2700 2510 2848 2551 vero
2903 2490 3118 2551 minus

492 2597 663 2659 Haec
712 2619 857 2678 ergo
909 2598 1319 2661 consideratio
1366 2618 1554 2679 penes
1584 2600 1887 2660 Abbatem
1936 2614 2039 2659 est.
2098 2599 2232 2659 Nos
2263 2615 2468 2659 autem
2502 2597 2916 2659 mediocribus
2950 2594 3120 2660 lociS.

494 2704 772 2769 sufficere
808 2706 1118 2770 credimus
1154 2706 1475 2769 Monachis
1510 2725 1616 2787 per
1653 2705 1936 2784 singulos
1970 2705 2300 2784 cucullam,
2345 2721 2402 2767 et
2448 2706 2757 2767 tunicam:
2809 2705 3117 2766 cucullam

494 2813 556 2875 in
607 2814 830 2895 hyeme
877 2813 1179 2893 villosam,
1227 2816 1292 2875 in
1339 2829 1567 2878 aestate
1617 2833 1854 2895 puram,
1901 2830 2005 2875 aut
2054 2830 2371 2889 vetustam,
2419 2829 2476 2874 et
2521 2814 2834 2895 scapulare
2868 2830 3123 2895 propter

494 2939 698 3001 opera,
733 2921 1095 2983 indumenta
1133 2922 1405 3002 pedum,
1437 2921 1696 3003 pedules
1728 2937 1786 2982 et
1819 2922 2058 3001 caligas
2123 2921 2214 2983 De
2248 2941 2514 3002 quarum
2570 2940 2775 2982 rerum
2824 2921 3116 2982 omnium

495 3028 702 3090 colore
749 3044 852 3089 aut
903 3029 1319 3108 grossitudine
1361 3049 1491 3090 non
1527 3046 1860 3092 causentur
1893 3030 2219 3091 Monachi:
2270 3031 2375 3091 sed
2412 3030 2626 3110 quales
2672 3029 2934 3090 inveniri
2971 3012 3116 3108 pos-

493 3149 636 3195 sunt
669 3134 730 3195 in
764 3135 1099 3214 Provincia,
1133 3156 1256 3217 qua
1290 3138 1540 3218 degunt,
1574 3153 1682 3198 aut
1715 3138 1889 3217 quod
1921 3136 2100 3198 vilius
2133 3137 2475 3218 comparari
2510 3137 2716 3218 possit.

708 3246 915 3305 Abbas
949 3260 1154 3305 autem
1187 3245 1263 3305 de
1295 3264 1584 3306 mensura
1620 3245 1953 3326 provideat,
1989 3262 2056 3306 ut
2090 3264 2218 3306 non
2256 3243 2376 3306 sint
2409 3253 2577 3306 curta
2603 3244 2732 3325 ipsa
2753 3244 3114 3305 vestimenta

498 3351 832 3428 utentibuS,
867 3351 974 3411 sed
1010 3366 1380 3414 mensurata.
1420 3350 1808 3432 Accipientes
1841 3370 2017 3424 nova,
2039 3368 2238 3412 vetera
2273 3364 2516 3431 semper
2549 3352 2804 3411 reddant
2840 3351 2903 3410 in
2939 3369 3114 3430 prae-

468 3459 671 3536 senti,
725 3458 1083 3540 reponenda
1138 3458 1201 3518 in
1253 3458 1556 3535 vestiario,
1611 3474 1861 3538 propter
1913 3476 2231 3538 pauperes.
2295 3456 2531 3517 Sufficit
2581 3457 2746 3517 enirn
2798 3457 3114 3517 Monacho

497 3565 653 3626 duas
685 3564 921 3626 tunicas
953 3579 1011 3624 et
1043 3565 1197 3626 duas
1230 3565 1501 3626 cucullas
1537 3566 1761 3626 habere
1796 3580 2046 3645 propter
2081 3581 2309 3634 noctes,
2349 3580 2407 3624 et
2439 3580 2687 3645 propter
2719 3563 2917 3623 lavare
2953 3562 3115 3644 ipsas

497 3692 610 3734 res.
675 3672 806 3732 Jam
842 3672 1014 3751 quod
1047 3672 1440 3752 superfluum
1473 3688 1562 3733 est
1593 3672 1895 3753 amputari
1930 3672 2127 3732 debet.
2165 3672 2236 3731 Et
2273 3670 2548 3752 pedules,
2581 3687 2638 3731 et
2662 3673 3115 3751 quodcumque

498 3795 587 3840 est
633 3795 805 3844 vetus
851 3779 1123 3852 reddant,
1169 3780 1321 3840 dum
1368 3780 1673 3860 accipiunt
1721 3798 1975 3840 novum.
2039 3778 2380 3839 Femoralia
2428 3779 2489 3856 ii,
2540 3778 2638 3859 qui
2672 3778 3019 3856 diriguntur
3054 3778 3115 3838 in

495 3886 607 3962 via,
640 3887 716 3947 de
750 3885 1030 3952 vestiario
1064 3886 1394 3967 accipiant:
1447 3887 1556 3966 qui
1593 3901 1962 3947 revertentes
1991 3885 2114 3946 lota
2149 3885 2229 3945 ibi
2266 3885 2599 3947 restituant.
2634 3886 2708 3946 Et
2742 3884 3020 3946 cucullae
3056 3901 3115 3945 et

495 3993 737 4053 tunicae
784 3992 902 4054 sint
947 3992 1282 4073 aliquando
1328 4014 1359 4053 a
1406 3994 1611 4071 solito,
1657 4013 1810 4073 quas
1845 3993 2091 4068 habent,
2145 3990 2386 4053 modice
2434 3993 2755 4062 meliores:
2809 4011 2962 4072 quas
3012 4010 3117 4051 ex-

497 4116 712 4162 euntes
745 4101 809 4161 in
842 4101 1001 4162 viam
1035 4102 1333 4182 accipiant
1364 4103 1440 4162 de
1472 4102 1775 4181 vestiariO,
1810 4117 1869 4162 et
1901 4118 2271 4162 revertentes
2304 4101 2639 4162 restituant.

710 4207 1053 4270 Stramenta
1085 4224 1291 4269 autem
1323 4209 1623 4270 lectorum
1657 4207 1983 4285 sufficiant,
2021 4223 2224 4285 matta,
2260 4227 2502 4287 sagum,
2531 4207 2725 4280 laena,
2752 4222 2806 4268 et
2841 4209 3116 4287 capitale.

497 4314 675 4389 Quae
724 4332 925 4376 tamen
971 4316 1122 4376 lecta
1171 4315 1522 4395 frequenter
1552 4318 1628 4375 ab
1662 4316 1900 4376 Abbate
1938 4316 2266 4376 scrutanda
2299 4330 2475 4389 sunt:
2529 4330 2779 4395 propter
2811 4334 2970 4395 opus
3007 4336 3112 4396 pe-

497 4423 722 4484 culiare
757 4442 835 4485 ne
867 4423 1232 4485 inveniatur.
1279 4427 1352 4483 Et
1384 4423 1434 4484 si
1467 4423 1564 4484 cui
1599 4422 1919 4483 inventum
1965 4421 2163 4494 fuerit,
2200 4423 2370 4503 quod
2406 4424 2479 4482 ab
2513 4424 2749 4483 Abbate
2784 4440 2910 4483 non
2943 4442 3113 4483 acce—

499 4530 604 4610 pit,
650 4529 1041 4609 gravissimae
1089 4528 1445 4610 disciplinae
1481 4527 1804 4605 subjaceat.
1872 4528 1948 4588 Et
1981 4543 2048 4589 ut
2080 4529 2203 4589 hoc
2234 4528 2452 4589 vitium
2485 4529 2792 4609 peculiare
2827 4529 3116 4589 radicitus

497 4650 863 4716 amputetur,
909 4637 1135 4697 dentur
1181 4640 1253 4698 ab
1289 4639 1526 4697 Abbate
1560 4635 1789 4708 omnia,
1825 4655 1988 4716 quae
2023 4651 2168 4696 sunt
2201 4636 2572 4708 necessaria:
2615 4636 2678 4696 id
2712 4651 2817 4710 est,
2854 4635 3118 4713 cuculla,

495 4744 719 4821 tunica,
755 4744 1037 4826 pedules,
1072 4744 1317 4823 caligae,
1351 4744 1590 4822 bracile,
1626 4743 1936 4819 cultellus,
1968 4743 2320 4825 graphium,
2354 4764 2517 4816 acuS,
2538 4742 2851 4824 mappula,
2869 4744 3111 4804 tabula:

499 4866 565 4911 ut
596 4851 803 4912 omnis
835 4852 1142 4914 auferatur
1172 4851 1540 4914 necessitatis
1573 4851 1906 4913 excusatio.
1945 4856 1999 4910 A
2034 4870 2163 4931 quo
2198 4867 2401 4912 tamen
2436 4853 2669 4912 Abbate
2701 4869 2945 4930 semper
2964 4869 3113 4911 con·

495 4958 794 5019 sideretur
824 4958 923 5019 illa
956 4959 1251 5020 sententia
1286 4964 1560 5021 Actuum
1584 4958 2071 5040 Apostolorum:
2109 4959 2282 5038 Quia
2316 4959 2577 5020 dabatur
2609 4960 2901 5039 singulis.
2922 4964 3121 5039 prout
