3684 5416
570 434 676 489 550
1649 428 1820 483 Curia
1859 435 2126 482 romana.⁴

568 601 1026 680 praedictorum
1058 604 1420 688 Secretari0,
1455 630 1523 671 ac
1557 610 1832 688 Datario,
1865 628 1977 671 seu
2012 608 2432 684 Pro-DatariO,
2465 627 2579 688 pro
2611 623 2892 689 tempore
2924 608 3200 669 existen-2

569 706 751 785 tibuS,
785 712 1281 793 quomodolibet,
1329 732 1390 776 et
1434 737 1508 777 ex
1556 736 1956 798 quacumque
2002 734 2184 777 causa
2216 715 2301 776 sic
2335 715 2541 776 forsan
2575 715 2652 774 de
2687 715 3046 776 necessitate
3077 735 3194 784 exe

569 814 912 896 primenda,
947 821 1279 900 respective
1318 822 1527 884 forsan
1560 824 1891 902 concessiS,
1925 823 2291 904 approbatis,
2323 838 2382 882 et
2413 821 2743 900 innovatis,
2776 822 2993 883 usibus
3023 839 3186 902 quo-

567 940 711 1000 que,
745 923 943 1004 stylis,-
974 926 1352 1007 tollerantiis,
1387 930 1919 1011 permissionibus,
1968 947 2026 991 et
2057 928 2611 990 consuetudinibus
2644 929 2829 990 etiam
2860 929 3186 1006 diuturnis,

487 1049 509 1093 5
566 1044 626 1090 et
657 1029 1023 1111 inveteratis,
1058 1034 1122 1095 in
1155 1037 1532 1098 contrarium
1564 1037 2047 1118 praemissorum
2079 1034 2556 1116 quomodolibet
2576 1035 2782 1096 forsan
2803 1035 3188 1113 facientibus,

568 1136 673 1197 vel'
692 1139 1063 1204 extantibus.
1126 1141 1375 1218 Quibus
1423 1145 1737 1223 omnibus,
1785 1161 1846 1205 et
1876 1143 2150 1226 singulis,
2189 1142 2439 1204 illorum
2471 1142 2777 1220 omnium,
2813 1157 2872 1203 et
2901 1142 3186 1222 singulo-

570 1262 714 1305 rum
743 1260 1010 1325 tenores,
1045 1249 1229 1310 etiam
1260 1251 1529 1312 veriores
1561 1251 1984 1332 praesentibus
2017 1270 2131 1332 pro
2164 1251 2362 1330 plene,
2381 1264 2442 1310 et
2470 1247 2847 1311 sufficienter
2868 1249 3183 1330 expressis,

569 1366 629 1410 et
660 1349 901 1414 insertis
933 1353 1247 1435 habentes,
1295 1357 1412 1419 illis
1443 1358 1589 1419 alias
1622 1359 1686 1419 in
1719 1378 1837 1419 suo
1869 1360 2094 1419 robore
2127 1357 2565 1439 permansuris,
2595 1357 2672 1417 ad
2704 1356 3184 1438 praemissorum

568 1456 877 1537 effectum,
929 1462 1284 1543 specialiter,
1333 1481 1394 1525 et
1442 1484 1745 1546 expresse,
1799 1482 1979 1527 motu
2030 1464 2297 1542 scientia,
2346 1480 2406 1524 et
2450 1464 2758 1546 potestatis
2804 1463 3186 1545 plenitudine

567 1564 834 1645 paribus,
866 1569 1259 1650 derogamus,
1295 1572 1671 1653 caeterisque
1702 1572 2020 1634 contrariis
2053 1572 2576 1653 quibuscumque.

722 1711 727 1714 -
782 1682 813 1744 s
858 1695 949 1740 12.
997 1677 1169 1739 Nulli
1202 1698 1352 1758 ergo
1385 1679 1645 1742 omnino
1678 1681 2014 1758 hominum
2045 1679 2240 1755 liceat,
2269 1695 2382 1739 etc.

461 1456 511 1489 10

782 1799 1016 1861 Datum
1049 1801 1288 1863 Romae
1335 1803 1500 1884 apud
1535 1803 1597 1865 S.
1633 1803 1893 1865 Mariam
1927 1802 2232 1881 Maiorem
2269 1806 2455 1863 Anno
2489 1802 2933 1863 incarnationis
2966 1803 3182 1864 Domi·

566 1903 738 1966 nicae
784 1926 969 1986 1745,
1000 1923 1173 1969 sexto
1207 1910 1520 1972 Kalendas
1552 1911 1932 1988 Decembris,
1967 1910 2367 1972 Pontificatus
2400 1910 2613 1971 Nostri
2644 1915 2837 1971 Anno
2870 1927 3060 1974 sexto,

1368 2172 1497 2228 218.
1543 2171 1689 2227 LEO
1726 2172 1910 2228 XIII.
1949 2171 2381 2242 (1878—1908).

463 2360 511 2405 ¹5
566 2328 634 2400 a)
689 2331 940 2386 Motus
979 2332 1374 2403 proprius,
1427 2351 1573 2405 quo
1615 2348 1793 2387 usus
1848 2332 2328 2388 characteris
2377 2330 2816 2387 theutonici
2856 2331 3182 2401 tollitur,

567 2423 640 2466 et
691 2428 872 2466 usus
927 2412 1265 2484 plumbei
1315 2412 1802 2468 numismatis
1842 2429 2006 2467 cum
2046 2412 2375 2467 adiectis
2416 2412 2763 2468 cordulis
2802 2411 3185 2467 limitatur

1402 2493 1473 2549 in
1511 2493 1999 2564 Apostolicis
2038 2493 2348 2549 litteris·

776 2635 806 2665 ⁶
843 2638 986 2690 Acta
1023 2639 1080 2691 S.
1115 2639 1283 2693 Sedis.
1322 2638 1497 2693 Toni.
1524 2639 1616 2693 xl.
1655 2655 1710 2710 p.
1731 2639 2036 2710 465—467.
2089 2638 2391 2694 Wetzer
2428 2655 2481 2692 u.
2524 2636 2869 2704 Weztke,
2906 2637 3173 2692 Kirchen-

564 2719 768 2772 lexicon
808 2737 851 2774 s.
878 2737 930 2774 v.
958 2721 1154 2774 Bullen
1195 2739 1247 2773 u.
1286 2722 1509 2779 Breven.
1548 2720 1642 2774 IV.
1695 2720 1902 2775 Archiv
1923 2722 2048 2790 fiir
2084 2720 2281 2774 kathol.
2321 2719 2725 2774 Kirchenrecht.
2772 2718 2923 2790 1878.

454 2888 509 2921 20
781 2852 956 2912 Motu
1007 2852 1263 2932 proprio
1309 2864 1419 2914 etc.
1483 2853 1820 2915 Universae
1868 2852 2173 2915 Ecclesiae
2219 2853 2494 2931 regimen
2541 2852 2872 2913 humilitati
2918 2853 3175 2913 Nostrae

564 2956 990 3017 concreditum
1035 2957 1194 3018 inter
1239 2958 1352 3019 alia
1399 2959 1875 3021 sollicitudinem
1923 2981 1956 3019 a
1994 2960 2193 3021 Nobis
2223 2961 2586 3041 expostulat,
2620 2974 2687 3019 ut
2718 2977 2830 3038 per
2859 2978 2986 3035 eos,
3017 2977 3175 3038 quo-

564 3080 708 3123 rum
742 3082 948 3141 opera,
993 3080 1053 3124 et
1084 3065 1435 3125 ministeriis
1468 3066 1721 3144 utimur,
1756 3086 1864 3127 eae
1895 3066 2358 3128 meliorationes
2389 3086 2459 3128 ac
2490 3064 2988 3127 modificationes
3019 3083 3177 3145 quae

565 3167 763 3246 magis
796 3167 1077 3248 publicae
1110 3168 1351 3230 utilitati
1384 3170 1726 3247 consulere,
1776 3171 2102 3252 magisque
2138 3172 2318 3232 aetati
2352 3171 2498 3232 huic
2533 3186 2772 3232 nostrae
2806 3171 3182 3251 respondere

526 3336 533 3342 ,
563 3272 871 3351 videntur,
903 3274 968 3334 in
1002 3294 1067 3336 re
1098 3273 1455 3356 praesertim
1488 3276 1907 3338 Ecclesiastica
1940 3294 2371 3359 procurentur,
2402 3292 2589 3358 atque
2620 3277 2968 3340 afferantur.
3007 3276 3184 3351 Qua·

454 3421 505 3465 ²5
562 3396 812 3462 propter
842 3400 988 3442 cum
1019 3383 1388 3463 experientia
1421 3401 1809 3466 compertum
1844 3384 2025 3445 fuerit
2055 3386 2404 3445 charactere
2430 3385 2859 3445 theutonicum
2883 3385 3073 3464 vulgo
3103 3417 3172 3427 —-

558 3486 875 3551 Bollatico
915 3524 987 3533 -
1028 3505 1241 3572 utpote
1274 3493 1350 3551 ab
1384 3512 1503 3553 usu
1537 3492 1860 3552 communi
1894 3508 2229 3568 remotum,
2278 3492 2646 3553 Litterarum
2681 3492 3202 3573 Apostolicarum‘

558 3595 809 3657 lectioni
827 3596 1248 3659 difficultatem
1266 3597 1563 3678 ingerere,
1582 3614 1640 3659 et
1658 3599 2020 3660 earumdem
2047 3599 2343 3659 remorari
2364 3598 2824 3679 expeditionem
2844 3617 3178 3678 quousque

561 3705 990 3765 authenticum
1038 3706 1372 3787 exemplar,
1429 3705 1890 3789 Transumptum
1938 3722 2388 3789 nuncupatum,
2435 3707 2749 3786 signatum
2799 3725 2929 3767 non
2963 3705 3175 3781 fuerit;

562 3809 933 3890 plumbeum
993 3831 1141 3873 vero
1203 3813 1515 3874 numisma
1580 3814 1835 3876 faciliori
1887 3814 2251 3876 huiusmodi
2300 3814 2666 3875 Litterarum
2729 3813 3184 3875 transmissioni

453 3953 508 3998 30
562 3917 730 3978 haud
761 3917 974 3980 leviter
1004 3922 1245 3997 obesse,
1279 3940 1466 4001 super
1495 3920 1726 4001 quibus
1746 3920 1933 3982 elatas
1954 3922 2335 4002 quandoque
2360 3921 2545 3982 fuisse
2566 3920 2847 4001 querelas
2866 3919 3177 3995 novimus,

563 4023 697 4084 Nos
744 4025 858 4103 his,
908 4025 1168 4107 aliisque
1209 4027 1471 4089 minoris
1502 4029 1794 4109 ponderis
1828 4030 2246 4091 incommodis
2279 4029 2802 4111 prospiciendum,
2837 4026 3180 4110 Apostolici

561 4131 837 4191 muneris
868 4150 1000 4192 esse
1035 4149 1410 4214 reputamus.

777 4235 1010 4298 Idcirco
1043 4238 1118 4298 de
1151 4240 1412 4300 consilio
1444 4240 1646 4302 dilecti
1680 4242 1890 4303 Nostri
1923 4241 2058 4303 Filii
2078 4241 2422 4303 Cardinalis
2442 4241 2847 4319 Pro-Datarii,
2866 4258 2926 4302 et
2962 4240 3182 4301 audito

562 4342 833 4422 desuper
863 4343 1044 4404 etiam
1080 4345 1302 4406 dilecto
1336 4346 1465 4407 filio
1499 4348 1809 4409 Cardinali
1842 4348 1903 4408 S.
1938 4349 2012 4410 R.
2046 4349 2113 4411 E.
2134 4348 2719 4426 Vice-CancellariO,
2755 4367 2863 4429 per
2894 4366 3179 4429 praesen·

450 4484 501 4529 35
558 4464 650 4509 tes
694 4447 920 4508 litteras
954 4450 1132 4511 Motu
1180 4453 1434 4533 proprio
1479 4455 1859 4533 characteris,
1908 4457 1984 4516 de
2018 4476 2149 4537 quo
2182 4475 2386 4536 supra,
2433 4456 2498 4517 in
2532 4455 2905 4537 Apostolicis
2938 4454 3182 4515 Litteris

564 4575 750 4617 usum
796 4556 1129 4633 sublatum,
1175 4574 1232 4618 et
1279 4557 1585 4621 abolitum
1631 4561 2026 4623 decernimus
2072 4582 2140 4622 ac
2187 4562 2592 4639 declaramus,
2640 4561 3007 4622 mandantes
3048 4576 3114 4622 ut
3143 4582 3184 4621 a

559 4663 976 4743 praesentium
1025 4664 1440 4745 publicatione
1494 4667 1753 4730 Litterae
1786 4669 2179 4751 Apostolicae
2227 4668 2551 4730 communi
2596 4668 2788 4729 latino
2833 4668 3180 4729 charactere

559 4788 746 4851 super
794 4772 998 4832 charta
1046 4792 1433 4854 pergamena,
1479 4790 1548 4835 ut
1597 4775 1659 4836 in
1707 4796 1880 4837 more
1928 4793 2036 4856 est,
2071 4777 2474 4855 excribantur,
2509 4791 2570 4837 et
2601 4792 2948 4854 exarentur,
2985 4774 3182 4835 firmis

558 4892 768 4938 tamen
819 4880 1217 4941 manentibus
1267 4880 1572 4957 omnium,
1624 4898 1681 4942 et
1734 4882 2130 4962 singulorum
2180 4882 2583 4957 Officialium,
2633 4898 2696 4943 et
2748 4882 3183 4943 ministrorum

445 5018 503 5056 40
560 4984 1113 5066 subscriptionibus
1147 5007 1288 5049 cum
1323 4990 1557 5071 proprii
1592 4990 1893 5070 cuiusque
1926 4991 2200 5052 muneris
2233 4991 2564 5072 respectiva
2597 4990 3041 5069 designatione.
3107 5006 3116 5041 ἰ
