3684 5416
454 1559 502 1593 10

453 2093 497 2137 ¹5

450 3164 497 3208 25

451 3698 503 3742 30

450 4234 500 4278 '35

450 4773 505 4811 40

1198 380 1464 436 Potestas
1503 378 1885 434 ecclesiastica
1926 393 1981 433 et
2020 378 2322 450 imperium
2365 378 2540 434 civile.
3067 399 3168 454 235

559 567 755 630 causis
800 568 904 652 vel?
943 566 1204 646 negotiis
1251 566 1595 646 deputatos,
1644 564 1967 625 occasione
2016 583 2342 624 causarum
2391 563 2483 625 vel
2516 566 2916 645 negotiorum
2950 564 3165 627 huius—

561 675 729 736 modi
764 675 1073 747 occidunt,
1106 692 1214 733 seu
1249 671 1705 753 quoquomodo
1740 671 2112 752 percutiunt,
2148 670 2329 731 bonis
2361 671 2641 750 spoliant.

772 790 802 851 s
848 802 937 861 ¹3·
998 781 1148 842 Item
1194 779 1805 840 excommunicamus
1853 793 1911 838 et
1950 778 2537 840 anathematizamus
2568 797 2789 840 omnes
2821 795 2942 839 tam
2978 779 3168 839 eccle-

558 890 848 966 siasticos,
882 908 1071 970 quam
1106 886 1460 957 saeculares,
1492 886 1925 966 cuiuscunque
1958 884 2285 963 dignitatis,
2311 883 2419 964 qui
2445 900 2864 964 praetexentes
2887 885 3170 946 frivolam

558 995 872 1074 quandam
921 995 1397 1075 appellationem
1445 1013 1478 1052 a
1525 993 1877 1072 gravamine
1914 992 2007 1053 vel
2043 990 2249 1052 futura
2280 991 2638 1053 executione
2670 990 2987 1052 literarum
3021 1011 3169 1071 apo-

557 1103 928 1176 stolicarum,
960 1103 1036 1163 ad
1070 1101 1268 1162 curias
1303 1099 1646 1162 saeculares
1680 1116 1740 1160 et
1770 1099 1988 1161 laicam
2021 1115 2380 1178 potestatem
2419 1115 2756 1160 recurrunt.

770 1219 800 1279 S
843 1230 937 1288 ¹4·
1003 1210 1150 1271 Item
1196 1208 1811 1270 excommunicamus
1858 1223 1916 1267 et
1964 1206 2494 1268 anathemizamus
2532 1223 2751 1266 omnes
2783 1220 2840 1264 et
2872 1204 3171 1285 singulos,

558 1317 665 1396 qui
696 1335 808 1397 per
837 1335 901 1376 se
933 1316 1027 1377 vel
1061 1317 1226 1392 alios,
1258 1315 1612 1377 auctoritate
1646 1315 1892 1396 propria
1925 1334 1993 1374 ac
2028 1315 2103 1375 de
2139 1313 2318 1385 fact0,
2358 1331 2900 1392 quarumcumque
2924 1331 3168 1392 exemp-

555 1424 818 1500 tionum,
853 1424 945 1484 vel
979 1424 1238 1485 aliarum
1286 1424 1619 1504 gratiarum
1654 1436 1712 1485 et
1744 1422 2080 1483 litterarum
2114 1419 2592 1502 apostolicarum
2625 1437 2954 1501 praetextu,
2988 1423 3169 1481 bene·

557 1530 779 1591 ficiales
811 1545 869 1591 et
900 1530 1276 1592 decimarum
1311 1549 1380 1591 ac
1411 1530 1559 1591 alias
1592 1551 1806 1591 causas
1839 1529 2184 1610 spirituales
2216 1544 2322 1589 aut
2356 1527 2773 1609 spiritualibus
2804 1543 3076 1589 annexes
3094 1529 3171 1587 ab

557 1637 941 1699 auditoribus
973 1654 1030 1697 et
1062 1636 1496 1699 commissariis
1529 1638 1771 1707 nostris,
1812 1636 2073 1715 aliisque
2108 1635 2416 1696 iudicibus
2448 1634 2862 1697 ecclesiasticis
2893 1649 3168 1703 avocant,

555 1744 883 1806 illorumve
914 1763 1164 1829 cursum
1198 1759 1255 1804 et
1287 1742 1684 1819 audientiam,
1737 1763 1806 1805 ac
1838 1761 2154 1822 personas,
2189 1741 2470 1824 capitula,
2501 1758 2866 1813 conventus,
2897 1741 3172 1819 collegia,

557 1869 767 1912 causas
799 1850 961 1929 ipsas
992 1849 1284 1931 prosequi
1319 1849 1593 1909 volentes
1625 1848 1994 1928 impediunt,
2043 1868 2112 1909 ac
2144 1867 2208 1908 se
2242 1849 2318 1908 de
2349 1847 2593 1908 illarum
2628 1847 2980 1926 cognitione
3012 1860 3171 1907 tam-

556 1977 745 2037 quam
792 1957 1024 2018 iudices
1069 1958 1504 2039 interponunt:
1559 1955 1744 2036 quive
1793 1971 1991 2036 partes
2023 1956 2289 2028 actrices,
2323 1975 2482 2035 quae
2513 1955 2646 2015 illas
2679 1955 2978 2016 committi
3015 1954 3169 2015 fece-

557 2080 700 2126 runt
731 2081 787 2126 et
822 2064 1067 2142 faciunt,
1111 2065 1189 2125 ad
1235 2064 1653 2126 revocandum
1686 2079 1745 2124 et
1777 2063 2047 2124 revocari
2085 2062 2436 2124 faciendum
2471 2062 2786 2123 citationes
2818 2061 2912 2122 vel
2947 2060 3167 2121 inhibi-

555 2173 771 2247 tiones,
818 2187 923 2234 aut
968 2172 1113 2232 alias
1144 2172 1367 2232 litteras
1401 2173 1466 2232 in
1499 2171 1585 2232 eis
1619 2172 1907 2236 decretas,
1943 2185 2000 2229 et
2032 2169 2107 2229 ad
2145 2166 2496 2230 faciendum
2530 2167 2625 2228 vel
2658 2167 3171 2229 consentiendum

556 2298 682 2355 eos,
726 2294 934 2340 contra
980 2298 1140 2359 quos
1185 2277 1333 2341 tales
1377 2277 1775 2338 inhibitiones
1821 2292 2210 2351 emanarunt,
2243 2298 2276 2337 a
2312 2275 2586 2337 censuris
2617 2290 2674 2336 et
2707 2274 2924 2356 poenis
2957 2275 3025 2333 in
3055 2273 3171 2334 illis

556 2387 860 2448 contentis
904 2384 1154 2462 absolvi,
1201 2404 1309 2466 per
1353 2400 1648 2446 statutum
1684 2384 1779 2445 vel
1811 2384 1959 2446 alias
1992 2384 2399 2465 compellunt,
2432 2383 2527 2443 vel
2560 2381 3041 2461 exequutionem
3077 2380 3171 2440 lit-

556 2510 821 2556 terarum
873 2493 1351 2574 apostolicarum
1399 2512 1510 2553 seu
1558 2492 2139 2572 exequutorialium,
2208 2507 2612 2571 processuum
2668 2507 2734 2548 ac
2785 2489 3170 2549 decretorum

555 2601 1007 2682 praedictorum
1055 2600 1531 2680 quomodolibet
1570 2599 1935 2682 impediunt,
1973 2598 2067 2660 vel
2097 2617 2286 2659 suum
2318 2599 2392 2658 ad
2429 2598 2489 2659 id
2529 2596 2805 2657 favorem
2839 2592 3170 2656 consilium

556 2722 659 2768 aut
689 2727 1006 2769 assensum
1037 2723 1359 2788 praestant,
1406 2706 1587 2767 etiam
1620 2722 1934 2787 praetextu
1968 2705 2296 2767 violentiae
2331 2703 2751 2785 prohibendae
2787 2701 2882 2763 vel
2906 2701 3169 2769 ‘aliarum

553 2814 1074 2897 praetensionum,
1118 2835 1229 2877 seu
1277 2814 1459 2875 etiam
1503 2814 1706 2875 donec
1750 2814 1869 2892 ipsi
1900 2814 1977 2874 ad
2012 2833 2128 2874 nos
2162 2811 2622 2887 informandOS,
2661 2825 2725 2871 ut
2759 2808 2991 2881 dicunt,
3023 2828 3169 2887 sup-

557 2922 909 3004 plicaverint
938 2938 1043 2983 aut
1074 2922 1402 3003 supplicari
1440 2920 1706 2995 fecerint,
1727 2921 1841 2982 nisi
1868 2920 2352 3002 supplicationes
2374 2918 2739 2981 huiusmodi
2762 2935 2969 2979 coram
2992 2916 3172 2989 nobis

555 3045 613 3090 et
645 3031 804 3091 Sede
836 3028 1190 3109 Apostolica
1222 3028 1493 3107 legitime
1528 3044 1997 3108 prosequantur,
2033 3027 2213 3088 etiam
2236 3028 2282 3089 si
2305 3025 2449 3087 talia
2473 3025 2930 3086 committentes
2953 3021 3176 3083 fuerint

557 3138 967 3220 praesidentes
998 3136 1512 3207 cancellariarum,
1560 3134 1987 3207 consiliorum,
2036 3135 2585 3214 parlamentorum,
2621 3130 2984 3202 cancellarii,
3017 3129 3174 3199 vice-

557 3244 949 3318 cancellarrii,
991 3242 1341 3318 consiliarii,
1389 3242 1682 3302 ordinarii
1722 3243 1813 3302 vel
1848 3241 2329 3315 extraordinarii,
2362 3258 2915 3320 quorumcumque
2952 3236 3173 3317 princi-

557 3372 708 3435 pum
741 3351 1132 3424 secularium,
1177 3349 1409 3411 etiamsi
1442 3348 1762 3429 imperiali,
1809 3348 2017 3428 regali,
2054 3349 2252 3410 ducali
2290 3349 2382 3410 vel
2418 3348 2531 3409 alia
2566 3364 2965 3426 quacumque
3001 3363 3176 3424 prae-

559 3462 849 3539 fulgeant,
891 3457 1203 3536 dignitate,
1249 3472 1353 3517 aut
1399 3455 1865 3536 archiepiscopi,
1902 3454 2194 3535 episcopi,
2228 3456 2493 3526 abbates,
2525 3450 3030 3514 commendatarii
3066 3470 3175 3510 seu

555 3567 761 3628 vicarii
793 3565 1032 3628 fuerint.

772 3683 801 3743 s
847 3694 936 3753 ¹5·
1000 3670 1204 3747 Quive
1237 3690 1307 3732 ex
1342 3688 1561 3731 eorum
1595 3685 1917 3750 praetenso
1952 3667 2181 3743 officio,
2214 3668 2309 3728 vel
2342 3667 2418 3727 ad
2455 3666 2805 3727 instantiam
2839 3664 3041 3745 partis,
3074 3682 3177 3725 aut

558 3782 822 3843 aliorum
868 3797 1437 3860 quorumcumque,
1485 3794 1782 3857 personas
1827 3774 2282 3845 ecclesiasticaS,
2330 3773 2611 3856 capitula,
2648 3786 3013 3846 conventus,
3047 3771 3176 3832 col-

558 3888 715 3969 legia
759 3886 1152 3949 ecclesiarum
1187 3903 1748 3966 quarumcumque,
1781 3902 1992 3944 coram
2025 3903 2090 3944 se
2122 3883 2197 3944 ad
2231 3900 2419 3942 suum
2453 3879 2753 3955 tribunal,
2778 3877 3180 3947 audientiam,

558 3994 997 4069 cancellariam,
1044 3992 1395 4063 consilium,
1443 3992 1534 4052 vel
1569 3991 2021 4071 parlamentum
2059 4005 2297 4070 praeter
2330 3988 2479 4049 iuris
2512 3986 2793 4048 canonici
2826 3984 3176 4065 dispositio-

561 4122 704 4163 nem
736 4102 988 4163 trahunt
1018 4101 1115 4161 vel
1147 4100 1301 4160 trahi
1339 4098 1586 4172 faciunt,
1619 4113 1973 4179 procurant,
2008 4097 2234 4157 directe
2267 4095 2361 4156 vel
2393 4094 2708 4165 indirecte,
2741 4091 2962 4172 quovis
2989 4110 3179 4170 quae-

557 4209 674 4270 sito
724 4208 967 4281 colore3
1020 4226 1265 4268 necnon
1312 4205 1424 4285 qui
1469 4220 1709 4282 statuta,
1755 4203 2192 4275 ordinationes»,
2225 4201 2720 4277 constitutioneS,
2755 4200 3178 4281 pragmaticaS,

557 4337 665 4378 seu
714 4315 968 4395 quaevis
1014 4314 1128 4375 alia
1174 4313 1414 4373 decreta
1461 4312 1523 4372 in
1556 4331 1782 4390 genere
1815 4311 1911 4371 vel
1944 4310 2007 4371 in
2039 4309 2262 4390 specie,
2295 4329 2367 4369 ex
2402 4309 2620 4389 quavis
2652 4327 2835 4370 causa
2869 4324 2927 4368 et
2959 4308 3182 4388 quovis

558 4425 837 4505 quaesito
868 4423 1098 4498 colore,
1132 4441 1200 4482 ac
1232 4419 1412 4482 etiam
1449 4434 1758 4499 praetextu
1793 4418 2066 4480 cuiusvis
2087 4416 2578 4490 consuetudinis,
2599 4430 2704 4477 aut
2736 4414 3055 4496 privilegii,
3088 4415 3179 4473 vel

559 4534 705 4594 alias
736 4529 1217 4612 quomodolibet
1248 4527 1502 4589 fecerint
1536 4541 1596 4587 et
1628 4525 2092 4607 publicaverint,
2115 4525 2208 4584 vel
2237 4524 2406 4585 factis
2427 4539 2487 4584 et
2502 4523 2803 4585 ordinatis
2827 4522 2920 4584 usi
2943 4521 3182 4583 fuerint.

562 4640 727 4701 unde
761 4639 1008 4699 libertas
1040 4635 1440 4697 ecclesiastica
1475 4634 1723 4710 tollitur,
1758 4653 1867 4694 seu
1903 4633 1967 4693 in
2001 4632 2210 4711 aliquo
2245 4631 2514 4693 laeditur
2545 4632 2641 4691 vel
2674 4630 3054 4712 deprimitur,
3076 4646 3182 4689 aut

559 4747 706 4807 alias
737 4745 960 4826 quovis
994 4743 1186 4805 modo
1218 4742 1622 4820 restringitur,
1659 4761 1769 4802 seu
1805 4740 2048 4813 nostris,
2083 4754 2139 4799 et
2172 4737 2369 4800 dictae
2403 4737 2597 4811 Sedis,
2631 4758 2698 4798 ac
2732 4756 3180 4818 quarumcum-

560 4873 684 4934 que
732 4851 1126 4914 ecclesiarum
1179 4850 1416 4911 iuribus
1466 4848 1960 4929 quomodolibet,
2008 4847 2234 4907 directe
2269 4847 2363 4907 vel
2403 4847 2714 4917 indirecte,
2748 4844 2920 4905 tacite
2953 4844 3047 4903 vel
3081 4863 3183 4903 ex-

561 4979 765 5041 presse
800 4959 1263 5041 praeiudicatur.
