3684 5416
614 352 683 435 96
1243 352 1506 408 Potestas
1547 353 1929 410 ecclesiastica
1969 367 2024 409 et
2062 353 2367 425 imperium
2406 351 2580 407 civile.

616 535 910 597 omnibus
956 535 1351 617 pontificibus
1397 557 1686 601 concessa
1739 555 1904 617 sunt,
1953 538 2252 618 refragare
2286 553 2389 599 aut
2421 536 2807 618 confringere
2841 535 2934 597 vel
2966 535 3032 597 in
3064 555 3223 616 quo-

617 661 807 722 quam
850 642 1127 705 convelli.
1192 644 1256 705 Si
1301 644 1442 724 quis
1486 661 1715 720 autem,
1764 647 1940 725 quod
1986 664 2118 707 non
2150 644 2477 723 credimus,
2512 644 2577 706 in
2610 645 2730 706 hoc
2761 658 3091 705 temerator
3121 658 3225 703 aut

616 764 1006 831 contemptor
1054 751 1358 830 exstiterit,
1422 752 1681 813 aeternis
1729 752 2354 815 condemnationibus
2406 751 2712 814 subiaceat
2763 751 3116 829 innodatus,
3168 766 3224 811 et

616 870 855 917 sanctos
887 856 984 917 dei
1016 856 1322 942 principes
1350 858 1775 941 apostolorum
1796 861 2045 921 Petrum
2078 875 2137 921 et
2169 859 2433 922 Paulum
2466 859 2577 921 sibi
2610 860 2671 921 in
2705 857 3007 942 praesenti
3038 873 3096 919 et
3129 857 3226 919 fu·

541 989 560 1030 5
614 977 750 1023 tura
781 962 897 1024 vita
929 964 1148 1026 sentiat
1179 965 1534 1044 contrarios,
1567 982 1752 1047 atque
1785 966 1850 1027 in
1882 967 2126 1028 inferno
2158 965 2429 1028 inferiori
2449 982 2895 1042 concrematus„
2930 984 3076 1026 cum
3097 964 3224 1025 dia--

516 1525 566 1556 10

522 2057 567 2101 ι5

618 1071 764 1132 bolo
797 1088 856 1132 et
887 1072 1180 1135 omnibus
1212 1072 1450 1135 deficiat
1484 1074 1701 1156 impiis.

837 1199 936 1242 20.
992 1179 1197 1241 Huius
1240 1199 1387 1242 vero
1433 1180 1760 1263 imperialis
1806 1181 2031 1243 decreti
2079 1181 2271 1243 nostri
2318 1181 2603 1263 paginam
2650 1180 2909 1263 propriis
2940 1178 3228 1241 manibus

619 1289 978 1370 roborantes
1023 1306 1212 1368 super
1260 1289 1685 1350 venerandum
1737 1307 1966 1369 corpus
2015 1287 2174 1349 beati
2222 1288 2399 1363 Petri,
2446 1287 2732 1369 principis
2778 1286 3229 1369 apostolorum,

621 1393 965 1475 posuimu5‚
1011 1394 1218 1475 ibique
1265 1394 1464 1457 eidem
1499 1396 1597 1457 dei
1643 1395 1928 1477 apostolo
1973 1396 2371 1476 spondenteS,
2405 1411 2522 1456 nos
2554 1410 2772 1456 cuncta
2807 1391 3229 1454 inviolabiliter

621 1521 979 1578 conservare
1026 1517 1085 1563 et
1132 1502 1353 1563 nostris
1386 1502 1847 1565 successoribus
1880 1502 2349 1584 imperatoribus
2381 1501 2803 1564 conservanda
2837 1502 2898 1562 in
2929 1499 3229 1562 mandatis

620 1608 901 1688 relinqui,
933 1609 1282 1672 beatissimo
1302 1610 1455 1691 patri
1476 1626 1688 1671 nostro
1709 1609 2022 1671 Silvestrio
2042 1629 2294 1671 summo
2315 1608 2594 1690 pontifici
2615 1624 2674 1670 et
2693 1607 3018 1669 universali
3039 1625 3229 1687 papae

622 1715 878 1796 eiusque
910 1735 1019 1797 per
1049 1735 1196 1777 eum
1229 1717 1467 1778 cunctis
1485 1717 1946 1784 successoribus
1978 1715 2391 1799 pontificibus,
2422 1716 2662 1778 domini
2696 1717 2815 1777 deo
2848 1732 2904 1776 et
2936 1715 3231 1776 salvatore

621 1837 833 1884 nostro
865 1822 1007 1883 Jesu
1041 1822 1290 1885 Christo
1321 1820 1654 1901 annuente,
1685 1824 2048 1885 tradidimus
2067 1824 2413 1905 perenniter
2431 1840 2616 1904 atque
2638 1823 2890 1885 feliciter
2912 1822 3229 1904 possiden-

623 1928 784 1989 dam.
820 1964 898 1972 -
937 1929 1010 1990 Et
1041 1930 1407 2012 subscriptio
1439 1931 1801 2012 imperialis:
1836 1965 1926 1973 —
1958 1931 1998 2007 †
2032 1931 2329 1993 Divinitas
2363 1952 2474 1994 vos
2509 1947 2832 1993 conservet
2865 1949 2971 2011 per
3002 1929 3231 1991 multos

624 2055 844 2114 annos,
878 2037 1238 2099 sanctissimi
1269 2054 1325 2098 et
1359 2038 1685 2099 beatissimi
1717 2053 1934 2120 patres.

839 2144 1068 2205 Datum
1102 2145 1303 2207 Roma
1350 2148 1466 2207 sub
1505 2146 1602 2207 die
1633 2146 1823 2235 tercio
1857 2144 2274 2206 Kalendarum
2308 2145 2705 2226 Apriliarum‚
2750 2145 2988 2205 domno
3021 2157 3235 2204 nostro

626 2251 835 2312 flavio
867 2250 1281 2314 Constantino
1315 2267 1580 2332 augusto
1613 2266 1829 2332 quater
1860 2268 1919 2313 et
1951 2251 2273 2331 Galligano
2307 2251 2447 2313 viris
2480 2251 2824 2314 clarissimis
2856 2249 3235 2314 consulibus,
