3684 5416
271 1570 314 1600 10

264 2107 306 2149 ¹5

261 2641 309 2672 20

259 3179 304 3222 τε

258 3714 305 3757 30

258 4248 305 4291 35

259 4781 310 4820 ⁴0

1012 397 1277 451 Potestas
1317 394 1699 450 ecclesiastica
1740 409 1797 451 et
1833 395 2143 467 imperium
2181 396 2356 453 civile.
2889 400 2982 474 183

371 579 458 641 eis
506 599 648 641 cum
694 579 869 640 omni
917 580 1296 660 plenitudine
1345 579 1879 661 archiepiscopalis
1926 580 2236 661 dignitatis
2282 598 2340 643 et
2382 581 2577 644 offitii.
2639 583 2715 645 Et
2748 584 2984 665 primus

369 685 946 768 archiepiscopatus,
995 686 1103 767 qui
1136 687 1197 747 in
1229 686 1628 748 Tbeutonico
1673 705 1871 765 regno
1904 689 2224 759 vacaverit,
2270 689 2530 750 domino
2561 691 2841 754 Corrado
2873 712 2983 754 au-

370 795 643 856 ctoritate
679 794 918 856 domini
952 815 1103 877 pape
1138 813 1196 857 et
1226 796 1454 858 auxilio
1484 796 1721 858 domini
1755 797 2139 878 imperatoris
2171 798 2597 880 assignabitur,
2633 799 2741 878 (ιυί
2776 814 2983 861 tamen

368 921 686 982 congruus
719 901 1014 964 videatur.

595 1030 690 1089 ¹3·
755 1009 825 1069 Ei
870 1025 1078 1070 autem
1125 1009 1235 1089 qui
1282 1010 1503 1071 dicitur
1534 1010 1812 1074 Calixtus
1861 1030 1987 1072 una
2033 1012 2269 1074 abbatia
2316 1013 2578 1075 dabitur.
2639 1012 2726 1075 llli
2774 1029 2983 1076 autem

368 1115 476 1195 qui
526 1117 889 1177 dicebantur
931 1116 1062 1177 eius
1096 1117 1433 1179 cardinales
1466 1117 1752 1180 redibunt
1783 1120 1862 1182 ad
1892 1119 2028 1180 loca
2060 1139 2182 1200 que
2217 1120 2420 1201 primo
2455 1122 2820 1199 habuerunt,
2867 1121 2983 1183 nisi

367 1241 435 1283 ea
483 1238 706 1304 sponte
753 1224 848 1284 vel
892 1224 1113 1285 iuditio
1159 1224 1533 1296 dimiserant,
1583 1242 1640 1289 et
1683 1227 1749 1287 in
1780 1227 2123 1304 ordinibus,
2155 1247 2317 1309 quos
2349 1244 2486 1290 ante
2521 1229 2739 1289 scisma
2776 1247 2985 1308 perce-

366 1345 613 1410 perunt,
646 1331 1092 1412 relinquentur.

596 1458 685 1514 14.
749 1436 918 1499 Gero
963 1455 1170 1500 autem
1222 1458 1390 1500 nunc
1451 1440 1647 1502 dictus
1714 1440 2182 1503 Alberstatensis
2243 1442 2472 1524 precise
2532 1443 2881 1524 deponetur
2926 1460 2983 1506 et

367 1542 619 1605 Ulricus
652 1564 833 1605 verus
866 1545 1334 1608 Alberstatensis
1365 1545 1732 1608 restituetur.
1793 1547 2215 1610 Alienationes
2247 1570 2281 1610 a
2312 1546 2564 1611 Getone
2599 1548 2751 1612 facte
2785 1566 2842 1611 et
2876 1553 2982 1611 be-

365 1649 573 1712 nefitia
634 1652 771 1713 data
820 1652 1097 1714 similiter
1145 1670 1203 1714 et
1247 1655 1324 1714 ab
1371 1654 1662 1715 omnibus
1713 1654 1961 1716 intrusis
2019 1655 2375 1716 auctoritate
2435 1656 2678 1719 domini
2724 1677 2879 1739 pape
2925 1675 2984 1720 et

364 1757 611 1821 domini
644 1758 1028 1840 imperatoris
1059 1762 1463 1821 cassabuntur
1492 1775 1549 1822 et
1580 1759 1710 1821 suis
1740 1760 2012 1821 ecclesiis
2041 1761 2457 1825 restituentur.

594 1885 684 1944 ¹5·
718 1865 811 1925 De
845 1866 1144 1929 electione
1177 1867 1748 1947 Brandeburgensis
1780 1868 2073 1949 episcopi,
2107 1868 2217 1948 qui
2250 1870 2324 1930 ad
2350 1870 2747 1932 Bremensem
2782 1872 2982 1934 archi-

364 1971 797 2052 episcopatum
844 1972 1070 2034 electus
1115 1991 1259 2051 erat,
1307 1989 1722 2054 cognoscetur
1754 1990 1829 2049 et,
1882 1975 1931 2035 si
1964 1974 2338 2037 canonicum
2373 1976 2573 2055 fuerit,
2609 1979 2683 2038 ad
2719 1978 2981 2040 eandem

364 2076 685 2139 ecclesiam
732 2080 1144 2143 transferetur.
1219 2081 1295 2143 Et
1327 2100 1724 2162 quecumque
1755 2103 1788 2142 a
1821 2080 2189 2158 BaldeuinO,
2223 2082 2331 2162 qui
2367 2101 2537 2144 nunc
2570 2102 2801 2164 praeest
2834 2086 2981 2147 Bre-

362 2185 569 2246 mensi
613 2185 922 2260 ecclesiae,
968 2188 1226 2250 alienata
1274 2188 1372 2249 vel
1404 2187 1831 2250 inbeneficiata
1866 2204 2029 2260 sunt,
2059 2189 2218 2250 sicut
2250 2189 2624 2251 canonicum
2658 2206 2717 2252 et
2749 2191 2981 2254 iustum

363 2289 569 2368 fuerit,
603 2292 806 2357 eidem
840 2296 1091 2358 ecclesie
1124 2296 1535 2358 restituentur.

594 2409 687 2469 16.
745 2406 890 2468 Item
927 2424 1048 2485 que
1081 2403 1533 2481 Salsiburgensi
1568 2403 1821 2464 ecclesie
1853 2421 2130 2484 tempore
2161 2402 2458 2465 scismatis
2489 2405 2790 2465 subtracta
2812 2423 2978 2485 sunt,

361 2514 417 2574 ei
450 2513 723 2595 plenarie
761 2513 1169 2575 restituentur.

482 2693 490 2699 ,
592 2642 684 2688 17.
748 2619 1032 2684 Universi
1077 2618 1280 2679 clerici
1324 2617 1433 2698 qui
1477 2633 1623 2680 sunt
1655 2619 1731 2678 de
1765 2617 1962 2678 Ytalia
1993 2617 2089 2679 vel
2121 2617 2252 2679 aliis
2285 2617 2664 2697 regionibus,
2699 2619 2806 2699 qui
2839 2636 2983 2682 sunt

360 2744 529 2791 extra
561 2729 1031 2790 Theutonicum
1065 2745 1351 2806 regnum,
1384 2726 1773 2807 dispositioni
1806 2742 1866 2787 et
1900 2725 2118 2787 iuditio
2151 2726 2392 2789 domini
2425 2746 2582 2808 pape
2608 2727 2979 2805 A(lexandri)

358 2855 918 2916 successorumque
966 2835 1099 2896 eius
1145 2834 1592 2914 relinquentur.
1657 2833 1721 2895 Si
1769 2853 1915 2894 vero
1961 2833 2221 2895 domino
2265 2834 2619 2915 imperatori
2650 2833 2981 2916 placcuerit

359 2962 580 3023 rogare
628 2963 741 3024 pro
788 2942 1111 3003 ordinibus
1155 2941 1513 3021 aliquorum
1560 2960 1719 3021 quos
1765 2940 2060 3002 canonice
2107 2956 2529 3022 perceperunt,
2581 2960 2781 3021 usque
2813 2941 2888 3002 ad
2925 2940 2980 3002 X

357 3052 453 3112 vel
485 3050 616 3128 XII,
649 3049 701 3111 si
732 3049 954 3111 instare
986 3048 1265 3126 voluerit,
1299 3047 1677 3110 exaudietur.

588 3159 680 3219 18.
743 3156 1193 3232 G(arsidonius)
1223 3170 1434 3217 autem
1455 3157 1836 3218 Mantuanus
1869 3156 1943 3215 ad
1979 3154 2403 3236 episcopatum
2435 3155 2760 3234 quondam
2792 3175 2979 3218 suum

358 3265 735 3341 restituetur,
782 3263 860 3325 ita
906 3279 1113 3325 tamen
1160 3264 1332 3343 quod
1382 3262 1481 3323 ille
1529 3262 1636 3341 qui
1685 3282 1854 3323 nunc
1902 3278 1991 3322 est
2026 3263 2421 3339 Mantuanus,
2469 3263 2831 3325 auctoritate
2864 3264 2977 3326 do-

359 3372 516 3433 mini
550 3390 710 3453 pape
739 3386 797 3432 et
827 3371 1057 3432 auxilio
1091 3369 1328 3431 domini
1362 3368 1747 3450 imperatoris
1766 3370 1844 3430 ad
1864 3368 2306 3430 Tridentinurn
2335 3368 2761 3450 episcopatum
2784 3386 2975 3432 trans-

360 3480 609 3555 feretur,
658 3478 775 3539 nisi
821 3478 976 3538 forte
1012 3478 1169 3537 inter
1201 3475 1533 3538 dominum
1566 3494 1794 3556 papam
1826 3490 1886 3535 et
1917 3475 2248 3537 dominum
2282 3476 2716 3556 imperatorem
2748 3495 2976 3538 conve-

359 3586 538 3664 nerit,
575 3600 644 3648 ut
674 3586 739 3646 in
772 3586 894 3646 alio
927 3584 980 3644 ei
1013 3584 1370 3665 episcopatu
1406 3583 1816 3664 provideatur.

588 3713 681 3771 ¹9·
744 3691 1230 3773 Archipresbiter
1276 3710 1423 3751 vero
1468 3692 1545 3752 de
1579 3689 1772 3750 Sacco
1805 3689 1868 3750 in
1899 3690 2467 3770 archipresbiterum
2501 3691 2822 3770 quondam
2856 3710 2975 3752 suo

358 3817 417 3861 et
447 3800 513 3861 in
544 3799 677 3860 aliis
711 3799 1032 3873 benefitiis,
1075 3818 1241 3879 *quae
1286 3813 1422 3859 ante
1471 3797 1689 3859 scisma
1735 3796 1968 3873 habuit,
2002 3816 2145 3858 cum
2181 3796 2354 3857 omni
2387 3796 2771 3877 plenitudine
2802 3798 2975 3859 resti-

358 3921 581 3968 tuetur.
649 3958 654 3959 ff

577 4033 677 4074 20.
739 4011 1028 4073 Universi
1074 4012 1256 4072 etiam
1302 4012 1568 4073 ordinati
1617 4033 1650 4073 a
1697 4011 2025 4091 quondam
2072 4009 2386 4072 catholicis
2431 4010 2524 4070 vel
2550 4011 2646 4071 ·ab
2680 4010 2975 4071 ordinatis

359 4138 581 4181 eorum
630 4120 694 4180 in
725 4119 1130 4181 Theutonico
1175 4137 1367 4198 regno
1414 4118 1806 4180 restituentur
1853 4118 1915 4179 in
1947 4117 2271 4179 ordinibus
2303 4117 2501 4178 taliter
2531 4117 2832 4199 perceptis
2860 4137 2973 4179 nec

358 4226 684 4288 occasione
722 4227 908 4288 huius
938 4225 1237 4287 scismatis
1267 4229 1707 4305 gravabuntur.

575 4352 676 4394 21.
741 4334 833 4394 De
866 4332 1304 4415 Argentinensi
1335 4350 1539 4394 autem
1575 4350 1632 4394 et
1665 4332 1984 4394 Basiliensi
2016 4332 2190 4393 dictis
2211 4330 2533 4413 episcopiS,
2570 4332 2678 4412 qui
2709 4332 2973 4393 ordinati

362 4439 614 4502 fuerunt
663 4461 697 4500 a
731 4440 1027 4502 Guidone
1060 4440 1404 4516 Cremensi,
1454 4439 1518 4500 in
1571 4440 1793 4502 eodem
1841 4458 2033 4519 regno
2086 4460 2118 4499 a
2171 4438 2488 4520 praedictis
2534 4438 2974 4501 mediatoribus

361 4549 776 4609 committetur
793 4548 864 4609 .X
894 4547 991 4609 vel
1022 4563 1164 4609 octo
1197 4565 1357 4627 quos
1389 4547 1501 4628 ipsi
1535 4548 1846 4625 elegerint,
1900 4548 2007 4627 qui
2056 4547 2343 4627 praestito
2386 4546 2733 4607 iuramento
2767 4544 2973 4605 firma-

362 4656 530 4731 bunt,
560 4656 736 4736 quod
771 4654 926 4717 illud
959 4655 1289 4716 consilium
1323 4655 1400 4715 de
1432 4654 1575 4735 ipsis
1599 4656 1892 4716 Romano
1927 4653 2205 4734 pontifici
2236 4668 2294 4714 et
2324 4652 2585 4714 domino
2620 4652 2972 4732 imperatori

363 4761 595 4822 dabunt
629 4762 802 4843 quod
837 4762 1101 4823 viderint
1131 4781 1196 4821 se
1228 4762 1517 4822 canonice
1553 4781 1733 4842 posse
1766 4762 1910 4821 dare
1948 4762 2179 4840 absque
2215 4760 2493 4841 periculo
2526 4760 2748 4820 scilicet
2770 4760 2971 4820 anime

364 4866 601 4928 domini
649 4885 807 4949 pape
852 4882 912 4927 et
958 4866 1195 4928 domini
1240 4865 1626 4946 imperatoris
1672 4883 1729 4927 et
1775 4887 1907 4944 sue,
1965 4881 2024 4927 et
2070 4866 2366 4927 dominus
2416 4886 2572 4948 papa
2618 4866 2971 4946 adquiescet

365 4992 580 5035 eorum
613 4973 890 5037 consili0.
