3684 5416
532 1509 582 1543 10

536 2044 581 2089 ¹5

540 3127 589 3171 2Ξ)

543 4194 592 4240 35

630 332 735 422 Q
1504 328 1750 385 Ordines
1790 341 1850 384 et
1888 332 2388 402 coneregationes.

631 517 959 598 scriptum:
1010 515 1244 577 Stultus
1290 514 1493 575 verbis
1537 532 1655 575 non
1705 516 2069 595 corripitur.
2133 516 2204 577 Et
2240 516 2499 580 iterum:
2550 518 2812 580 Percute
2841 520 3045 589 sillum
3077 526 3244 579 tuum

631 628 834 704 virga,
866 631 926 685 et
956 622 1251 685 liberabis
1284 625 1552 685 animam
1586 620 1717 701 rjus
1750 643 1787 682 a
1817 629 2026 683 morte.

847 729 1187 792 Meminere
1235 730 1413 790 debet
1460 747 1705 808 semper
1738 730 1964 806 Abbas,
2011 730 2188 810 quod
2221 747 2345 804 est;
2397 732 2756 809 meminere,
2789 733 2958 814 quod
2992 730 3244 805 dicitur;

631 855 689 899 et
721 836 891 915 scire,
924 837 1068 918 quia
1100 835 1199 897 cui
1234 836 1371 917 plus
1404 834 1828 908 committitur,
1863 840 2002 916 plus
2033 840 2110 898 ab
2143 858 2221 899 eo
2257 838 2551 919 exigitur:
2601 838 2873 920 sciatque
2907 837 3098 920 quam
3129 836 3244 898 dif-

632 945 855 1007 ficilem
906 958 964 1005 et
1009 943 1266 1004 arduam
1300 960 1428 1002 rem
1463 940 1751 1023 suscepit,
1786 961 1997 1022 regere
2031 943 2290 1021 animas,
2327 960 2387 1006 et
2416 944 2769 1007 multorum
2801 944 3026 1006 servire
3058 944 3248 1004 mori-

632 1056 765 1117 bus.
842 1055 916 1115 Et
965 1052 1155 1113 alium
1209 1049 1466 1131 quidem
1511 1048 1967 1119 blandimentis,
2024 1050 2215 1112 alium
2262 1070 2409 1112 vero
2458 1051 3004 1134 increpationibus,
3056 1051 3251 1111 alium

632 1162 1056 1225 suasionibus:
1108 1174 1167 1220 et
1211 1157 1558 1220 secundum
1607 1156 2096 1238 uniuscujusque
2130 1158 2485 1239 qualitatem
2522 1161 2619 1220 vel
2653 1158 3137 1239 intelligentiam,
3171 1157 3253 1218 ita

633 1289 698 1331 se
745 1267 1039 1331 omnibus
1084 1264 1435 1327 conformet
1466 1281 1525 1326 et
1556 1280 1739 1347 aptet,
1790 1280 1860 1326 ut
1892 1285 2022 1326 non
2054 1264 2262 1327 solum
2297 1267 2667 1328 detrimenta
2695 1267 2899 1347 gregis
2930 1266 3046 1327 sibi
3077 1285 3254 1327 com-

634 1374 802 1438 missi
850 1393 977 1435 non
1026 1371 1321 1454 patiatur;
1371 1390 1590 1431 verum
1639 1371 1702 1432 in
1749 1370 2255 1453 augmentatione
2302 1373 2453 1435 boni
2498 1373 2703 1453 gregis
2748 1374 3030 1453 gaudeat.
3091 1377 3256 1433 Ante

634 1480 846 1544 omnia
893 1499 969 1540 ne
1016 1476 1410 1539 dissimulans
1441 1492 1545 1537 aut
1578 1477 2028 1559 parvipendens
2061 1477 2322 1541 salutem
2357 1479 2709 1541 animarum
2743 1480 2858 1541 sibi
2892 1480 3257 1540 commissa-

636 1606 797 1665 rum,
833 1586 971 1669 plus
1004 1600 1171 1666 gerat
1222 1582 1677 1645 solicitudinem
1724 1585 1799 1645 de
1835 1588 2017 1647 rebus
2049 1586 2413 1648 transitoriis
2446 1603 2506 1648 et
2535 1587 2812 1665 terrenis,
2847 1602 3030 1668 atque
3064 1585 3258 1646 cadu-

636 1699 753 1771 cis3
804 1696 912 1757 sed
944 1712 1186 1775 semper
1218 1691 1458 1771 cogitet,
1491 1693 1634 1773 quia
1667 1693 1906 1755 animas
1938 1695 2207 1776 suscepit
2239 1697 2554 1774 regendas,
2601 1696 2678 1756 de
2712 1694 2942 1775 quibus
2975 1709 3032 1754 et
3065 1693 3257 1754 ratio-

638 1824 785 1868 nem
830 1805 1182 1866 redditurus
1228 1816 1336 1863 est.
1398 1801 1469 1861 Et
1516 1820 1592 1862 ne
1640 1819 1925 1863 causetur
1956 1802 2033 1863 de
2068 1800 2290 1863 minori
2326 1802 2479 1864 forte
2510 1803 2869 1873 substantia,
2904 1803 3259 1864 meminerit

636 1914 967 1994 scriptum:
1018 1910 1293 1972 Primum
1328 1910 1605 1989 quaerite
1637 1930 1893 1989 regnum
1945 1908 2095 1982 Dei,
2149 1917 2213 1970 et
2235 1909 2557 1990 justitiam
2604 1910 2736 1990 ejus
2781 1918 2844 1971 ct
2869 1910 3019 1971 haec
3048 1913 3259 1971 omnia

639 2023 1011 2103 adiicientur
1059 2017 1246 2080 vobis.
1317 2017 1391 2078 Et
1444 2017 1699 2078 iterum:
1750 2016 1941 2077 Nihil
1965 2017 2135 2077 deest
2164 2019 2517 2079 ti’tnentibus
2549 2040 2702 2084 eum.
2765 2019 3074 2099 Sciatque,
3106 2020 3256 2100 quia

639 2130 748 2211 qui
797 2126 1051 2208 suscipit
1098 2124 1336 2186 animas
1384 2122 1702 2203 regendas,
1757 2139 2071 2204 praeparet
2118 2143 2184 2184 se
2235 2124 2309 2185 ad
2362 2125 2661 2186 rationem
2707 2126 3105 2187 reddendam.
3168 2126 3246 2188 Et

640 2253 945 2319 quantum
992 2236 1109 2296 sub
1156 2251 1303 2294 cura
1349 2250 1459 2291 sua
1511 2228 1765 2291 fratrum
1811 2250 1878 2290 se
1925 2230 2152 2291 habere
2197 2231 2395 2292 scierit
2427 2252 2779 2312 numerum,
2814 2250 3108 2314 agnoscat
3140 2253 3258 2315 pro

640 2361 824 2421 certo,
854 2344 1000 2424 quia
1034 2343 1097 2403 in
1129 2340 1228 2402 die
1260 2338 1469 2417 judicii
1503 2338 1772 2419 ipsarum
1805 2339 2098 2399 omnium
2121 2336 2469 2399 animarum
2490 2355 2580 2400 est
2602 2341 2952 2402 redditurus
2975 2341 3256 2403 Domino

641 2452 963 2528 rationem,
995 2447 1128 2509 siue
1160 2447 1398 2508 dubbio
1431 2446 1635 2506 addita
1668 2460 1727 2506 et
1759 2463 1906 2505 suae
1939 2444 2211 2505 animae:
2263 2463 2321 2505 et
2353 2444 2432 2506 ita
2465 2446 2688 2507 timens
2719 2466 2963 2528 semper
2985 2448 3259 2509 futuram

642 2560 1090 2623 discussionem
1139 2555 1398 2638 pastoris
1444 2554 1519 2614 de
1566 2552 1810 2614 creditis
1857 2552 2098 2627 ovibus,
2147 2572 2290 2612 cum
2341 2553 2417 2612 de
2456 2552 2671 2615 alienis
2702 2554 3034 2616 ratiociniis
3066 2571 3256 2633 cavet,

642 2668 919 2732 redditur
964 2667 1041 2728 de
1086 2664 1213 2728 suis
1260 2661 1565 2725 solicitus:
1617 2676 1674 2722 et
1719 2679 1865 2722 cum
1912 2660 1988 2721 de
2022 2659 2559 2724 admonitionibus
2590 2661 2715 2723 suis
2750 2662 3256 2726 emendationem

644 2776 774 2837 aliis
805 2772 1244 2847 subministrat,
1279 2772 1407 2852 ipse
1440 2789 1697 2850 quoque
1730 2768 1996 2830 efficitur
2025 2789 2058 2828 a
2090 2768 2252 2829 vitiis
2283 2769 2665 2830 emendatus.

856 2882 1010 2962 Cap.
1047 2880 1134 2941 Ill.
1182 2879 1283 2940 De
1314 2878 1681 2940 adhibendis
1714 2877 1799 2937 ad
1824 2875 2511 2953 consilz'umsratribuS.
2547 2875 2812 2951 Quoties
2843 2876 3049 2958 aliqua
3084 2897 3260 2958 prae·
3323 2865 3326 2868 ¹

644 2990 827 3069 cipua
857 2987 1095 3066 agenda
1127 3000 1272 3045 sunt
1304 2985 1368 3044 in
1403 2983 1806 3059 MouasteriO,
1829 2996 2132 3042 convocet
2153 2982 2360 3040 Abbas
2393 2998 2648 3040 omnem
2673 2981 3258 3062 Congregationem,

645 3111 704 3157 et
750 3095 909 3155 dicat
956 3094 1086 3172 ipse
1134 3092 1300 3153 unde
1352 3090 1583 3170 agitur:
1634 3104 1692 3149 et
1737 3087 1997 3149 audiens
2049 3085 2386 3149 consilium
2423 3085 2701 3164 fratrum,
2734 3103 2947 3149 traciet
2976 3089 3143 3169 apud
3174 3108 3258 3163 se,

647 3221 705 3263 et
750 3201 923 3282 quod
974 3198 1181 3261 utilius
1228 3197 1600 3274 judicaverit,
1649 3196 1839 3258 faciat.
1903 3195 2047 3256 Ideo
2094 3209 2303 3255 autem
2337 3212 2556 3256 omnes
2588 3194 2663 3253 ad
2697 3194 3023 3256 consilium
3057 3197 3261 3257 vocari

646 3309 945 3381 diximus3
996 3306 1141 3387 quia
1187 3324 1367 3386 saepe
1400 3302 1629 3383 juniori
1663 3303 1976 3363 Dominus
2009 3300 2251 3376 revelat,
2287 3300 2459 3380 quod
2492 3300 2714 3363 melius
2748 3318 2857 3363 est.
2891 3355 2894 3358 .
2923 3301 3023 3363 Sic
3053 3317 3263 3363 autem

645 3417 790 3477 dent
834 3413 1044 3475 fratres
1090 3413 1424 3475 consilium
1468 3430 1612 3472 curn
1660 3408 1835 3471 omni
1883 3406 2247 3470 humilitatis
2290 3407 2698 3484 subjectione;
2750 3425 2811 3471 et
2852 3428 2981 3470 non
3014 3429 3263 3490 praesu·

647 3542 818 3588 mant
867 3522 1204 3605 procaciter
1254 3520 1605 3595 defendere,
1654 3518 1829 3599 quod
1879 3517 1965 3578 eis
2014 3518 2216 3578 visum
2263 3516 2475 3577 fuerit:
2523 3518 2632 3579 sed
2685 3516 2881 3596 magis
2911 3516 2977 3577 in
3011 3516 3265 3578 Abbatis

648 3634 911 3714 pendeat
944 3628 1224 3700 arbitrio;
1278 3642 1344 3689 ut
1376 3627 1548 3708 quod
1583 3625 1888 3686 salubrius
1922 3643 2050 3686 esse
2085 3621 2460 3700 judicaverit,
2492 3624 2546 3683 ei
2582 3623 2788 3684 cuncti
2807 3623 3109 3683 obediant.
3142 3623 3265 3685 Sed

650 3739 807 3802 sicut
858 3735 1177 3818 discipulis
1228 3732 1520 3795 convenit
1569 3730 1821 3791 obedire
1872 3730 2184 3807 magistrO,
2231 3730 2311 3789 ita
2358 3744 2418 3790 et
2461 3729 2666 3809 ipsum
2715 3729 2967 3810 provide
3014 3745 3072 3790 et
3103 3727 3266 3806 juste

649 3848 945 3909 condecet
977 3858 1199 3905 cuncta
1232 3842 1580 3923 disponere.
1632 3839 1699 3900 ln
1741 3837 2038 3900 omnibus
2071 3837 2259 3916 igitur
2290 3852 2510 3896 omnes
2543 3835 2891 3916 magistram
2926 3851 3270 3916 sequantur

651 3953 979 4032 Regulam,
1016 3970 1220 4031 neque
1252 3950 1328 4009 ab
1362 3968 1431 4009 ea
1466 3963 1693 4008 temere
1727 3945 2069 4006 declinetur
2100 3965 2133 4004 a
2167 3961 2509 4024 quoquam.

861 4059 1087 4120 Nullus
1139 4057 1203 4118 in
1258 4052 1641 4117 Monasterio
1694 4051 1924 4132 proprii
1976 4065 2271 4130 sequatur
2320 4047 2522 4110 cordis
2587 4049 2996 4109 voluntatem:
3064 4066 3270 4127 neque

651 4180 998 4249 praesumat
1029 4164 1362 4245 quisquam
1396 4178 1542 4221 cum
1575 4160 1813 4219 Abbate
1845 4176 1965 4218 suo
1998 4171 2279 4238 proterve
2313 4156 2480 4218 intus
2511 4171 2616 4216 aut
2649 4153 2798 4217 foris
2824 4153 3270 4215 Monasterium

653 4274 1049 4346 contendere,
1085 4271 1258 4352 quod
1292 4270 1339 4329 si
1376 4265 1858 4348 praesumpserit
1877 4263 2140 4345 regulari
2163 4262 2518 4343 disciplinae
2541 4260 2871 4339 subjaceat.
2910 4261 3042 4343 Ipse
3061 4276 3273 4320 tamen

652 4383 861 4442 Abbas
906 4398 1047 4439 cum
1097 4379 1316 4438 timore
1368 4375 1482 4436 Dei
1529 4390 1587 4434 et
1636 4372 2065 4434 observatione
2116 4370 2391 4450 Regulae
2441 4368 2654 4431 omnia
2705 4368 2911 4440 faciat;
2961 4370 3160 4429 sciens
3205 4386 3271 4427 se

654 4487 870 4570 procul
903 4487 1097 4547 dubio
1130 4485 1207 4545 de
1241 4482 1535 4545 omnibus
1570 4480 1808 4559 judiciis
1839 4479 1966 4540 suis
1998 4477 2373 4558 aequissimo
2408 4475 2592 4553 judici
2629 4476 2765 4537 Deo
2798 4476 3099 4536 rationem
3131 4473 3273 4533 red-

655 4594 946 4656 diturum.
1010 4592 1073 4654 Si
1107 4612 1229 4673 qua
1262 4610 1408 4651 vero
1443 4590 1681 4650 minora
1715 4588 1950 4666 agenda
1983 4603 2129 4647 sunt
2162 4586 2224 4647 in
2257 4583 2614 4646 Monasterii
2650 4583 3029 4658 utilitatibuS,
3062 4580 3269 4643 senio-

655 4722 792 4763 rum
841 4718 1082 4763 tantum
1130 4715 1333 4760 utatur
1380 4697 1675 4770 consilio;
1726 4695 1882 4755 sicut
1912 4694 2208 4774 scriptum
2243 4707 2363 4753 est:
2413 4692 2650 4753 Omnia
2662 4692 2782 4769 sac
2812 4709 2946 4751 cum
2980 4688 3272 4761 consilia,

655 4818 715 4871 et
730 4817 881 4892 post
906 4812 1131 4880 sactum
1166 4828 1285 4868 non
1309 4804 1667 4887 poenitebis.

871 4920 1021 4999 Cap.
1044 4917 1113 4980 V.
1147 4916 1248 4978 De
1280 4915 1673 4975 Obedientia.
1708 4913 1951 4973 Primus
1983 4907 2344 4971 humilitatis
2374 4907 2600 4986 gradus
2632 4920 2723 4966 est
2754 4903 3106 4966 obedientia
3136 4901 3275 4965 sine
