3684 5416
1563 353 1980 426 Metropolitae.
2971 359 3077 429 567

454 545 729 596 strorum
764 553 1088 613 canonem,
1121 535 1238 597 nisi
1271 536 1392 599 hoc
1422 551 1684 617 tantum,
1719 540 1894 619 quod
1928 540 2425 622 uniuscuiusque
2457 542 2746 604 ecclesiae
2769 561 2878 623 per
2895 562 3072 605 suam

458 642 797 704 dioecesim
842 642 1133 724 conpetit.
1197 642 1744 726 Unumquemque
1790 646 1961 707 enim
1992 648 2353 730 episcopum
2387 664 2634 731 oportet
2666 650 2891 712 habere
2922 671 3072 713 suae

458 748 757 810 dioecesis
792 764 1170 830 potestatem,
1216 764 1285 810 ut
1327 766 1495 831 regat
1527 766 1584 811 et
1614 752 1919 831 gubernet
1949 755 2300 816 secundum
2332 772 2784 837 conpetentem,
2818 757 3075 838 singulis

452 855 883 935 reuerentiam,
929 872 987 917 et
1020 855 1474 937 prouidentiam
1506 874 1675 940 gerat
1707 859 1913 922 omnis
1945 861 2234 941 regioniS,
2265 881 2388 943 que
2423 866 2540 925 sub
2573 863 2765 945 ipsius
2797 881 2887 926 est
2919 865 3075 927 ciui·

376 991 400 1035 5
454 978 592 1042 tate,
626 963 705 1024 ita
740 978 807 1024 ut
840 963 1024 1024 etiam
1056 963 1344 1025 ordinare
1376 964 1432 1025 ei
1465 965 1835 1045 presbiteros
1869 982 1930 1027 et
1962 968 2259 1030 diaconos
2292 969 2594 1051 probabili
2625 972 2856 1033 iudicio
2878 971 3070 1046 liceat,

456 1087 515 1132 et
545 1071 623 1132 de
652 1070 913 1152 singulis
945 1071 1139 1152 ipsius
1171 1071 1441 1150 regionis
1474 1072 1672 1134 causis
1704 1093 1849 1134 cum
1884 1075 2308 1137 moderatione
2342 1093 2400 1138 et
2421 1079 2694 1159 pondere
2717 1079 3069 1161 disceptare.

456 1178 630 1241 Ultra
674 1195 881 1240 autem
928 1178 1115 1240 nichil
1160 1198 1337 1259 agere
1372 1180 1742 1262 permittitur
1772 1182 1918 1244 citra
1954 1184 2412 1266 metropolitani
2443 1185 2720 1266 episcopi
2752 1185 3071 1247 conscien-

455 1286 620 1366 tiam,
656 1306 769 1349 nec
802 1287 1313 1370 metropolitanus
1345 1289 1476 1350 sine
1509 1305 1856 1352 ceterorum
1888 1290 2124 1372 aliquid
2155 1308 2323 1370 gerat
2355 1292 2619 1353 consilio
2659 1294 3070 1355 sacerdotum.

740 1529 868 1586 224.
923 1529 1339 1586 concumbi
1379 1531 2011 1588 CARTHAGINENSE
2049 1534 2172 1590 111.
2212 1534 2354 1590 hab.
2393 1550 2450 1591 a.
2489 1535 2795 1591 ase—390.

349 1705 400 1737 ιο
1369 1692 1416 1729 c.
1467 1693 1542 1728 12.
1581 1700 1651 1721 =
1692 1691 1739 1728 c.
1781 1692 1829 1744 5.
1871 1676 1940 1728 D.
1981 1676 2152 1733 LXV.

666 1821 694 1850 ⁶
736 1821 948 1891 Corpus
986 1823 1094 1875 iur.
1134 1839 1256 1875 can.
1297 1820 1384 1874 ed.
1425 1819 1865 1890 Friedberg.
1902 1820 2075 1874 Tom.
2117 1819 2153 1872 1.
2194 1819 2304 1874 col.
2345 1836 2464 1890 250.
2515 1822 2775 1874 BrunS.
2819 1823 3072 1876 Canones

453 1905 838 1974 Apostolorum
877 1907 933 1956 et
954 1903 1343 1957 Conciliormn.
1382 1901 1623 1959 Tom.1.
1662 1919 1717 1972 p.
1754 1918 1870 1956 ηπ.
1922 1901 1973 1955 H
1992 1900 2112 1955 efe
2130 1900 2145 1954 l
2164 1917 2226 1968 e,
2269 1901 2866 1971 Conciliengeschzffite.
2907 1903 2977 1956 T.
3006 1903 3068 1957 11.

452 2000 508 2054 Ρ·
544 2000 633 2055 49·

665 2077 869 2140 Placet
899 2078 1213 2155 omnibus,
1246 2093 1315 2138 ut
1347 2078 1705 2138 inconsulto
1737 2076 1993 2158 primate
2024 2075 2347 2137 cuiuslibet
2368 2076 2726 2157 prouinciae
2744 2091 2869 2137 tam
2893 2075 3066 2137 facile

348 2222 395 2266 ¹5
452 2203 641 2245 nemo
674 2201 1006 2266 presumat,
1037 2185 1177 2246 licet
1209 2204 1352 2245 cum
1388 2184 1620 2263 multiS,
1670 2184 1731 2245 in
1765 2203 2169 2265 quocumque
2203 2183 2344 2245 loco
2376 2183 2507 2245 sine
2541 2183 2675 2243 eius
2708 2182 2796 2259 (ut
2828 2182 3065 2243 dictum

452 2293 560 2368 est)
596 2308 885 2373 precepto
917 2292 1282 2373 episcopum
1316 2292 1619 2354 ordinare.
1688 2301 1716 2362 s
1763 2313 1811 2354 1.
1848 2291 1912 2352 Si
1946 2307 2155 2354 autem
2188 2291 2511 2353 necessitas
2548 2289 2744 2368 fuerit,
2774 2306 2896 2352 tres
2929 2291 3066 2370 epi-

451 2399 642 2480 scopi,
693 2400 758 2461 in
807 2419 1216 2481 quocumque
1262 2398 1405 2461 loco
1452 2400 1587 2479 sint,
1642 2418 1787 2460 cum
1836 2399 2108 2480 primatis
2142 2414 2431 2480 precepto
2464 2398 2720 2460 odinare
2752 2397 3069 2458 debebunt

450 2505 832 2587 episcopum.

1356 2642 1485 2700 225.
1526 2644 1671 2698 LEO
1709 2643 1764 2699 1.
1804 2642 2166 2714 (uo—4⁶1).

341 2817 397 2851 ,ο
698 2786 980 2842 Leonis
1020 2788 1269 2858 Papae
1307 2787 1425 2858 Ep.
1467 2787 1533 2842 82
1574 2760 1763 2841 antas
1802 2788 1922 2858 Ep.
1963 2786 2035 2855 84
2072 2804 2119 2841 c.
2159 2788 2208 2841 6.
2248 2809 2316 2831 =
2357 2803 2405 2840 c.
2442 2804 2494 2854 4.
2535 2787 2602 2844 D.
2643 2786 2816 2839 LXV.

664 2913 692 2942 ⁶
736 2914 950 2983 Corpus
986 2916 1091 2967 ίαν.
1130 2931 1250 2967 can.
1291 2913 1379 2967 ed.
1419 2912 1855 2985 Friedberg.
1897 2914 2073 2967 Tom.
2112 2913 2150 2968 Ι.
2189 2911 2296 2968 col.
2339 2929 2460 2981 ²50·

453 3038 690 3109 Absque
721 3037 973 3108 primatis
1004 3054 1290 3092 consensu
1322 3037 1802 3110 metropolitanus
1832 3037 2168 3110 episcopum
2197 3055 2316 3092 non
2345 3036 2590 3092 ordinet.
2655 3038 2839 3101 (Decr.
2877 3034 3071 3100 Grat.)

668 3150 759 3210 De
808 3170 1071 3232 persona
1123 3167 1330 3211 autem
1378 3151 1776 3213 consecrandi
1822 3151 2112 3233 episcopi,
2159 3167 2216 3211 et
2262 3152 2338 3212 de
2386 3150 2526 3211 cleri
2560 3149 2882 3231 plebisque
2915 3167 3067 3209 con-

451 3274 638 3317 sensu
687 3258 1198 3338 metropolitanus
1243 3259 1571 3340 episcopus
1617 3260 1693 3320 ad
1730 3259 2163 3322 fraternitatem
2195 3274 2364 3320 tuam
2401 3258 2637 3335 referat,
2673 3257 2971 3337 quodque
3005 3256 3069 3316 in

337 3410 391 3454 ,5
454 3364 770 3444 prouincia
805 3368 961 3426 bene
997 3365 1220 3446 placuit
1251 3365 1401 3427 scire
1433 3382 1491 3427 te
1527 3365 1718 3443 faciat,
1768 3382 1835 3426 ut
1867 3366 2325 3427 ordinationem
2358 3366 2468 3426 rite
2501 3364 2928 3426 celebrandam
2963 3376 3067 3421 tua

454 3489 710 3550 quoque
762 3471 1084 3533 confirmet
1129 3473 1471 3534 auctoritas
1537 3473 1680 3548 Que
1728 3472 1905 3533 rectis
1951 3472 2459 3552 dispositionibus
2507 3470 2661 3531 nihil
2706 3487 2915 3530 morae
2963 3482 3071 3527 aut

452 3576 825 3639 difficultatis
876 3579 1120 3640 debebit
1170 3579 1404 3657 afferre,
1462 3599 1538 3640 ne
1586 3578 1876 3660 gregibus
1924 3578 2174 3640 Domini
2224 3578 2328 3638 diu
2364 3578 2516 3638 desit
2549 3596 2693 3636 cura
2730 3590 3064 3657 pastorum.

962 3840 1089 3899 226.
1144 3841 1558 3899 concumbi
1598 3840 2107 3897 RAVENNENSE
2143 3841 2289 3897 hab.
2329 3855 2386 3895 a.
2425 3840 2554 3895 877.

1188 4003 1235 4040 c.
1286 4005 1362 4041 12.
1400 4011 1470 4035 =
1511 4004 1561 4041 c.
1610 4006 1651 4040 1.
1691 3988 1758 4041 D.
1800 3988 1867 4042 G.
1909 3986 2330 4057 [PelagiuSJ.

338 4147 394 4194 30
664 4128 692 4157 ⁶
748 4129 959 4202 Corpus
998 4134 1107 4186 κάν.
1146 4149 1267 4184 can.
1325 4130 1412 4186 ed.
1454 4131 1897 4201 Friedberg.
1963 4130 2139 4185 Tom.
2181 4129 2218 4182 1.
2274 4128 2383 4183 col.
2426 4144 2721 4200 351--352.
2798 4121 3065 4187 Mansi‚

446 4208 498 4260 S.
554 4209 923 4264 conciliorum
993 4229 1125 4265 nova
1178 4218 1233 4266 et
1282 4215 1626 4282 amplissima
1681 4214 1941 4269 collectio.
2015 4211 2190 4264 Tom.
2232 4208 2427 4262 xvm.
2469 4225 2523 4279 p.
2572 4225 2599 4279 3
2609 4224 2691 4279 37.
2765 4205 2915 4261 Hef
2923 4204 3065 4270 ele,

450 4287 1053 4359 Conct'lt'engeschaehte.
1093 4293 1267 4348 Tom.
1294 4293 1390 4347 lv.
1431 4310 1484 4364 p.
1513 4311 1635 4363 522.
1686 4294 1790 4347 No
1811 4310 1847 4347 o
1869 4293 2082 4359 rden,
2119 4293 2432 4345 Hinckmar
2467 4309 2510 4342 v.
2550 4291 2752 4342 Reims.
2792 4305 2845 4359 p.
2875 4304 2994 4361 347.

448 4413 598 4469 Infra
638 4427 755 4471 tres
797 4433 1026 4472 menses
1066 4416 1243 4472 fidem
1285 4434 1449 4471 suam
1491 4434 1781 4488 exponere
1824 4429 1878 4471 et
1906 4415 2138 4488 pallium
2167 4416 2512 4487 postularea
2541 4415 2803 4470 Romana
2832 4412 3069 4469 ecclesia

1029 4496 1271 4569 quisque
1310 4497 1791 4569 metropolitanus
1818 4498 2063 4551 studeat.
2103 4499 2289 4561 (Decr.
2333 4498 2524 4559 Grat).

333 4647 390 4692 35
438 4654 439 4657 ¹
662 4619 989 4696 Quoniam
1036 4620 1290 4701 quidam
1331 4619 1954 4700 metropolitanorum
1988 4619 2177 4680 fidem
2209 4638 2387 4680 suam
2421 4619 2771 4679 secundum
2805 4617 3070 4699 priscam

444 4729 970 4791 consuetudinem
1016 4742 1257 4790 sanctae
1303 4727 1434 4788 sedi
1480 4726 1852 4807 apostolicae
1899 4745 2210 4808 exponere
2243 4726 2648 4787 detrectantes
2679 4743 2868 4785 usum
2903 4723 3070 4805 pallii

447 4852 651 4916 neque
686 4852 998 4918 expetunt,
1050 4855 1254 4916 neque
1286 4834 1651 4917 percipiunt,
1687 4854 1756 4896 ac
1790 4853 1898 4916 per
1932 4834 2052 4896 hoc
2084 4834 2523 4916 episcoporum
2555 4828 2939 4893 consecratio
2970 4830 3069 4891 ui-

444 4941 649 5003 duatis
696 4942 965 5004 ecclesiis
1014 4961 1143 5004 non
1190 4942 1318 5004 sine
1367 4940 1643 5023 periculo
1690 4942 2044 5022 protelatur,
2095 4940 2337 5022 placuit,
2386 4955 2454 5001 ut
2489 4938 2539 5019 [S
2586 4960 2632 5003 ι.
2665 4939 2862 5001 Cone.
2898 4935 3067 5016 Rav.]
