3684 5416
568 1549 616 1579 10

568 4762 623 4800 40

672 392 735 444 52
1627 378 1881 434 Ecclesia
1908 379 2318 452 antiquissima.

885 560 1037 623 Can.
1061 560 1245 622 XVII.
1280 562 1382 622 De
1398 561 1521 636 his,
1552 567 1665 644 qui
1689 565 1863 636 filias
1897 585 2039 626 suas
2075 565 2496 626 sacerdotibus
2520 566 2855 646 gentilium
2889 570 3289 647 coniungunt.

670 667 733 728 Si
766 669 874 749 qui
910 669 1066 733 forte
1098 671 1516 732 sacerdotibus
1548 671 1861 733 idolorum
1893 671 2046 733 filias
2079 692 2222 733 suas
2256 672 2583 749 iunxerint,
2616 673 2840 755 placuit
2872 674 3074 735 necin
3094 673 3282 735 finem

669 775 753 834 eis
786 776 1053 837 dandam
1085 795 1217 837 esse
1249 778 1786 840 communionem.

880 882 1033 945 Can.
1069 883 1276 944 XVIII.
1327 883 1431 944 De
1461 883 1882 945 sacerdotibus
1915 890 1976 944 et
2005 886 2315 944 ministris
2346 886 2410 944 si
2437 885 2904 948 moechaverint.
2977 888 3282 969 Episcopi,

670 996 1052 1074 presbyteres
1084 1008 1145 1053 et
1175 992 1467 1053 diacones
1498 991 1547 1053 si
1581 993 1643 1053 in
1675 991 2017 1053 ministerio
2051 991 2230 1073 positi
2263 991 2482 1052 detecti
2516 991 2743 1054 fuerint
2775 994 2947 1074 quod
2967 994 3089 1056 sint
3112 1014 3287 1056 moe-

670 1100 848 1178 chati,
885 1099 1115 1181 placuit
1160 1117 1411 1181 propter
1442 1101 1803 1162 scandalum
1835 1116 1895 1162 et
1927 1116 2177 1181 propter
2208 1099 2546 1180 profanum
2581 1101 2811 1163 crimen
2847 1121 2958 1163 nec
2993 1103 3057 1164 in
3091 1103 3287 1164 finem

669 1225 778 1267 eos
810 1206 1325 1268 communionem
1358 1208 1630 1289 accipere
1663 1209 1907 1269 debere.

884 1314 1040 1376 Can.
1065 1314 1224 1376 XIX.
1259 1315 1361 1375 De
1391 1316 1639 1376 clericis
1672 1318 1916 1396 negotia
1950 1321 2010 1375 et
2027 1316 2337 1376 nundinas
2358 1316 2750 1376 sectantibus,
2785 1316 3096 1398 Episcopi,
3119 1338 3287 1398 pres-

670 1422 911 1501 byteres
943 1436 1002 1480 et
1032 1420 1323 1481 diacones
1354 1422 1430 1481 de
1464 1421 1616 1483 locis
1635 1421 1763 1482 suis
1783 1422 2140 1501 negotiandi
2162 1442 2342 1484 causa
2366 1441 2498 1483 non
2519 1421 2855 1500 discedant,
2878 1444 2990 1485 nec
3019 1424 3283 1487 circum-

668 1543 887 1589 euntes
934 1527 1274 1608 provincias
1339 1544 1741 1608 quaestuosas
1801 1529 2114 1590 nundinas
2173 1545 2514 1601 sectentur;
2583 1549 2728 1591 sane
2776 1531 2851 1590 ad
2896 1531 3129 1593 victum
3175 1533 3290 1593 sibi

672 1634 1174 1714 conquirendum
1218 1650 1326 1695 aut
1371 1634 1570 1696 filium
1615 1651 1718 1696 aut
1760 1634 2050 1696 libertum
2096 1651 2201 1696 aut
2245 1636 2694 1697 mercenarium
2742 1651 2848 1698 aut
2878 1638 3152 1699 amicum
3183 1656 3293 1700 aut

669 1740 1011 1820 quemlibet
1052 1741 1312 1819 mittant,
1360 1757 1419 1802 et
1463 1742 1513 1802 si
1560 1741 1865 1803 voluerint
1912 1741 2224 1821 negotiari,
2269 1742 2421 1803 intra
2460 1742 2839 1823 provinciam
2871 1744 3282 1823 negotientur.

883 1848 1035 1910 Can.
1069 1848 1200 1909 XX.
1250 1848 1354 1909 De
1382 1848 1630 1910 clericis
1656 1855 1723 1909 et
1750 1849 1933 1909 laicis
1965 1851 2294 1910 usurariis.
2342 1848 2404 1909 Si
2438 1849 2578 1929 quis
2610 1850 2974 1912 clericorum
3009 1852 3292 1912 detectus

672 1953 852 2016 fuerit
881 1975 1099 2016 usuras
1133 1957 1423 2038 accipere,
1459 1956 1685 2038 placuit
1717 1976 1863 2018 eum
1886 1955 2203 2037 degradari
2224 1971 2284 2016 et
2303 1956 2607 2017 abstineri.
2641 1957 2704 2019 Si
2728 1958 2867 2038 quis
2887 1959 3072 2020 etiam
3092 1959 3290 2021 laicus

671 2063 971 2145 accepisse
1018 2066 1310 2144 probatur
1357 2083 1594 2140 usuras,
1643 2080 1702 2124 et
1748 2063 2093 2144 promiserit
2137 2079 2456 2144 correptus
2504 2064 2623 2124 iam
2658 2084 2722 2126 se
2756 2081 3136 2125 cessaturum
3171 2085 3286 2126 nec

673 2171 927 2231 ulterius
959 2186 1336 2247 exacturum,
1387 2170 1612 2251 placuit
1644 2170 1696 2230 ei
1728 2170 1973 2230 veniam
2006 2169 2225 2240 tribui;
2273 2168 2322 2229 si
2357 2189 2503 2231 vero
2539 2170 2604 2230 in
2636 2190 2706 2231 ea
2740 2170 3064 2251 iniquitate
3096 2172 3282 2233 dura-

671 2278 839 2355 verit,
874 2280 948 2338 ab
981 2277 1232 2339 ecclesia
1265 2298 1396 2338 esse
1431 2278 1899 2359 proiiciendum.
1965 2275 2036 2356 [c.
2080 2298 2131 2356 5.
2168 2277 2317 2337 Dist.
2349 2274 2485 2356 47.}

886 2386 1040 2447 Can.
1076 2386 1233 2447 XXI.
1294 2385 1395 2446 De
1445 2385 1567 2459 his,
1619 2387 1728 2465 qui
1773 2386 2015 2445 tardius
2063 2385 2151 2444 ad
2205 2384 2524 2445 ecclesiam
2565 2384 2878 2445 accedunt.
2940 2384 3005 2445 Si
3037 2384 3178 2465 quis
3227 2385 3291 2446 in

673 2493 907 2555 civitate
957 2494 1193 2573 positus
1245 2509 1365 2553 tres
1398 2492 1738 2553 dominicas
1784 2492 1860 2552 ad
1895 2492 2214 2553 ecclesiam
2248 2511 2375 2552 non
2409 2491 2743 2569 accesserit,
2775 2511 2975 2573 pauco
3008 2509 3287 2573 tempore

567 2621 589 2651 2
671 2600 1064 2675 abstineatur,
1102 2616 1169 2661 ut
1200 2614 1518 2679 correptus
1551 2618 1680 2658 esse
1715 2598 2009 2659 videatur.

887 2708 1041 2769 Can.
1065 2707 1245 2769 XXII.
1278 2706 1380 2767 De
1411 2704 1732 2767 catholicis
1765 2707 1829 2766 in
1863 2704 2163 2766 haeresim
2199 2705 2683 2783 transeuntibuS,
2708 2710 2769 2767 si
2786 2714 3188 2769 revertantur.
3223 2706 3288 2769 Si

675 2815 816 2894 quis
837 2815 912 2875 de
935 2814 1230 2876 catholica
1252 2814 1501 2876 ecclesia
1530 2814 1605 2873 ad
1640 2814 1940 2874 baeresim
1974 2814 2298 2874 transitum
2337 2813 2540 2875 fecerit
2573 2834 2913 2895 rursusque
2947 2815 3290 2887 recurrerit,

676 2922 903 3003 placuit
933 2923 1078 2982 huic
1112 2921 1555 3002 poenitentiam
1588 2940 1720 2982 non
1754 2941 1885 2982 esse
1920 2922 2346 2999 denegandam
2379 2941 2455 2982 eo
2492 2921 2664 3001 quod
2697 2922 3053 3003 cognoverit
3076 2941 3286 3003 pecca·

674 3045 812 3091 tum
844 3048 1066 3103 suum;
1102 3029 1211 3108 qui
1243 3028 1423 3089 etiam
1458 3028 1669 3089 decem
1704 3028 1885 3089 annis
1917 3043 2053 3109 agat
2074 3029 2536 3109 poenitentiam,
2571 3030 2669 3089 cui
2693 3044 2833 3109 post
2853 3030 3066 3089 decem
3088 3048 3290 3089 annos

599 3156 618 3198 3
677 3137 960 3218 praestari
1013 3135 1377 3199 communio
1427 3135 1638 3209 debet;
1693 3135 1742 3195 si
1789 3154 1936 3195 vero
1984 3135 2246 3196 infantes
2294 3134 2525 3197 fuerint
2559 3136 2913 3210 transducti,
2948 3136 3122 3216 quod
3156 3153 3288 3197 non

675 3265 791 3306 suo
824 3245 971 3306 vitio
1005 3243 1403 3325 peccaverint,
1436 3242 1863 3303 incunctanter
1895 3242 2077 3323 recipi
2111 3242 2352 3305 debent.

890 3352 1041 3412 Can.
1074 3350 1286 3412 XXIII.
1345 3350 1447 3410 De
1492 3350 1864 3431 temporibus
1909 3352 2295 3411 ieiuniorum.
2370 3349 2588 3410 Ieiunii
2621 3350 3147 3430 superpositiones
3182 3369 3290 3430 per

676 3459 957 3537 singulos
989 3477 1232 3518 menses
1266 3457 1493 3538 placuit
1526 3457 1835 3532 celebrari,
1871 3456 2135 3537 exceptis
2169 3458 2388 3517 diebus
2421 3457 2696 3518 duorum
2729 3458 3041 3518 mensium
3074 3454 3208 3516 Iulii
3231 3471 3291 3517 et

678 3566 941 3645 Augusti
977 3583 1227 3646 propter
1258 3565 1659 3644 quorundam
1692 3563 2129 3624 infirmitatem.

855 3674 1003 3733 Can.
1036 3672 1254 3732 XXIV.
1306 3671 1407 3732 De
1439 3671 1559 3744 his,
1593 3674 1702 3752 qui
1731 3675 1794 3732 in
1815 3682 2083 3753 peregre
2114 3672 2525 3753 baptizantur,
2561 3677 2630 3731 ut
2658 3673 2743 3732 ad
2770 3671 3000 3731 clerum
3033 3690 3151 3730 non
3184 3689 3292 3729 ve·-

678 3783 870 3840 niant.
934 3779 1174 3840 Omnes
1219 3779 1329 3859 qui
1377 3779 1440 3839 in
1475 3798 1722 3859 peregre
1757 3778 1982 3839 fuerint
2014 3779 2311 3859 baptizati,
2359 3799 2434 3839 eo
2468 3779 2641 3859 quod
2675 3796 2894 3839 eorum
2925 3776 3182 3837 minime
3215 3775 3293 3835 sit

678 3887 923 3966 cognita
960 3887 1097 3964 vita,
1133 3886 1360 3967 placuit
1392 3887 1467 3946 ad
1500 3886 1735 3947 clerum
1768 3905 1898 3946 non
1931 3906 2063 3946 esse
2097 3887 2563 3966 promovendos
2596 3886 2659 3946 in
2693 3885 2906 3945 alienis
2939 3882 3288 3964 provinciis.

682 3994 749 4073 [c.
783 3993 1024 4072 4.'Dist.
1060 3991 1183 4072 98.]

892 4102 1045 4162 Can.
1077 4100 1269 4161 XXV.
1335 4100 1437 4160 De
1481 4101 1757 4180 epistolis
1800 4102 2366 4160 communicatoriis
2412 4102 2846 4177 confessorum.
2910 4097 3132 4158 Omnis
3177 4098 3289 4177 qui

573 4227 592 4239 ⁶
677 4207 943 4268 attulerit
987 4207 1209 4268 litteras
1254 4207 1679 4282 confessoriaS,
1726 4207 1969 4267 sublato
2016 4207 2272 4267 nomine
2318 4206 2709 4283 confessoriS,
2757 4226 2832 4266 eo
2866 4206 3039 4286 quod
3072 4224 3296 4265 omnes

676 4313 794 4376 sub
843 4314 956 4374 hac
1003 4314 1272 4375 nominis
1316 4316 1509 4396 gloria
1558 4315 1783 4394 passim
1830 4315 2187 4375 concutiant
2231 4314 2554 4394 simplices,
2602 4312 3185 4376 communicatoriae
3234 4312 3294 4371 ei

678 4423 915 4482 dandae
949 4437 1090 4481 sunt
1122 4421 1340 4483 literae.

893 4529 1044 4589 Can.
1079 4528 1294 4589 XXVI.
1360 4529 1446 4589 Ut
1485 4531 1654 4588 omni
1695 4528 1945 4589 sabbato
1980 4531 2301 4589 ieiunetur.
2367 4530 2649 4589 Errorem
2694 4527 2918 4609 placuit
2951 4526 3191 4606 corrigi,
3228 4543 3297 4586 ut

678 4637 849 4698 omni
884 4637 1113 4696 sabbati
1149 4635 1245 4696 die
1278 4636 1801 4716 superpositiones
1834 4634 2236 4696 celebremus.

893 4744 1045 4805 Can.
1082 4742 1318 4804 XXVII.
1364 4742 1467 4802 De
1497 4743 1767 4814 clericiS,
1800 4749 1871 4801 ut
1897 4748 2220 4802 extraneas
2233 4745 2552 4820 foeminas
2586 4747 2650 4803 in
2672 4744 2846 4803 domo
2867 4763 2986 4802 non
3007 4741 3294 4803 habeant.

690 4851 1036 4932 Episcopus
1067 4850 1162 4910 vel
1196 4848 1450 4929 quilibet
1484 4849 1637 4909 alius
1670 4849 1925 4910 clericus
1959 4866 2062 4910 aut
2083 4868 2355 4910 sororem
2379 4868 2481 4911 aut
2504 4850 2692 4910 filiam
2714 4849 3012 4929 virginem
3034 4848 3297 4909 dicatam

684 4959 816 5018 Deo
849 4973 1089 5017 tantum
1122 4976 1332 5017 secum
1370 4958 1614 5029 habeat;
1651 4972 1995 5017 extraneam
2032 4975 2432 5036 nequaquam
2466 4958 2688 5017 habere
2724 4955 2972 5037 placuit.
