3684 5416
393 1523 441 1554 10

390 2057 435 2100 ¹5

386 2589 441 2621 20

387 3126 438 3169 25

388 3663 441 3707 30

388 4208 438 4253 35

1132 358 1395 412 Potestas
1434 356 1816 412 ecclesiastica
1857 370 1913 411 et
1949 356 2253 428 imperium
2294 355 2476 411 civile.
2998 374 3100 428 247

491 538 663 619 gioni
712 540 985 601 addictae
1034 541 1114 616 (et
1160 540 1319 602 inter
1365 540 1473 600 has
1524 540 1893 621 posteriores
1924 541 2285 622 cumprimis
2317 547 2598 620 Augusta
2634 539 3101 602 vindelicorum

493 645 769 727 itemque
808 646 1286 728 Dunckelspula,
1334 647 1717 725 Biberacum,
1765 649 2285 730 Ravenspurgum
2324 663 2383 708 et
2414 645 2793 723 Kaufbeura)
2825 649 2900 707 ab
2932 665 3100 708 anno

503 754 687 832 1624.
724 769 974 835 propter
1006 752 1415 831 Religionem,
1462 754 1559 814 vel
1599 755 1763 814 bona
1796 753 2210 816 Ecclesiastica
2241 770 2382 815 ante
2414 753 2510 815 vel
2541 769 2682 834 post
2709 753 3103 815 Transactio-

496 878 639 921 nem
661 861 1118 922 passaviensem
1138 876 1196 922 et
1216 861 1556 921 insecutam
1583 861 1802 921 Pacem
1825 861 2203 943 Religiosam
2226 878 2523 942 occupata
2556 877 2615 921 et
2647 863 2972 923 reformata
3005 861 3102 921 vel

494 966 640 1029 alias
686 968 911 1030 intuitu
945 968 1284 1049 Religionis
1331 969 1396 1029 iu
1444 968 1709 1049 politicis
1741 988 2125 1050 quocunque
2160 969 2353 1030 modo
2385 969 2509 1030 sive
2542 986 2756 1046 extra-,
2786 970 2913 1031 sive
2945 968 3102 1030 iudi-

495 1074 740 1152 cialiter,
775 1093 1130 1155 aggravatae
1161 1091 1325 1152 sunt,
1373 1075 1438 1136 in
1469 1094 1616 1136 eum
1646 1093 1897 1154 statum,
1932 1078 1996 1139 in
2029 1096 2160 1157 quo
2194 1077 2490 1139 Kalendis
2521 1077 2777 1139 Ianuarii
2809 1075 3105 1158 praedicti

495 1182 644 1244 anni
684 1185 870 1262 1624.
916 1198 1039 1244 tam
1088 1182 1153 1243 in
1198 1182 1402 1256 sacris,
1434 1201 1626 1262 quam
1658 1184 1723 1245 in
1757 1183 2034 1265 profanis
2066 1183 2338 1262 fuerunt,
2375 1203 2506 1246 non
2541 1185 2749 1246 minus
2780 1203 2849 1243 ac
2881 1182 3105 1264 reliqui

497 1288 700 1350 Status
732 1288 971 1370 Imperii
1002 1289 1353 1369 superiores
1386 1287 1740 1370 plenissime
1773 1306 2177 1370 reponantur,
2213 1289 2402 1369 inque
2435 1308 2531 1366 eo,
2562 1293 2794 1370 absque
2814 1287 3103 1351 ulteriore

493 1395 838 1456 turbatione
885 1395 1138 1476 perinde
1184 1410 1371 1477 atque
1416 1395 1572 1469 illae,
1610 1415 1769 1477 quae
1804 1412 1938 1458 tum
1973 1396 2273 1476 temporis
2304 1396 2509 1458 adhuc
2543 1396 2967 1477 possederunt,
2999 1408 3105 1455 aut

496 1502 720 1564 interea
753 1503 1206 1584 possessionem
1240 1520 1698 1583 recuperarunt,
1734 1521 1933 1583 usque
1965 1502 2042 1563 ad
2076 1502 2460 1563 amicabilem
2496 1502 2898 1585 Religionum
2930 1520 3101 1563 corn·

495 1608 865 1691 positionem
916 1627 1372 1673 conserventur.
1436 1610 1782 1690 Neutrique
1834 1611 2100 1692 partium
2149 1609 2400 1671 alteram
2448 1611 2523 1671 de
2571 1610 2913 1690 Religionis
2955 1629 3104 1671 suae

497 1715 799 1794 exercitio,
834 1716 1135 1779 Ecclesiae
1181 1717 1396 1779 ritibus
1428 1732 1487 1779 et
1519 1717 1887 1780 ceremoniis
1920 1718 2243 1779 deturbare
2277 1717 2367 1778 fas
2397 1718 2490 1796 sit,
2524 1719 2631 1780 sed
2663 1718 2825 1779 cives
2856 1716 3104 1799 pacifice

495 1839 552 1883 et
601 1823 860 1884 comiter
906 1821 1172 1884 invicem
1225 1823 1595 1901 cohabitent,
1644 1823 2039 1904 liberumque
2094 1823 2433 1905 Religionis
2484 1843 2629 1885 suae
2681 1841 2738 1885 et
2789 1827 3103 1886 bonorum

497 1948 681 1991 usum
727 1929 889 1990 ultro
929 1929 1208 2010 citroque
1242 1931 1538 2005 habeant;
1595 1931 1839 1992 cassatis
1873 1949 2081 1992 rerum
2114 1929 2518 1993 iudicatarum
2553 1946 2612 1991 et
2641 1945 3106 2008 transactarum,

494 2036 612 2098 litis
665 2036 1152 2117 pendentiarum,
1202 2036 1460 2116 aliisque
1512 2045 1575 2106 55
1623 2036 1688 2097 ΙΙ.
1721 2052 1780 2098 et
1813 2037 1916 2098 IX.
1949 2036 2323 2098 enumeratis
2374 2037 2872 2119 exceptionibus;
2926 2037 3107 2099 salvis

496 2157 702 2203 tamen
753 2143 843 2221 iis,
888 2164 1048 2224 quae
1079 2143 1481 2204 politicorum
1528 2143 1764 2204 ratione
1810 2145 1887 2205 de
1921 2150 2204 2223 Augusta
2237 2143 2725 2221 Vindelicorum,
2763 2144 3105 2204 Dunckels-

497 2250 659 2331 pula,
693 2250 987 2312 Biberaco
1021 2267 1079 2311 et
1116 2252 1564 2332 Ravenspurgo
1599 2251 1761 2313 dicto
1792 2251 2073 2334 superius
2105 2261 2134 2322 5
2168 2251 2229 2313 11.
2262 2250 2551 2333 disposita
2585 2266 2749 2313 sunt.

710 2367 739 2427 5
778 2376 875 2437 30.
919 2358 1043 2419 ΧΠ.
1092 2358 1258 2420 Cum
1290 2359 1545 2419 statibus
1577 2359 1947 2420 immediatis
1979 2379 2123 2420 cum
2154 2358 2288 2419 iure
2318 2357 2635 2420 Territorii
2669 2372 2729 2418 et
2759 2356 3105 2438 Superiori-

495 2465 630 2526 tatis
661 2485 733 2525 ex
765 2465 1087 2527 communi
1122 2485 1230 2546 per
1272 2480 1474 2526 totum
1509 2465 1839 2547 Imperium
1875 2466 2169 2527 hactenus
2203 2465 2422 2526 usitata
2453 2464 2636 2546 praxi,
2669 2463 2852 2525 etiam
2882 2463 2978 2524 ius
3010 2483 3105 2525 re-

497 2570 802 2633 formandi
832 2572 1186 2634 exercitium
1222 2572 1564 2650 Religionis
1596 2587 1923 2653 competat,
1969 2592 2038 2633 ac
2068 2572 2312 2634 dudum
2345 2572 2410 2632 in
2442 2573 2596 2633 Pace
2631 2570 2972 2653 Religionis
3016 2587 3105 2632 ta-

494 2677 647 2740 lium
679 2693 952 2741 statuum
985 2679 1265 2757 subditis,
1283 2679 1334 2741 si
1353 2700 1386 2740 a
1408 2679 1730 2762 Religione
1755 2678 2007 2741 Domini
2028 2678 2311 2741 territorii
2333 2678 2709 2757 dissentiant,
2734 2678 3102 2741 beneficium

496 2785 837 2865 emigrandi
870 2805 1253 2863 concessum,
1287 2787 1538 2868 insuper
1572 2787 1822 2848 maioris
1857 2787 2221 2848 concordiae
2256 2787 2410 2847 inter
2441 2802 2628 2847 status
2650 2786 3104 2847 conservandae

496 2910 696 2969 causa,
726 2907 978 2961 cautum
1011 2893 1212 2972 fuerit,
1260 2895 1433 2974 quod
1467 2913 1655 2954 nemo
1687 2892 1922 2955 alienos
1954 2893 2232 2955 subditos
2265 2893 2341 2954 ad
2373 2912 2549 2954 suam
2574 2893 2937 2972 religionem
2969 2913 3106 2974 per-

497 3001 732 3061 trahere
780 3020 927 3061 eave
976 3019 1157 3061 causa
1205 3000 1269 3060 in
1316 2999 1744 3061 defensionem
1789 3019 1859 3060 ac
1905 3001 2351 3081 protectionem
2395 3000 2701 3081 suscipere
2746 3000 2938 3061 illisve
2984 2999 3106 3060 ulla

495 3107 729 3169 ratione
781 3107 1145 3188 patrocinari
1196 3107 1433 3187 debeat,
1498 3122 1878 3168 conventum
1928 3124 2036 3181 est,
2103 3109 2223 3168 hoc
2271 3106 2439 3168 idem
2489 3127 2675 3187 porro
2724 3126 2979 3187 quoque
3031 3109 3109 3168 ab

499 3214 819 3294 utriusque
841 3213 1184 3292 Religionis
1204 3214 1471 3275 Statibus
1504 3214 1829 3293 observari,
1865 3215 2145 3295 nullique
2179 3214 2374 3275 Statui
2406 3214 2766 3275 immediato
2787 3214 2901 3293 ius,
2932 3215 3106 3294 quod

496 3320 611 3402 ipsi
655 3322 890 3382 ratione
936 3320 1221 3382 territorii
1265 3336 1325 3383 et
1356 3320 1799 3402 superioritatis
1830 3321 1896 3381 in
1929 3321 2181 3400 negotio
2216 3321 2529 3399 religionis
2562 3321 2872 3402 competit,
2908 3321 3105 3402 impe-

497 3428 609 3489 diri
639 3443 940 3510 oportere.

707 3544 736 3604 5
775 3555 805 3615 3
827 3556 873 3595 t.
933 3534 1073 3595 Hoc
1121 3530 1221 3612 [sc.
1253 3533 1385 3595 iure
1423 3531 1820 3611 reformandi]
1857 3547 2064 3593 tamen
2098 3553 2227 3593 non
2259 3535 2540 3593 obstante
2574 3532 2858 3593 Statuum
2892 3534 3104 3594 catho-

495 3641 759 3703 licorum
790 3640 1156 3717 Landsassii,
1186 3640 1410 3702 Vasalli
1444 3654 1504 3701 et
1535 3639 1776 3700 Subditi
1812 3640 2246 3719 cuiuscunque
2291 3639 2550 3720 generiS,
2602 3639 2711 3719 qui
2743 3640 2867 3700 sive
2901 3640 3105 3720 publi-

495 3769 638 3810 cum
686 3750 812 3810 sive
860 3748 1167 3830 privatum
1213 3755 1608 3828 Augustanae
1656 3746 2066 3808 confessionis
2111 3746 2464 3806 exercitium
2508 3766 2558 3806 a.
2618 3748 2780 3824 1624
2826 3765 3107 3826 quacun-

498 3876 619 3936 que
651 3856 800 3917 anni
832 3872 1020 3936 parte,
1052 3855 1178 3915 sive
1210 3872 1376 3916 certo
1407 3871 1584 3936 pacto
1615 3871 1717 3914 aut
1749 3852 2088 3934 privilegio,
2121 3852 2244 3913 sive
2263 3852 2457 3929 longo
2480 3872 2616 3929 usu,
2635 3851 2761 3913 sive
2782 3853 2913 3913 sola
2932 3853 3105 3913 deni-

498 3982 620 4043 que
665 3962 1051 4025 observantia
1101 3961 1244 4022 dicti
1296 3962 1440 4023 anni
1492 3963 1863 4039 habuerunt,
1910 3960 2206 4021 retineant
2239 3960 2299 4020 id
2332 3959 2516 4021 etiam
2548 3958 2951 4040 imposterum
2985 3980 3106 4021 una

497 4090 642 4132 cum
673 4071 941 4147 annexiS,
989 4084 1296 4149 quatenus
1340 4069 1441 4129 illa
1486 4068 1650 4130 dicto
1685 4087 1855 4128 anno
1888 4082 2287 4129 exercuerunt
2318 4082 2422 4127 aut
2453 4066 2708 4127 exercita
2743 4066 2928 4128 fuisse
2960 4087 3106 4148 pro-

498 4179 638 4238 bare
684 4191 988 4259 poterunt.
1053 4174 1429 4236 Cuiusmodi
1463 4193 1697 4236 annexa
1731 4175 2039 4235 habentur
2069 4174 2367 4235 institutio
2400 4173 2952 4252 Consistoriorum,
2986 4174 3105 4236 Mi·-

498 4284 890 4346 nisteriorum
935 4301 1060 4345 tam
1106 4283 1569 4345 scolasticorum
1601 4303 1791 4363 quarn
1830 4282 2396 4359 ecclesiasticorum,
2435 4282 2533 4342 ius
2572 4298 2923 4362 patronatus
2962 4282 3107 4342 alia-

498 4410 619 4470 que
651 4391 871 4452 similia
905 4391 1055 4452 iura.
1092 4436 1109 4452 .
1139 4437 1153 4453 .
1187 4438 1201 4452 .

710 4507 739 4566 5
776 4518 878 4577 32.
942 4495 1201 4558 Turbati
1246 4511 1352 4556 aut
1397 4514 1781 4575 quocunque
1829 4496 2023 4556 modo
2070 4495 2341 4556 destituti
2391 4514 2535 4556 vero
2568 4496 2697 4556 sine
2734 4496 2855 4555 ulla
2889 4515 3106 4577 excep-

497 4605 665 4665 tione
698 4603 761 4665 in
792 4623 957 4681 eum,
994 4624 1123 4684 quo
1155 4622 1322 4664 anno
1367 4604 1551 4680 1624.
1587 4602 1847 4679 fuerant,
1878 4618 2125 4681 statum,
2160 4601 2428 4683 plenarie
2464 4601 2873 4662 restituantur.
2906 4602 3104 4663 Idem-

497 4733 619 4795 que
651 4716 1009 4774 observetur
1041 4712 1272 4774 ratione
1318 4710 1708 4771 subditorum
1744 4710 2209 4773 Catholicorum
2245 4717 2647 4792 Augustanae
2679 4710 3106 4771 Confessionis

499 4823 804 4898 Statuum,
855 4821 959 4880 ubi
1009 4822 1173 4881 dicto
1220 4838 1388 4881 anno
1434 4819 1618 4896 1624.
1653 4838 1838 4881 usum
1885 4836 1944 4880 et
1989 4819 2343 4881 exercitium
2376 4819 2728 4880 Catholicae
2765 4818 3105 4897 Religionis

501 4930 821 5011 publicum
857 4944 961 4989 aut
994 4928 1299 5008 privatum
1333 4928 1705 4987 habuerunt.
