3684 5416
544 1512 591 1542 to

545 2048 585 2091 ¹5

543 2584 596 2616 20

543 3121 589 3163 ²5

540 3659 590 3695 ἰο

540 4192 588 4233 ’ὗὸ

645 353 747 404 500
1717 334 1885 389 Curia
1927 352 2183 388 romana.

646 519 912 580 dictione
958 535 1017 581 et
1065 519 1420 600 exceptione
1469 520 1747 580 mandari
1796 539 1866 580 ac
1899 522 1974 579 ab
2008 521 2305 581 omnibus
2339 520 2400 581 in
2434 521 2636 582 debita
2669 522 3016 584 obedientia
3051 522 3261 583 haberi

644 642 842 688 essent
873 626 1104 687 solitae.

857 742 885 803 s
924 754 977 795 2.
1021 733 1188 809 Quia
1218 750 1426 795 tamen
1458 732 1743 794 nonnulli
1779 731 1928 809 juris
1960 733 2317 814 interpretes
2350 734 2732 795 diversarum
2758 735 3025 815 partium
3047 734 3259 794 volen-

641 857 836 902 tentes
871 841 1009 922 plus
1042 861 1251 922 sapere
1285 860 1472 920 quam
1507 856 1833 921 oporteret,
1867 839 2170 901 affirmare
2193 860 2322 901 non
2342 843 2805 918 erubescebant,
2825 856 2883 901 et
2905 842 2969 902 in
2991 842 3252 903 dubium

643 950 952 1027 reducere,
999 969 1076 1009 an
1121 948 1307 1009 literis
1353 947 1498 1008 dicti
1545 946 1732 1008 officii
1780 966 1928 1007 cum
1963 947 2178 1026 verbis,
2213 963 2270 1008 et
2301 947 2507 1028 sigillo
2543 946 2868 1029 praedictis
2901 946 3062 1025 juxta
3097 948 3265 1008 illius

642 1059 872 1138 stylum
905 1060 1335 1139 approbatum,
1370 1077 1438 1117 ac
1472 1059 1548 1116 ab
1581 1054 1881 1118 omnibus
1912 1055 2334 1116 indifferenter
2366 1073 2679 1118 servatum
2710 1056 2864 1117 fides
2897 1073 3053 1118 esset
3083 1057 3260 1117 adhi-

644 1164 861 1240 benda,
913 1179 971 1223 et
1017 1163 1133 1224 illis
1178 1164 1429 1224 obedire
1478 1164 1793 1240 haberent,
1846 1162 2218 1224 affirmantes
2265 1163 2586 1223 assertioni
2624 1162 2968 1243 praedictae
3006 1162 3262 1242 Majoris

646 1271 1097 1333 poenitentiarii
1130 1291 1314 1353 super
1346 1271 1704 1333 auctoritate
1736 1271 1832 1331 sui
1867 1270 2053 1331 officii
2087 1286 2145 1331 et
2178 1271 2376 1351 Papae
2409 1270 2659 1351 speciali
2693 1286 2752 1331 et
2773 1291 3063 1352 expresso
3085 1293 3261 1334 man-

644 1380 786 1440 dato
836 1379 1160 1460 praedictis
1209 1398 1340 1441 non
1372 1399 1503 1440 esse
1539 1380 1955 1440 credendum:
2008 1393 2065 1438 et
2099 1397 2212 1459 pro
2245 1398 2320 1439 eo
2354 1379 2498 1458 quia
2534 1379 2897 1440 venerabilis
2933 1381 3111 1441 frater
3144 1400 3259 1442 no-

644 1503 766 1548 ster
796 1486 1077 1547 Julianus
1111 1485 1431 1562 OstiensiS,
1478 1486 1630 1546 olim
1682 1485 2055 1562 SabinensiS,
2107 1486 2450 1567 Episcopus
2499 1485 2698 1564 Major
2745 1486 3254 1548 poenitentiarius

646 1608 855 1655 noster
903 1608 1042 1674 post
1088 1593 1547 1674 promotionem
1596 1593 1670 1653 ad
1704 1594 2108 1654 Sabinensem
2155 1593 2616 1654 translationem
2650 1594 2728 1654 ad
2759 1592 3112 1655 Ostiensem
3147 1596 3258 1655 Ec-

645 1701 855 1761 clesias
888 1720 993 1782 per
1028 1701 1159 1761 Nos
1194 1700 1377 1761 factas
1411 1700 1486 1760 de
1522 1718 1783 1781 persona
1819 1720 1929 1760 sua
1963 1699 2112 1761 olim
2146 1701 2232 1762 tit.
2267 1700 2325 1763 S.
2350 1700 2509 1760 petri
2545 1700 2620 1760 ad
2642 1699 2903 1761 Vincula
2938 1703 3253 1782 Presbyter

647 1807 1009 1876 Cardinalis,
1044 1828 1109 1868 se
1143 1827 1272 1869 non
1306 1806 1704 1869 Cardinalem
1737 1808 1845 1868 sed
1877 1806 2283 1868 Sabinensem
2321 1806 2506 1887 priua,
2540 1823 2598 1867 et
2628 1823 2769 1888 post
2800 1810 3262 1871 translationem

648 1915 1016 1997 praedictam
1054 1914 1406 1975 Ostiensem
1460 1914 1836 1996 Episcopum
1887 1915 2263 1990 nominabat,
2310 1914 2514 1975 literas
2561 1914 2705 1975 dicti
2751 1915 2939 1975 officii
2988 1915 3152 1976 dicto
3184 1917 3264 1977 si-

645 2023 793 2103 gillo
839 2023 1125 2102 sigillatas
1172 2021 1451 2083 modicae
1501 2021 1878 2083 auctoritatis
1925 2023 2198 2096 existere,
2248 2022 2310 2082 in
2358 2021 2501 2082 dicti
2547 2020 2735 2082 officii
2784 2036 2844 2082 et
2876 2020 3006 2101 ejus
3042 2024 3264 2084 poeni·

646 2130 920 2206 tentiarii,
968 2131 1166 2191 immo
1216 2129 1420 2190 verius
1467 2129 1859 2210 Apostolicae
1905 2129 2275 2189 auctoritatis
2321 2143 2752 2209 contemptum
2798 2143 2856 2189 et
2902 2130 3261 2190 scandalum

647 2240 1078 2322 plurimorum.

861 2354 889 2415 S
928 2366 983 2426 3.
1034 2345 1166 2405 Nos
1210 2360 1362 2404 tunc
1401 2343 1656 2424 provide
1691 2343 2074 2404 attendentes
2107 2343 2279 2422 quod
2316 2342 2515 2421 Major
2548 2342 3063 2405 Poenitentiarius
3095 2344 3260 2405 ordi-

649 2455 816 2515 naria
851 2452 1272 2530 jurisdictione
1307 2467 1365 2511 et
1397 2450 1750 2510 auctoritate
1782 2450 2163 2531 fungeretur,
2199 2465 2258 2510 et
2290 2467 2608 2530 propterea
2642 2450 2705 2510 in
2737 2451 2867 2511 suis
2901 2451 3088 2512 liten's
3108 2452 3262 2512 sicut

648 2561 747 2621 alii
781 2559 1087 2632 ordinarii,
1137 2558 1234 2619 sui
1267 2557 1454 2619 officii
1488 2557 1879 2618 auctoritates
1912 2557 2179 2618 inserere
2213 2576 2343 2618 non
2377 2572 2701 2634 teneretur,
2734 2558 3035 2638 quodque
3069 2559 3268 2640 stylus

653 2667 905 2730 ubilibet
938 2665 1291 2749 praesertim
1326 2666 1390 2727 in
1423 2666 1609 2728 Rom.
1630 2664 1818 2726 Curia
1853 2663 2164 2725 literarum
2186 2664 2687 2746 Apostolicarum
2722 2680 2778 2725 et
2811 2664 3067 2726 aliarum
3104 2685 3260 2747 quae

649 2779 722 2837 ab
771 2797 841 2836 ea
892 2776 1253 2834 emanabant
1299 2773 1362 2833 in
1406 2788 1651 2833 tantum
1699 2791 1814 2853 pro
1846 2771 1982 2851 lege
2016 2773 2386 2847 servabatur,
2424 2786 2491 2832 ut
2521 2770 2726 2832 literae
2759 2788 2998 2853 praeter
3029 2774 3256 2855 stylum

648 2881 962 2963 expeditae
998 2880 1269 2941 falsitatis
1301 2879 1654 2959 suspicione
1689 2898 1817 2939 non
1852 2893 2141 2955 carerent,
2181 2897 2251 2938 ac
2283 2878 2560 2939 volentes
2595 2876 2958 2956 hujusmodi
2990 2881 3261 2941 insolen-

649 2990 803 3048 tium
852 2987 1185 3048 temerariis
1229 2986 1479 3047 ausibus
1525 2986 1792 3062 obviare,
1841 3001 1898 3045 et
1944 3003 2163 3045 eorum
2199 3005 2359 3065 quos
2391 2985 2596 3046 literae
2630 2988 2972 3066 praedictae
3004 3007 3258 3049 concer-

649 3098 895 3171 nebant,
944 3093 1454 3155 conscientiarum
1500 3092 1633 3173 paci
1680 3107 1739 3152 et
1784 3091 2225 3172 tranquillitati,
2275 3092 2545 3173 dictique
2580 3092 2766 3154 officii
2797 3095 3022 3155 honori
3055 3109 3112 3154 et
3145 3095 3259 3153 im·

651 3201 928 3262 munitati
961 3201 1282 3262 consulere
1316 3219 1424 3281 per
1455 3198 1599 3259 alias
1633 3216 1872 3260 nostras
1904 3199 2125 3277 literas,
2164 3200 2340 3261 Motu
2377 3200 2635 3281 proprio
2658 3215 2715 3261 et
2737 3220 2808 3260 ex
2830 3218 2988 3262 certa
3010 3201 3262 3262 scientia

648 3311 1050 3382 decrevimuS,
1096 3324 1154 3369 et
1202 3307 1659 3382 declaravimus,
1716 3306 1901 3367 literis
1948 3307 2272 3388 praedictis
2323 3307 2850 3385 poenitentiariae‚
2899 3323 3047 3368 tunc
3081 3327 3261 3389 expe-

647 3417 785 3477 ditis
831 3416 1012 3477 etiam
1065 3416 1274 3496 quoad
1320 3414 1761 3491 auctoritatem,
1807 3429 1865 3474 et
1910 3414 2273 3475 mandatum
2311 3412 2670 3489 hujusmodi
2707 3415 2782 3474 de
2816 3414 3045 3495 quibus
3078 3415 3141 3475 in
3175 3416 3264 3475 eis

649 3525 814 3585 tieret
860 3523 1120 3598 mentio,
1170 3525 1402 3602 absque
1450 3522 1572 3582 ulla
1618 3522 1996 3583 auctoritatis
2043 3537 2099 3581 et
2155 3521 2424 3582 mandati
2461 3520 2821 3597 hujusmodi
2859 3522 2919 3581 in
2949 3521 3037 3581 eis
3069 3521 3262 3581 inser-

650 3632 815 3692 tione
850 3631 1092 3711 plenam
1128 3630 1314 3690 fidem
1347 3628 1620 3690 adhiberi
1655 3629 1894 3706 debere,
1943 3645 2001 3689 et
2033 3629 2109 3689 ad
2144 3628 2202 3689 id
2239 3630 2633 3709 probandum
2667 3628 2916 3688 alterius
2949 3629 3261 3708 probatio-

650 3738 743 3798 nis
789 3738 1236 3797 adminiculum
1288 3757 1416 3798 non
1462 3736 1711 3816 requiri.
1780 3737 2148 3797 Mandantes
2195 3736 2488 3796 omnibus
2535 3750 2592 3795 et
2637 3733 2894 3815 singulis
2941 3735 3261 3815 utriusque

647 3864 829 3905 sexus
863 3843 1087 3904 Christi
1123 3843 1406 3904 fidelibus
1439 3863 1840 3924 quacumque
1877 3843 2168 3922 dignitate
2201 3860 2256 3903 et
2292 3843 2645 3903 auctoritate
2699 3842 3098 3923 fulgentibus,
3147 3847 3262 3904 sub

647 3951 1326 4027 excommunicationis,
1376 3951 1633 4032 aliisque
1680 3951 1974 4023 censuris,
2025 3966 2083 4011 et
2127 3949 2347 4032 poenis
2391 3966 2542 4010 tunc
2587 3951 2903 4030 expressis,
2953 3965 3262 4031 quatenus

645 4059 830 4120 literis
884 4058 1205 4139 praedictis
1239 4058 1765 4136 poenitentiariae,
1816 4059 2164 4120 secundum
2217 4057 2359 4118 dicti
2410 4056 2598 4118 officii
2650 4058 2874 4139 stylum
2925 4057 3266 4138 praefatum

647 4186 793 4229 tunc
828 4167 1139 4249 expeditiS,
1175 4187 1230 4227 et
1265 4187 1418 4247 quas
1450 4186 1564 4247 pro
1598 4182 1881 4247 tempore
1915 4169 1976 4227 in
2014 4183 2383 4248 perpetuum
2407 4165 2675 4246 expediri
2700 4165 3101 4244 contingeret,
3133 4186 3260 4226 cre—

646 4275 880 4349 derent,
915 4288 975 4333 et
1006 4274 1345 4347 obedirent,
1382 4295 1450 4335 ac
1485 4290 1765 4355 parerent
1799 4274 1863 4334 in
1897 4274 2193 4335 omnibus
2225 4291 2281 4333 et
2314 4293 2423 4353 per
2455 4271 2680 4347 omnia,
2732 4273 2985 4352 perinde
3017 4293 3086 4333 ac
3117 4273 3164 4333 si
3201 4273 3266 4333 in

648 4381 764 4441 illis
799 4379 1048 4456 Maioris
1085 4380 1540 4441 poenitentiarii
1588 4401 1698 4461 pro
1747 4398 2024 4461 tempore
2077 4380 2386 4441 existentis
2433 4379 2706 4453 facultaS,
2759 4395 2817 4439 et
2849 4395 3116 4460 potestas
3147 4380 3259 4439 sibi

647 4510 677 4547 a
714 4486 927 4562 Nobis,
960 4501 1017 4546 et
1049 4489 1506 4548 successoribus
1539 4488 1759 4549 nostris
1782 4488 2084 4548 Romanis
2107 4487 2506 4549 pontificibus
2540 4507 2651 4568 pro
2684 4504 2961 4568 tempore
2993 4486 3261 4548 existen-

648 4599 829 4667 tibus,
884 4614 952 4654 ac
998 4614 1060 4653 se
1109 4594 1183 4653 de
1236 4594 1538 4673 praedicta
1573 4615 1882 4666 concessa,
1915 4596 2122 4675 quoad
2159 4615 2227 4654 ea
2263 4614 2420 4674 quae
2454 4595 2516 4655 in
2551 4594 2781 4655 eisdem
2817 4594 3000 4655 literis
3033 4594 3248 4656 poeni-

644 4703 955 4765 tentiariae
1002 4701 1481 4771 continerentur,
1528 4702 1841 4762 sufficiens
1889 4704 2114 4765 inserta
2165 4703 2338 4779 foret,
2388 4719 2444 4762 et
2489 4722 2598 4784 per
2629 4702 2834 4764 literas
2868 4701 3258 4783 Apostolicas

647 4814 720 4871 de
769 4811 909 4870 dicti
963 4808 1212 4883 Maioris
1261 4808 1715 4870 poenitentiarii
1763 4811 2141 4881 auctoritate,
2195 4828 2249 4871 et
2303 4811 2353 4870 ei
2404 4810 2561 4871 facto
2610 4809 2853 4890 speciali
2886 4825 2944 4869 et
2976 4828 3264 4889 expresso
