3684 5416
387 1553 436 1584 10

386 2086 429 2129 ¹5

379 2620 432 2653 ²0

372 3692 425 3737 30

370 4228 418 4272 35

1135 376 1816 459 ¹.)„059{t3³-⁵-‘300133535533
1860 390 1915 459 et
1932 377 2258 461 imperium
2300 379 2477 437 civile.
3008 400 3107 456 303

735 564 863 619 Art.
900 559 970 618 V.
1011 559 1238 621 Omnis
1287 558 1616 636 juventutis
1649 561 1983 623 catholicae
2019 563 2320 625 institutio
2353 564 2417 624 in
2453 565 2691 627 cunctis
2722 566 2950 626 scholis
2981 581 3109 627 tam

495 666 755 747 publicis
787 682 976 747 quam
1011 666 1258 747 privatis
1291 666 1627 729 conformis
1660 667 1772 729 erit
1806 669 2120 730 doctrinae
2155 666 2498 751 Religionis
2530 672 2895 746 catholicae;
2936 673 3108 754 Epis-

493 774 629 855 copi
680 790 888 835 autem
936 794 1006 835 ex
1055 774 1286 855 proprii
1330 775 1650 856 pastoralis
1697 774 1887 837 officii
1922 795 2179 838 munere
2213 777 2477 857 dirigent
2508 778 2858 858 religiosam
2892 778 3106 854 juven-

490 881 634 942 tutis
666 881 1098 942 educationem
1130 882 1197 942 in
1229 882 1526 943 omnibus
1557 882 1976 944 instructionis
2007 883 2158 944 locis
2190 899 2249 945 et
2279 880 2545 966 publicis
2577 901 2633 946 et
2655 885 2902 966 privatis
2923 901 3107 967 atque

494 987 814 1067 diligenter
859 987 1300 1068 advigilabunt,
1351 1003 1418 1049 ut
1465 989 1529 1049 in
1575 989 1792 1069 quavis
1837 990 2133 1052 tradenda
2180 988 2503 1073 disciplina
2538 991 2692 1053 nihil
2725 992 2898 1067 adsit,
2933 993 3106 1072 quod

493 1094 823 1156 catholicae
857 1094 1188 1174 Religioni,
1221 1108 1600 1176 morumque
1635 1096 1941 1158 honestati
1975 1098 2345 1159 adversetur.

702 1208 833 1263 Art.
869 1203 972 1266 Vl.
1053 1205 1258 1266 Nemo
1304 1222 1538 1266 sacram
1588 1180 2029 1285 Theologiam,
2080 1206 2469 1287 disciplinam
2521 1207 2945 1268 catecheticam
3011 1208 3106 1268 vel

495 1310 837 1390 Religionis
870 1311 1214 1373 doctrinam
1245 1313 1309 1373 in
1344 1328 1731 1392 quocunque
1765 1312 2047 1375 instituto
2078 1313 2176 1374 vel
2209 1315 2463 1395 publico
2495 1315 2590 1375 vel
2623 1314 2859 1396 privato
2891 1314 3103 1384 tradet,

496 1417 609 1477 nisi
661 1437 806 1478 cum
854 1418 1220 1480 missionem
1257 1434 1395 1482 turn
1427 1419 1852 1481 auctoritatem
1886 1420 2224 1481 obtinuerit
2256 1421 2330 1481 ab
2364 1420 2678 1501 Episcopo
2710 1421 3101 1495 dioecesan0,

489 1521 665 1599 cujus
697 1525 958 1586 eandem
992 1544 1278 1587 revocare
1311 1544 1417 1603 est,
1450 1526 1706 1607 quando
1739 1527 1802 1588 id
1823 1541 2258 1608 opportunum
2280 1527 2598 1588 censuerit.
2635 1527 2868 1587 Publici
2890 1527 3106 1589 Theo-

489 1631 688 1710 logiae
736 1631 1113 1713 professores
1159 1648 1218 1694 et
1264 1634 1625 1715 disciplinae
1657 1634 2059 1695 catecheticae
2091 1634 2385 1714 magistri,
2422 1649 2754 1715 postquam
2786 1653 3105 1696 sacrorum

488 1739 758 1800 Antistes
805 1740 882 1801 de
929 1739 1403 1801 candidatorum
1453 1740 1594 1812 fide,
1642 1740 1895 1801 scientia
1940 1761 2008 1801 ac
2043 1742 2263 1822 pietate
2296 1741 2665 1801 sententiam
2696 1758 2878 1802 suam
2912 1758 3103 1822 expo-

488 1845 692 1923 suerit,
728 1846 1224 1909 nominabuntur
1256 1867 1327 1907 ex
1361 1845 1455 1919 iis,
1487 1847 1719 1926 quibus
1752 1847 2014 1908 docendi
2036 1847 2404 1908 missionem
2426 1862 2485 1907 et
2505 1847 2928 1908 auctoritatem
2950 1867 3102 1910 con-

491 1952 642 2013 ferre
690 1968 973 2033 paratum
1005 1975 1070 2016 se
1105 1954 1468 2017 exhibuerit.
1529 1955 1653 2017 Ubi
1687 1971 1896 2017 autem
1929 1955 2313 2034 theologicae
2346 1953 2645 2015 facultatis
2677 1955 3101 2034 professorum

489 2060 740 2139 quidam
788 2062 863 2121 ab
898 2061 1210 2143 Episcopo
1257 2063 1332 2122 ad
1377 2061 1707 2123 Seminarii
1752 2062 1847 2122 sui
1895 2061 2186 2123 alumnos
2233 2061 2296 2121 in
2328 2060 2679 2139 Theologia
2725 2062 3103 2124 erudiendos

487 2168 762 2228 adhiberi
809 2168 1032 2246 solent,
1081 2169 1144 2230 in
1192 2168 1502 2247 ejusmodi
1551 2168 1931 2250 professores
1977 2186 2307 2249 nunquam
2355 2184 2485 2228 non
2531 2183 2928 2229 assumentur
2972 2170 3103 2245 viri,

488 2294 647 2354 quos
692 2294 1011 2337 sacrorum
1044 2276 1313 2338 Antistes
1358 2276 1433 2336 ad
1469 2295 1702 2337 munus
1749 2276 2133 2357 praedictum
2167 2276 2538 2337 obeundum
2574 2288 2716 2356 prae
2749 2276 2960 2337 ceteris
2993 2277 3100 2336 ha-
3130 2281 3141 2291 '

488 2382 638 2443 biles
670 2383 991 2444 censuerit.
1057 2384 1178 2444 Pro
1210 2384 1597 2446 examinibus
1630 2401 1870 2457 eorum,
1902 2384 2011 2464 qui
2045 2383 2120 2443 ad
2140 2384 2404 2463 gradum
2424 2382 2693 2443 doctoris
2713 2382 3099 2463 Theologiae

490 2488 581 2549 vel
614 2504 930 2552 sacrorum
966 2491 1303 2552 Canonum
1337 2490 1669 2571 adspirant,
1705 2491 2029 2553 dimidiam
2063 2504 2298 2572 partem
2331 2490 2819 2550 examinantium
2843 2489 3100 2570 Episco—

488 2616 601 2677 pus
623 2597 1029 2660 dioecesanus
1050 2617 1122 2658 ex
1143 2597 1500 2659 doctoribus
1519 2597 1906 2676 Theologiae
1929 2597 2024 2657 vel
2045 2614 2359 2657 sacrorum
2383 2596 2723 2657 Canonum
2745 2596 3093 2658 constituet.

698 2710 827 2766 Art.
864 2704 982 2766 Vll.
1050 2702 1125 2766 In
1170 2705 1512 2787 gymnasiis
1545 2720 1604 2766 et
1635 2704 1953 2780 omnibus,
1996 2724 2151 2785 quas
2186 2703 2417 2765 medias
2450 2718 2688 2781 vocant,
2723 2703 2950 2765 scholis
2982 2723 3095 2785 pro

485 2809 798 2886 juventute
847 2812 1145 2874 catholica
1193 2813 1507 2874 destinatis
1554 2812 1808 2873 nonnisi
1853 2812 1966 2873 viri
1999 2810 2283 2872 catholici
2315 2811 2381 2872 in
2414 2809 2790 2892 professores
2821 2831 2931 2872 seu
2965 2830 3091 2872 ma·

481 2918 702 2996 gistros
748 2919 1265 2997 nominabuntur,
1314 2935 1371 2981 et
1416 2920 1622 2980 omnis
1669 2919 1973 2981 institutio
2007 2920 2083 2980 ad
2117 2919 2272 2979 vitae
2306 2917 2691 2979 Christianae
2723 2919 2925 2996 legem
2960 2937 3092 2980 cor-

483 3025 664 3088 dibus
697 3026 1149 3088 inscribendam
1186 3047 1300 3108 pro
1333 3027 1439 3103 rei,
1476 3047 1632 3106 quae
1665 3041 1971 3104 tractatur,
2008 3041 2226 3087 natura
2260 3025 2601 3106 composita
2635 3025 2764 3087 erit.
2817 3024 3095 3101 Quinam

407 3158 422 3168 -
482 3131 618 3193 libri
670 3133 730 3194 in
784 3132 1001 3195 iisdem
1045 3133 1274 3195 scholis
1319 3134 1395 3194 ad
1445 3134 1797 3214 religiosam
1845 3134 2206 3196 tradendam
2255 3132 2726 3194 instructionem
2761 3132 3094 3195 adhibendi

481 3240 617 3312 sint,
653 3241 944 3323 Episcopi
977 3241 1210 3303 collatis
1242 3240 1400 3302 inter
1431 3261 1494 3300 se
1529 3240 1801 3302 consiliis
1833 3254 2116 3302 statuent.
2148 3240 2240 3300 De
2268 3239 2609 3319 Religionis
2643 3240 2948 3317 magistris
2976 3259 3096 3320 pro

481 3348 738 3428 publicis
769 3348 1105 3429 gymnasiis
1138 3348 1484 3428 mediisque
1517 3348 1745 3409 scholis
1777 3348 2146 3428 deputandis
2176 3346 2355 3406 firma
2390 3348 2747 3420 manebunt,
2779 3366 2941 3426 quae
2976 3348 3092 3409 hac

483 3455 555 3514 de
590 3475 652 3516 re
685 3453 1007 3517 salubriter
1037 3455 1366 3517 constituta
1400 3469 1561 3515 sunt.

694 3567 822 3623 Art.
855 3561 1001 3624 vffl.
1036 3563 1274 3624 Omnes
1306 3562 1657 3622 scholarum
1694 3560 2163 3622 elementarium
2184 3576 2297 3639 pro
2318 3558 2631 3619 catholicis
2650 3558 3093 3618 destinatarum

479 3670 750 3749 magistri
785 3670 1149 3751 inspectioni
1183 3669 1623 3730 ecclesiasticae
1654 3666 1883 3728 subditi
1904 3681 2104 3727 erunt.
2140 3667 2518 3746 lnspectores
2539 3664 2896 3725 scholarum
2917 3663 3091 3725 dioe-

480 3793 735 3837 cesanos
770 3775 1053 3854 Maiestas
1100 3776 1227 3839 Sua
1274 3777 1573 3838 Caesarea
1622 3795 1694 3835 ex
1742 3773 1888 3834 viris
1936 3776 2012 3834 ab
2047 3771 2330 3834 Antistite
2378 3772 2712 3832 diocesano
2760 3771 3093 3852 propositis

480 3885 844 3946 nominabit.
906 3886 1095 3962 Casu,
1144 3899 1276 3965 quo
1323 3883 1542 3945 iisdem
1577 3883 1642 3943 in
1675 3881 1905 3943 scholis
1939 3879 2328 3942 instructioni
2365 3877 2684 3957 religiosae
2716 3878 2884 3938 haud
2916 3878 3092 3938 suffi-

479 3992 706 4053 cienter
752 3992 1072 4072 provisum
1119 3992 1215 4068 sit,
1249 3992 1600 4073 Episcopus
1648 3990 1852 4051 virum
1899 3987 2401 4063 ecclesiasticum,
2434 3985 2545 4065 qui
2579 3983 2894 4065 discipulis
2925 3999 3091 4044 cate-

477 4098 789 4159 chismum
833 4098 1044 4174 tradat,
1105 4098 1293 4158 libere
1338 4098 1688 4159 constituet.
1765 4095 1831 4157 In
1891 4093 2390 4174 ludimagistrum
2435 4089 2791 4152 assumendi
2836 4089 2989 4150 fides
3034 4105 3094 4151 et

478 4205 864 4266 conversatio
915 4205 1274 4266 intemerata
1326 4205 1400 4265 sit
1451 4218 1711 4285 oportet.
1775 4204 1951 4265 Loco
1994 4201 2363 4279 movebitur,
2408 4198 2517 4280 qui
2564 4219 2596 4259 a
2642 4212 2808 4258 recto
2854 4196 3090 4257 tramite

477 4312 808 4373 deflexerit.

689 4427 816 4482 Art.
851 4420 948 4480 lx.
1016 4418 1495 4500 Archiepiscopi,
1549 4417 1836 4499 Episcopi
1886 4437 2231 4497 omnesque
2278 4418 2560 4478 locorum
2597 4413 2904 4474 Ordinarii
2941 4429 3086 4491 pro·

475 4527 670 4606 priam
703 4528 1130 4587 auctoritatem
1162 4527 1522 4587 omnimoda
1556 4525 1826 4586 libertate
1862 4529 2251 4596 exercebunt,
2286 4540 2351 4584 ut
2380 4522 2571 4584 libros
2607 4519 2914 4598 Religioni
2952 4538 3089 4580 mo-

476 4651 742 4713 rumque
787 4634 1097 4694 honestati
1145 4633 1529 4714 perniciosos
1562 4649 1820 4692 censura
1858 4632 2267 4711 perstringant
2299 4645 2355 4690 et
2390 4629 2600 4690 fideles
2632 4631 2707 4689 ab
2739 4630 3087 4690 eorundem

475 4741 736 4802 lectione
783 4755 1070 4800 avertant.
1133 4740 1254 4800 Sed
1301 4756 1360 4800 et
1394 4738 1804 4814 Gubernium,
1855 4755 1931 4798 ne
1981 4737 2287 4813 ejusmodi
2320 4736 2454 4797 libri
2490 4736 2555 4795 in
2589 4735 2853 4816 lmperio
2887 4735 3087 4795 divul-

475 4864 715 4931 gentur,
752 4849 976 4928 quovis
1010 4862 1371 4928 opportuno
1405 4846 1680 4907 remedio
1715 4846 1965 4905 cavebit.

691 4955 817 5016 A‘rt.
854 4956 926 5016 X.
978 4954 1198 5028 Quum
1234 4969 1481 5014 caussae
1515 4952 1950 5014 ecclesiasticae
1980 4970 2206 5012 ‘omnes
2240 4968 2295 5011 et
2328 4952 2392 5011 in
2427 4950 2648 5031 specie,
2683 4967 2842 5029 quae
2877 4948 3085 5025 fidem,
