3684 5416
1652 403 1970 459 Ordinatio.
3005 419 3109 485 329

500 582 738 643 nasterii
788 600 1023 645 tantum
1078 586 1402 665 pertinent,
1454 608 1613 667 quae
1665 588 1847 649 etiam
1901 588 2287 666 Monasteria,
2341 604 2405 648 ut
2457 587 2795 669 plurimum
2845 587 3003 647 inter
3047 605 3110 645 se

495 689 679 769 longe
714 691 957 767 distant,
991 712 1105 752 nec
1139 692 1480 772 Generalia,
1515 695 1939 772 Provincialia,
1975 711 2077 755 aut
2113 695 2473 756 intermedia
2506 695 2787 777 Capitula
2823 692 2940 756 nisi
2974 713 3111 755 raro

497 797 797 858 celebrare
832 800 1052 861 solent.
1118 801 1264 861 Ideo
1298 802 1642 879 statuimuS,
1693 820 1759 863 ut
1793 802 2156 882 Superiores
2197 802 2446 863 illorum
2479 802 3002 864 Monasteriorum
3038 802 3112 862 de

497 926 804 968 consensu
850 908 945 968 sui
979 909 1246 989 Capituli
1293 910 1641 990 praehabita
1687 910 1875 970 simul
1921 928 2065 968 curn
2113 910 2208 970 his
2257 910 2331 970 de
2378 910 2605 989 quibus
2638 910 2701 970 in
2733 929 3112 990 unaquaque

417 1033 440 1075 5
500 1014 821 1094 Religione
865 1032 970 1075 aut
1007 1016 1404 1095 MonasteriO,
1453 1016 1617 1094 juxta
1663 1016 1795 1093 ejus
1841 1016 2283 1077 costitutiones
2330 1016 2717 1098 recipiendus
2755 1017 3113 1097 interrogari

498 1119 670 1198 solet,
719 1120 922 1201 aliqua
969 1122 1409 1184 informatione
1454 1141 1640 1204 super
1692 1123 1787 1183 his
1833 1141 1994 1202 quae
2042 1121 2104 1181 in
2137 1121 2312 1182 dictis
2343 1122 2881 1184 constitutionibus
2914 1123 3112 1183 conti-

499 1242 724 1287 nentur
755 1228 831 1288 ad
865 1230 1281 1309 receptionem
1316 1229 1679 1307 hujusmodi
1713 1230 2044 1311 procedere
2077 1227 2333 1306 valeant,
2354 1228 2505 1288 dum
2540 1244 2744 1290 tamen
2779 1244 3111 1308 antequam

499 1334 573 1394 ad
608 1335 1059 1415 professionem
1095 1338 1469 1414 admittatur,
1514 1337 1803 1417 plenaria,
1840 1352 1898 1397 et
1932 1356 2008 1397 eo
2043 1336 2257 1413 mode,
2295 1350 2480 1416 prout
2509 1336 2574 1397 in
2606 1335 2781 1397 dictis
2814 1335 3112 1396 constitu-

499 1441 771 1502 tionibus
820 1443 1094 1519 habetur‚
1144 1444 1459 1524 inquisitio
1509 1446 1629 1521 fiat,
1677 1465 1834 1525 quae
1872 1460 2080 1525 postea
2113 1445 2187 1503 ab
2222 1444 2337 1521 his,
2373 1464 2405 1504 a
2439 1444 2669 1524 quibus
2703 1442 2764 1503 in
2798 1441 3116 1524 praedictis

398 1565 448 1596 ιο
503 1548 885 1609 Monasteriis
930 1550 1259 1611 examinari
1308 1551 1526 1627 solent,
1575 1551 1900 1631 diligenter
1946 1550 2340 1625 examinetur,
2388 1566 2444 1610 et
2491 1552 2886 1631 approbetur,
2921 1565 2977 1610 et
3010 1549 3115 1609 de-

503 1674 675 1716 mum
709 1658 921 1717 omnia
955 1658 1019 1717 in
1053 1658 1216 1718 dicto
1250 1657 1539 1738 Capitulo
1575 1676 1784 1718 coram
1820 1657 2151 1737 Superiore
2186 1657 2547 1717 referantur.
2597 1655 2910 1732 Volentes,
2941 1656 3113 1735 quod

501 1763 863 1843 Superiores
911 1764 1200 1845 praedicti
1252 1784 1393 1826 curn
1443 1784 1663 1825 eorum
1701 1764 2011 1846 Capitu10‚
2056 1780 2161 1824 aut
2210 1764 2314 1824 ubi
2347 1763 2740 1835 consuetudo
2774 1782 2903 1824 non
2938 1762 3120 1823 fuerit

503 1871 844 1931 celebrandi
878 1872 1182 1951 Capitula‚
1229 1892 1370 1932 curn
1420 1872 1615 1933 tribus
1661 1887 1765 1932 aut
1810 1886 2085 1951 quatuor
2129 1870 2202 1930 ad
2239 1870 2301 1930 id
2336 1871 2400 1931 in
2434 1869 2721 1931 Generali
2755 1873 3115 1953 Congrega-

500 1980 668 2041 tione
702 1999 810 2059 per
841 1994 982 2040 vota
1016 1997 1242 2041 secreta
1275 1980 1595 2061 deputatis,
1628 1979 1878 2039 servatis
1912 1996 2131 2039 eorum
2167 1978 2550 2057 regularibus
2583 1979 2875 2040 institutis
2907 1999 2975 2039 ac
3006 2000 3109 2040 su-

403 2103 446 2148 ι5
504 2087 785 2168 pradictis
836 2090 1150 2165 omnibus,
1204 2090 1464 2149 eandem
1515 2089 1577 2148 in
1629 2087 1995 2168 recipiendis
2048 2085 2310 2146 Novitiis
2358 2086 2624 2147 habeant
2669 2087 3113 2161 auctoritatem,

503 2215 658 2276 quae
691 2215 799 2277 per
830 2196 1018 2257 dictas
1050 2196 1523 2256 constitutiones
1558 2193 2039 2255 provincialibus
2071 2191 2372 2273 Capitulis
2405 2208 2494 2253 est
2526 2193 2831 2254 attributa.

715 2312 743 2373 S
780 2305 838 2365 6.
891 2305 1324 2379 Decernentes,
1358 2320 1467 2364 etc.

716 2419 744 2480 S
780 2432 840 2480 7.
891 2411 1037 2472 Non
1071 2411 1455 2472 obstantibus
1489 2410 1859 2492 praemissis,
1895 2427 2004 2471 etc.

720 2518 887 2578 Nulli
922 2538 1072 2598 ergo
1106 2535 1214 2580 etc.
1267 2519 1329 2580 Si
1364 2520 1505 2599 quis
1538 2535 1648 2579 etc.

399 2656 455 2689 ²0
721 2644 946 2704 Datum
970 2643 1206 2704 Romae
1237 2645 1402 2726 apud
1423 2644 1712 2704 Sanctum
1741 2644 2006 2718 Petrum,
2042 2649 2230 2704 Anno
2264 2642 2696 2703 incarnationis
2732 2641 3120 2718 Dominicae,

518 2775 697 2832 ¹59¹·
730 2754 815 2814 Id.
852 2753 1073 2830 Martii,
1108 2754 1507 2814 pontificatus
1542 2752 1731 2813 nostri
1767 2758 1957 2813 Anno
1994 2751 2211 2832 primo.

1146 3177 1219 3245 D)
1274 3175 1736 3245 &regularitas
1773 3191 1862 3232 ex
1894 3173 2145 3242 defectu
2184 3175 2478 3240 corporis.

1305 3373 1397 3425 st).
1452 3369 1821 3425 GELAsms
1861 3369 1915 3422 1.
1956 3366 2323 3438 (492—496).

509 3540 621 3609 Ep.
663 3538 697 3591 1.
751 3537 853 3591 Ad
910 3535 1314 3590 universos
1356 3530 1784 3603 Episcopos
1841 3546 1970 3600 per
2022 3528 2431 3582 Lucaniam
2486 3526 2964 3581 constitutos
3016 3528 3112 3590 (iu

399 3649 450 3693 ²5
1526 3629 1573 3665 c.
1616 3630 1664 3682 5.
1706 3612 1772 3666 D.
1815 3609 2091 3670 xxxin.)

718 3743 747 3771 ¹⁸
815 3743 975 3813 Corp.
1027 3743 1135 3797 iur.
1175 3757 1293 3793 can.
1348 3739 1437 3792 ed.
1494 3736 1929 3801 Friedberfz.
1983 3735 2156 3787 Torn.
2213 3733 2249 3785 1.
2308 3730 2415 3786 col.
2464 3749 2578 3803 ¹23·
2656 3731 2906 3794 Thiel‚
2961 3733 3120 3803 Epist.

509 3825 735 3878 Roman.
776 3821 975 3891 Pontg'f.
1016 3837 1071 3892 p.
1100 3838 1219 3891 372.
1273 3816 2061 3874 jaffe-Wauenbach.
2103 3831 2155 3866 n.
2186 3812 2292 3885 636
2329 3814 2505 3883 (391).

659 3983 956 4056 Arrepticii
996 3983 1087 4038 uel
1127 3982 1408 4054 epileptici
1448 3982 1618 4037 sacris
1659 3980 1930 4035 altaribus
1971 3995 2090 4033 non
2131 3975 2465 4030 ministrent.
2521 3979 2704 4040 (Decr.
2749 3977 2958 4038 (irak).

719 4116 935 4196 Usque
985 4114 1141 4175 adeo
1188 4134 1334 4175 sane
1383 4113 1801 4196 comperimus
1832 4111 2040 4172 illicita
2076 4128 2324 4190 queque
2359 4125 2779 4188 prorumpere,
2813 4121 2878 4166 ut
2911 4106 3127 4166 demo-

400 4254 454 4298 ‘30
509 4224 692 4285 nibus
736 4222 1166 4302 similibusque
1213 4221 1602 4303 passionibus
1648 4218 1889 4280 irretitis
1940 4215 2275 4278 ministeria
2322 4228 2704 4276 sacrosancta
2736 4229 2989 4274 tractare
3020 4211 3125 4272 tri-

508 4336 750 4393 buatur.
812 4328 1063 4405 Quibus
1109 4329 1157 4389 si
1207 4329 1269 4390 in
1305 4330 1424 4389 hoc
1457 4348 1642 4409 opere
1676 4326 1888 4407 positis
1921 4323 2157 4404 aliquid
2193 4320 2471 4404 propriae
2504 4320 2873 4381 necessitatis
2905 4338 3121 4379 occur-

508 4456 619 4512 rat,
653 4439 794 4520 quis
825 4436 1106 4498 fidelium
1140 4438 1216 4497 de
1249 4457 1358 4496 sua
1392 4436 1585 4497 salute
1618 4433 1893 4511 confidit,
1930 4432 2033 4494 ubi
2068 4429 2379 4492 ministros
2411 4428 2577 4510 ipsos
2610 4429 2919 4488 humanae
2953 4444 3127 4485 cura-

507 4547 690 4610 tionis
721 4561 884 4607 tanta
918 4543 1295 4625 prospexerit
1327 4542 1662 4603 calamitate
1697 4541 1942 4601 uexari?
1992 4546 2194 4618 Atque
2224 4537 2367 4598 ideo
2400 4534 2742 4597 necessario
2765 4530 3130 4593 remouendi

507 4669 673 4732 sunt,
707 4673 785 4714 ne
818 4650 1216 4733 quibuslibet,
1252 4669 1365 4731 pro
1404 4649 1633 4729 quibus
1654 4648 1953 4710 Christus
1974 4660 2259 4706 mortuus
2293 4658 2402 4718 est,
2422 4642 2781 4704 scandalum
2803 4654 3131 4719 generetur

398 4787 451 4832 35
509 4760 786 4823 infirmis.
849 4760 1190 4830 Postremo,
1233 4758 1282 4818 si
1318 4775 1575 4838 corpore
1610 4755 1955 4817 sauciatum
1989 4752 2260 4813 fortassis
2294 4767 2398 4811 aut
2430 4750 2698 4811 debilem
2732 4764 3128 4826 nequaquam

508 4885 713 4930 sancta
748 4866 1104 4946 contingere
1137 4866 1232 4927 lex
1266 4864 1478 4926 diuina
1515 4861 1809 4945 permisit,
1862 4876 2100 4942 quanto
2136 4859 2331 4937 magis
2364 4857 2512 4918 doni
2545 4855 2780 4916 celestis
2812 4853 3127 4933 dispensa-

507 4993 670 5037 tores
703 4995 833 5037 esse
867 4994 994 5036 non
1027 4972 1321 5034 conuenit
1353 4971 1546 5051 (quod
1578 4986 1665 5031 est
1699 4968 1982 5043 deterius)
2018 4982 2223 5028 mente
2258 4969 2614 5046 percussos?
