3684 5416
389 1683 436 1714 lO

388 2271 432 2315 ¹5

383 2825 436 2856 20

384 3367 432 3410 25

382 3900 436 3944 30

382 4432 431 4476 35

377 4971 432 5010 ⁴0

491 556 853 618 sententiam
900 555 1559 617 excommunicationis
1606 556 1893 633 incurrat,
1940 579 1972 617 a
2020 578 2143 639 qua
2196 577 2324 620 non
2372 558 2563 640 possit
2595 559 2850 632 absolvi,
2884 560 2998 621 nisi
3030 561 3106 631 ei,

493 683 680 743 quem
714 663 801 723 sic
834 662 1102 743 fatigavit
1134 663 1423 739 indebite,
1474 663 1675 743 primo
1714 662 2040 725 satisfaciat
2072 664 2441 747 integraliter
2473 667 2549 727 de
2582 667 2882 747 expensis.
2948 666 3108 729 Offi-

493 769 656 830 cium
708 785 916 832 autem
966 789 1497 850 quorumcunque
1548 787 2057 832 conservatorum
2109 771 2243 853 ipso
2291 773 2423 833 iure
2470 773 2678 853 quoad
2726 791 2858 834 non
2891 790 3104 856 coepta

493 876 733 958 negotia
782 895 890 957 per
930 876 1173 939 obitum
1223 876 1617 938 concedentis
1650 876 1946 938 volumus
1979 878 2301 958 exspirare.
2367 878 2544 940 Circa
2579 899 2839 942 munera
2872 900 3017 941 vero
3050 898 3106 942 et

493 1003 806 1066 expensas.
840 1003 1177 1046 assessores
1208 1003 1279 1045 ac
1310 984 1606 1060 notarios,
1642 999 1702 1045 et
1734 1004 2034 1065 personas
2066 985 2401 1047 testimonii
2434 1006 2616 1048 causa
2650 987 2967 1062 vacandas,
3006 987 3107 1048 illa

492 1090 900 1172 praecipimus
947 1090 1010 1151 in
1058 1091 1419 1152 huiusmodi
1467 1091 2007 1153 conservatoribus
2054 1111 2162 1172 per
2206 1093 2416 1154 omnia
2462 1095 2789 1171 observari,
2836 1113 2996 1174 quae
3044 1095 3105 1154 in

491 1196 782 1276 delegatis
833 1197 1139 1258 iudicibus
1185 1196 1542 1259 constitutio
1574 1218 1607 1257 a
1641 1197 1819 1258 nobis
1865 1217 2052 1279 super
2083 1198 2178 1259 his
2210 1199 2368 1260 edita
2402 1201 2784 1262 observanda
2819 1201 3104 1263 decrevit.

494 1300 809 1382 Quicquid
855 1319 1059 1366 autem
1106 1319 1316 1365 contra
1364 1289 1839 1385 praemissa'vel
1887 1324 2104 1367 eorum
2153 1304 2410 1386 aliquod
2448 1308 2726 1368 attentari
2760 1308 3104 1388 contigerit,

493 1410 755 1471 omnino
787 1411 1180 1473 decernimus
1213 1412 1453 1472 irritum
1485 1427 1543 1472 et
1576 1411 1773 1473 inane.

1168 1653 1297 1710 180.
1338 1653 1775 1712 GREGORIUS
1814 1656 1945 1711 XV.
1986 1655 2419 1726 (mol—1624).

702 1810 730 1839 *
784 1809 1057 1878 Magnum
1096 1809 1412 1862 Bullarimn
1454 1809 1783 1862 Romanum.
1835 1807 2011 1860 Tom.
2051 1807 2136 1861 111.
2194 1824 2247 1878 p.
2285 1826 2589 1879 440—441.
2670 1809 3105 1876 HinschiuS,

496 1888 905 1942 Ke'rchcnrecltt.
946 1888 1118 1942 Torn.
1148 1888 1186 1941 1.
1227 1905 1278 1959 p.
1317 1905 1428 1958 ¹79·

491 2037 814 2101 Revocatio
847 2059 1361 2119 quarumcumque
1393 2039 1750 2098 electionum
1784 2039 1858 2097 de
1876 2037 2206 2106 judicibus
2229 2037 2784 2099 Conservatoribus
2816 2015 3107 2103 ltacten’us

471 2139 819 2215 factarum,
882 2144 942 2197 et
1001 2158 1154 2198 nova
1203 2139 1277 2197 de
1326 2139 1439 2210 εἰς,
1502 2157 1823 2216 eorumque
1873 2135 2272 2196 electionibus
2322 2139 2386 2196 in
2428 2142 2739 2216 posterum
2783 2140 3108 2215 faciendis

1625 2236 1965 2316 dispositio

703 2360 868 2422 Scias
905 2378 1094 2439 super
1125 2358 1448 2420 nonnullis
1480 2358 1681 2419 verbis
1714 2358 1904 2419 huius
1936 2357 2418 2420 Constitutionis
2448 2376 2731 2421 exortum
2769 2359 2956 2422 fuisse
2991 2361 3105 2421 du-

492 2469 684 2534 bium.
732 2469 905 2549 quod
952 2468 1326 2529 declaratum
1380 2467 1494 2528 suit
1541 2485 1649 2546 per
1680 2465 2196 2545 Congregationis
2227 2466 2491 2529 Concilii
2524 2467 2870 2529 Tridentini
2915 2469 3106 2530 Inter·

493 2591 690 2655 pretes
721 2575 784 2636 in
817 2576 1096 2655 quodam
1128 2575 1411 2648 Decreto‚
1445 2573 1620 2654 quod
1654 2573 1753 2633 hic
1784 2573 2203 2652 subsequitur.

702 2682 1137 2745 Sanctissimus
1183 2681 1245 2743 in
1282 2679 1533 2742 Christo
1566 2680 1761 2752 Pater,
1809 2694 1868 2741 et
1902 2678 2215 2741 Dominus
2248 2694 2457 2741 noster
2493 2680 2564 2741 D.
2598 2679 2958 2761 GregoriuS,
2999 2682 3105 2745 Di-

491 2790 627 2851 vina
660 2790 1054 2852 Providentia
1087 2791 1248 2871 Papa
1296 2788 1429 2850 XV.
1483 2809 1557 2849 ex
1607 2788 1784 2848 certis
1829 2787 2295 2849 rationabilibus
2345 2788 2544 2849 causis
2588 2790 2871 2850 animum
2917 2809 3104 2852 suum

495 2896 905 2972 moventibus,
953 2912 1010 2958 et
1056 2896 1131 2957 de
1177 2912 1324 2959 voto
1357 2894 1821 2956 venerabilium
1874 2895 2152 2955 Fratrum
2200 2914 2459 2956 suorum
2497 2896 2556 2958 S.
2592 2897 2666 2957 R.
2705 2896 2772 2958 E.
2807 2896 3108 2958 Cardina-

489 3004 640 3064 lium
676 3003 960 3065 Concilio
992 3002 1345 3064 Tridentini
1393 3003 1815 3084 Interpreturn,
1850 3001 2069 3081 partim
2104 3002 2256 3063 felic.
2291 3003 2524 3065 record.
2547 3002 2885 3065 Clementis
2908 3005 3107 3084 Papae

491 3110 636 3171 Vlll.
669 3109 1156 3172 Praedecessoris
1188 3109 1284 3171 sui
1317 3109 1582 3187 vestigiis
1615 3109 2014 3172 inhaerendO.

700 3245 730 3305 s
776 3256 825 3296 ι.
869 3234 1223 3313 Revocavit,
1259 3254 1329 3295 ac
1359 3234 1578 3312 nullas,
1611 3249 1667 3294 et
1700 3234 1998 3294 invalidas
2029 3233 2298 3293 decrevit
2330 3251 2568 3311 omnes,
2602 3251 2662 3296 et
2696 3255 3106 3316 quascunque

489 3344 779 3405 Judicum
827 3344 1354 3404 Conservatorum
1401 3342 1748 3417 electiones,
1801 3340 2280 3415 nominationes,
2343 3360 2451 3401 seu
2503 3343 2948 3423 depurationes,
2983 3360 3103 3404 tam

490 3450 555 3510 in
599 3450 722 3510 vim
769 3450 1084 3510 literarum
1115 3448 1753 3520 Conservatoriarum,
1801 3446 1960 3523 juxta
2011 3446 2274 3506 formam
2325 3447 2386 3507 in
2422 3447 2758 3526 quinterno
2790 3449 3103 3510 Cancella·

492 3558 613 3617 riae
660 3556 1046 3638 descriptam,
1093 3575 1284 3635 quam
1336 3557 1399 3616 in
1435 3555 1556 3615 vim
1594 3571 2126 3634 quorumcunque
2161 3551 2622 3632 privilegiorum
2655 3569 2977 3635 perpetuo,
3012 3556 3107 3616 vel

491 3664 566 3724 ad
600 3679 847 3744 tempus
885 3665 1172 3725 nondum
1207 3664 1507 3744 elapsum,
1544 3660 1901 3742 Apostolica
1936 3660 2288 3721 auctoritate
2322 3679 2787 3740 concessorum,
2819 3682 2927 3724 seu
2961 3664 3107 3724 alias

491 3791 873 3851 quocunque
910 3770 1059 3847 jure,
1092 3772 1189 3831 vel
1220 3772 1399 3832 titulo
1431 3772 1726 3831 hactenus
1761 3769 1963 3844 factaS,
1996 3786 2109 3849 pro
2142 3768 2628 3848 quibuscunque
2661 3769 3104 3847 Conventibus,

494 3878 816 3958 Capitulis,
872 3879 1123 3953 Militiis,
1175 3879 1357 3939 etiam
1421 3878 1479 3939 S.
1533 3876 1787 3938 Joannis
1850 3874 2420 3956 Hierosolymitani,
2482 3876 3108 3955 CongregationibuS‚

489 3984 803 4066 Collegiis,
833 3985 1193 4062 Ordinibus,
1227 3984 1635 4060 MonasteriiS,
1673 3982 2110 4064 Hospitalibus,
2161 3997 2265 4043 aut
2298 3982 2429 4042 aliis
2462 3982 2783 4062 quibusvis
2816 3983 2948 4063 piis,
2980 4000 3107 4045 tam

489 4093 920 4169 saecularibus,
953 4111 1144 4172 quam
1177 4091 1447 4168 cujusvis
1479 4090 1752 4164 Ordinis,
1789 4090 1967 4150 etiam
2003 4088 2512 4168 Mendicantium,
2549 4108 2659 4150 seu
2694 4089 2977 4166 Instituti,
3011 4089 3107 4149 vel

491 4199 807 4260 Societatis
839 4198 1273 4279 Regularibus,
1308 4198 1459 4260 locis
1492 4196 1889 4279 quantumvis
1922 4196 2241 4277 exemptiS,
2290 4196 2473 4256 etiarn
2507 4197 2584 4257 de
2619 4196 2971 4257 necessitate
3003 4215 3103 4257 ex-

491 4305 847 4386 primendis,
882 4325 990 4367 seu
1028 4305 1279 4367 illorum
1315 4306 1615 4386 personiS,
1640 4303 1909 4381 cujusvis
1942 4301 2247 4381 qualitatis
2279 4321 2389 4363 seu
2423 4302 2803 4365 conditionis
2834 4303 3106 4365 existant.

700 4421 730 4481 S
771 4432 824 4474 2.
874 4413 941 4472 In
977 4412 1254 4473 futurum
1287 4432 1434 4475 vero
1468 4412 1764 4473 Sanctitas
1795 4430 1907 4470 sua
1939 4412 2052 4471 hac
2084 4412 2377 4490 generali,
2428 4426 2485 4471 et
2518 4428 2821 4492 perpetuo
2854 4412 3106 4472 valitura

489 4520 932 4581 constitutione
980 4520 1206 4595 statuit,
1255 4537 1312 4581 et
1347 4520 1633 4596 decrevit,
1670 4534 1735 4580 ut
1768 4519 2013 4579 ,ludices
2046 4520 2529 4580 Conservatores
2562 4517 2946 4596 hujusmodi,
2982 4519 3106 4580 sive

489 4627 874 4708 principales,
928 4628 1056 4690 sive
1107 4629 1443 4708 subrogati,
1496 4627 1636 4707 eligi
1690 4627 2022 4705 nominari,
2075 4643 2180 4687 aut
2227 4627 2503 4708 deputari
2539 4645 2669 4687 non
2702 4628 2959 4708 possint,
2992 4627 3108 4687 nisi

489 4753 616 4795 non
662 4734 870 4795 solum
923 4736 1186 4797 habeant
1233 4736 1551 4816 qualitates
1598 4734 1939 4814 requisitaS,
1975 4750 2030 4794 et
2065 4734 2399 4815 descriptas
2434 4735 2494 4795 in
2529 4734 2992 4796 Constitutione
3027 4733 3106 4793 si-

490 4840 651 4901 milis
699 4842 936 4904 record.
972 4842 1271 4904 Bonifacii
1323 4844 1519 4923 Papae
1554 4842 1697 4902 Vlll.
1734 4842 1918 4901 etiam
1967 4841 2453 4902 Praedecessoris
2500 4842 2615 4920 sui,
2664 4860 2826 4921 quae
2874 4840 3104 4920 incipit,

491 4948 833 5023 Statutum;
889 4950 966 5011 ita
1016 4966 1081 5010 ut
1128 4949 1223 5010 vel
1270 4951 1559 5029 dignitate
1594 4948 2010 5009 Ecclesiastica
2057 4948 2331 5029 praediti,
2380 4949 2473 5009 vel
2514 4964 2912 5029 personatum
2948 4947 3104 5008 obti-
