3684 5416
545 1515 594 1546 10

546 2049 590 2091 ι5

538 2581 590 2612 20

538 3116 589 3159 25

536 3652 588 3695 30

535 4188 584 4231 35

531 4724 586 4763 40

650 341 720 397 So
1277 345 1544 399 Potestas
1582 342 1966 399 ecclesiastica

652 520 910 596 ἔδοξεν,
946 523 1232 585 εἰποῦσι·
1269 523 1416 585 Τοῦ
1445 521 1784 606 Ῥωμαίων
1820 525 1928 607 βα-

651 628 892 706 σιλέως
923 628 1042 692 τὸν
1073 628 1365 712 δαίμονα
1401 628 1681 713 ὄμνυσιν
1712 630 1776 693 οἱ
1808 630 1930 709 τὴν

648 734 851 814 τύχην
897 737 1110 800 αὑτοῦ
1153 737 1540 820 ὀμνύοντες)
1588 737 1930 820 δαιμόνων

649 843 831 907 ἐστὶν
861 844 901 922 ἡ
935 846 1400 928 ὀνομαζομένη
1447 843 1607 924 τύχη
1654 847 1776 908 τοῦ
1813 846 1925 930 βα-

649 951 922 1029 σιλέως·
996 951 1110 1015 καὶ
1172 951 1391 1031 οὕτως
1452 952 1927 1029 ἀποθανητέον

649 1059 790 1120 ἐστὶ
822 1059 1078 1139 μᾶλλον
1110 1058 1259 1141 ἡμῖν
1289 1057 1462 1136 ὑπὲρ
1492 1060 1613 1120 τοῦ
1647 1057 1731 1139 μὴ
1770 1057 1926 1141 ὀμό-

648 1178 765 1227 σαι
797 1165 1145 1245 μοχθηρὸν
1176 1163 1468 1246 δαίμονα
1488 1163 1603 1227 καὶ
1623 1166 1926 1237 ἄπιστον,

647 1272 972 1349 πολλάκις
1000 1272 1687 1353 συνεξαμαρτάνοντα
1706 1269 1760 1353 ᾧ
1781 1271 1927 1335 ἔλα-

648 1399 764 1456 χεν
810 1377 1167 1460 ἀνθρώπῳ,
1215 1379 1255 1458 ἢ
1300 1378 1415 1442 καὶ
1460 1380 1667 1442 πλέον
1713 1381 1929 1443 αὑτοῦ

651 1487 1148 1566 ἁμαρτάνοντα.

743 1593 887 1656 vlu.
926 1615 1027 1675 73.
1091 1591 1238 1655 Εἶθ’
1272 1592 1430 1670 ἑξῆς
1474 1594 1923 1672 προτρέπεται

648 1697 827 1778 ἡμᾶς
846 1698 886 1759 ὁ
908 1699 1182 1776 Κέλσος
1210 1699 1529 1780 «ἀρήγειν
1546 1700 1638 1782 τῷ
1663 1701 1925 1784 βασιλεῖ

647 1803 840 1867 παντὶ
885 1806 1132 1880 σθένει,
1178 1806 1290 1869 καὶ
1336 1811 1697 1889 συμπονεῖν
1742 1807 1925 1888 αύτῷ

648 1911 734 1973 τὰ
778 1908 1026 1986 δίκαια,
1071 1913 1184 1975 καὶ
1229 1914 1636 1996 ὑπερμαχεῖν
1687 1916 1922 1984 αὑτοῦ,

646 2017 760 2081 καὶ
792 2019 1277 2096 συστρατεύειν
1308 2021 1510 2101 αύτῷ,
1555 2024 1641 2084 ἂν
1672 2022 1924 2101 ἐπείγῃ,

645 2124 759 2187 καὶ
780 2131 1331 2204 συστρατηγεῖν».
1364 2127 1669 2190 Λεκτέον
1700 2126 1781 2190 δὲ
1811 2129 1923 2190 καὶ

646 2232 822 2311 πρὸς
882 2235 1115 2307 ταῦτα,
1179 2235 1278 2297 ὅτι
1342 2234 1689 2318 ἀρήγομεν
1744 2236 1924 2299 κατὰ

645 2339 890 2418 καιρὸν
921 2345 1062 2418 τοῖς
1098 2344 1446 2426 βασιλεῦσι
1467 2343 1687 2417 θείαν,
1707 2344 1788 2404 ἵν’
1815 2343 1921 2405 οὕ-

646 2467 778 2524 τως
810 2448 992 2521 εἴπω,
1040 2448 1299 2526 ἄρηξιν,
1343 2449 1455 2511 καὶ
1513 2449 1923 2512 «πανοπλίαν

646 2554 1247 2638 ἀναλαμβάνοντες
1267 2553 1519 2617 Θεοῦ».
1554 2555 1690 2617 Καὶ
1710 2559 1927 2619 ταῦτα

645 2662 994 2743 ποιοῦμεν,
1057 2661 1442 2744 πειθόμενοι
1506 2663 1920 2745 ἀποστολικῇ

646 2770 856 2849 φωνῇ,
906 2767 1233 2849 λεγούσῃ·
1303 2770 1741 2848 «Παρακαλῶ
1800 2771 1925 2833 οὖν

646 2875 821 2955 ὑμᾶς
897 2877 1164 2954 πρῶτον
1230 2877 1567 2938 ποιεῖσθαι
1628 2876 1922 2955 θεήσεις.

645 2983 1053 3060 προσευχὰς,
1089 2982 1440 3060 ἐντεύξεις,
1471 2982 1923 3063 εὐχαριστίας,

646 3087 819 3166 ὑπὲρ
849 3090 1113 3151 πάντων
1143 3088 1521 3168 ἀνθρώπων
1548 3091 1718 3171 ὑπὲρ
1744 3094 1923 3175 βασι-

644 3195 838 3266 λέων,
870 3195 982 3257 καὶ
1020 3196 1286 3258 πάντων
1331 3198 1462 3259 τῶν
1506 3200 1581 3259 ἐν
1623 3198 1922 3279 ὑπεροχῇ

645 3299 921 3363 ὄντων»·
961 3302 1075 3364 καὶ
1114 3304 1260 3385 ὅσῳ
1292 3304 1374 3383 γέ
1404 3325 1501 3381 τις
1533 3305 1924 3389 εὐσεβέστε-

644 3408 774 3486 ρός
793 3411 990 3483 ἐστιν,
1012 3409 1316 3491 τοσούτῳ
1338 3409 1830 3489 ἀνυτικώτερος
1851 3413 1925 3473 ἐν

644 3517 735 3597 τῷ
773 3516 1055 3595 ἀρήγειν
1085 3522 1226 3594 τοῖς
1263 3517 1702 3602 βασιλεύουσι
1733 3519 1925 3596 παρὰ

643 3623 805 3701 τοὺς
850 3627 948 3701 εἰς
995 3625 1119 3701 τὰς
1164 3626 1578 3703 παρατάξεις
1618 3624 1923 3700 ἐξιόντας

644 3729 1079 3808 στρατιώτας,
1130 3730 1243 3794 καὶ
1290 3735 1751 3811 ἀναιροῦντας
1797 3729 1923 3808 οὓς

644 3838 729 3898 ἂν
778 3836 1108 3900 δύνωνται
1158 3839 1288 3901 τῶν
1332 3839 1682 3919 πολεμίων.
1755 3837 1922 3900 Εἶτα

643 3941 725 4005 δὲ
754 3944 865 4005 καὶ
898 3945 1077 4006 ταῦτ’
1118 3944 1410 4026 εἴποιμεν
1442 3946 1529 4007 ἀν
1559 3943 1733 4022 πρὸς
1760 3941 1923 4021 τοὺς

644 4050 1046 4127 ἀλλοτρίους
1065 4052 1185 4129 τῆς
1203 4050 1509 4129 πίστεως,
1528 4050 1641 4113 καὶ
1665 4051 1921 4123 ἀξιοῦν-

642 4175 765 4233 τας
809 4156 985 4238 ήμᾶς
1029 4155 1526 4233 στρατεύεσθαι
1577 4154 1749 4234 ὑπὲρ
1798 4159 1921 4218 τοῦ

641 4265 895 4336 κοινοῦ,
947 4262 1059 4325 καὶ
1124 4260 1530 4339 ἀνθρώπους
1590 4267 1921 4340 ἀναιρεῖν·

642 4370 744 4431 ὅτι
785 4368 899 4431 καὶ
946 4368 1009 4429 οἱ
1052 4369 1207 4430 καθ’
1245 4369 1423 4449 ὑμᾶς
1467 4368 1674 4447 ἱερεῖς
1719 4370 1921 4447 ἀγαλ-

642 4478 866 4557 μάτων
911 4477 1121 4549 τινῶν,
1169 4474 1280 4537 καὶ
1326 4475 1661 4554 νεωκόροι
1694 4472 1787 4537 ὠν
1818 4496 1922 4537 νο-

642 4584 858 4665 μίζετε
901 4584 1099 4656 θεῶν,
1138 4584 1459 4660 τηροῦσιν
1492 4580 1752 4643 ἑαυτῶν
1786 4581 1922 4662 ἀμί-

642 4711 848 4754 αντον
880 4687 1001 4769 τὴν
1047 4688 1278 4761 δεξιὰν
1327 4687 1442 4752 διὰ
1486 4690 1609 4766 τὰς
1652 4689 1921 4768 θυσίας,

640 4794 725 4857 ‘iv‘
759 4795 1197 4876 ἀναιμάκτοις
1225 4794 1413 4873 χερσὶ
1445 4795 1556 4857 καὶ
1577 4798 1923 4875 καθαραῖς

642 4901 777 4965 ἀπὸ
824 4901 1081 4983 φόνων,
1146 4901 1544 4977 προσάγωσι
1583 4902 1709 4979 τὰς
1738 4923 1921 4965 νενο-
1946 4983 1959 4992 ·

2006 356 2063 399 et
2099 343 2403 416 imperium
2443 344 2621 400 civile.

1990 526 2257 588 Romani
2303 529 2677 589 daemonem
2722 527 2927 606 jurari,
2971 549 3117 590 cum
3156 550 3268 611 per

1987 631 2120 710 ejus
2153 634 2466 695 fortunam
2504 634 2774 713 juratum
2830 653 2891 696 et
2920 636 3040 696 boc
3072 636 3266 696 modo

1984 738 2146 799 mori
2190 740 2370 800 nobis
2415 739 2625 820 potius
2670 756 2778 816 est,
2828 760 3021 821 quam
3066 739 3261 818 jurare

1983 863 2095 925 per
2138 846 2375 907 malum
2421 861 2482 907 et
2525 846 2836 927 perfidum
2870 847 3263 925 daemonem,

1983 951 2094 1032 qui
2170 972 2463 1034 persaepe
2523 973 2668 1015 cum
2732 954 2988 1015 homine
3052 971 3263 1035 peccat

1983 1077 2175 1138 quem
2221 1059 2477 1122 sortitus
2508 1077 2617 1138 est,
2664 1076 2770 1121 aut
2801 1060 2984 1121 etiam
3018 1060 3155 1141 plus
3187 1078 3267 1120 eo

1984 1183 2211 1245 peccat.
2280 1163 2338 1246 [1.
2370 1186 2419 1227 c.
2452 1165 2590 1227 Col.
2634 1164 3013 1246 1613—16.]
3115 1166 3127 1180 ”

2072 1593 2221 1656 VIII.
2263 1613 2362 1673 73.
2422 1593 2661 1654 Deinde
2711 1612 2827 1654 nos
2859 1593 3082 1655 Celsus
3116 1594 3268 1654 hor-

1980 1716 2141 1762 tatur
2186 1708 2254 1762 ut
2282 1702 2425 1780 regi
2452 1702 2596 1761 totis
2628 1699 2863 1760 viribus
2892 1709 3059 1781 opem
3073 1701 3266 1778 fera-

1981 1828 2138 1882 mus,
2185 1810 2249 1869 in
2280 1807 2598 1887 justorum
2645 1807 2778 1886 ejus
2810 1806 3086 1868 laborum
3105 1816 3262 1888 par-

1982 1922 2098 1975 tem
2145 1917 2481 1986 veniarum,
2526 1934 2703 1976 arma
2732 1922 2859 1995 pro
2904 1914 3017 1975 illo
3047 1919 3268 1995 capia-

1981 2041 2137 2094 muS,
2170 2029 2251 2095 et,
2281 2023 2345 2082 si
2373 2024 2461 2082 ita
2480 2021 2786 2102 postulat,
2823 2020 2937 2081 sub
2958 2020 3069 2081 illo
3089 2020 3266 2080 mili-

1980 2134 2194 2202 temuS,
2224 2134 2285 2188 et
2313 2148 2449 2188 cum
2471 2127 2582 2189 illo
2603 2128 2895 2189 ducamus
2915 2129 3265 2188 exercitum.

1983 2235 2079 2295 Ad
2110 2235 2261 2296 haec
2296 2234 2657 2310 dicendum,
2690 2234 2850 2313 regis
2882 2253 2998 2295 nos
3033 2233 3097 2295 in
3120 2234 3267 2295 loco

1979 2341 2289 2422 suppetias
2322 2339 2497 2418 ferre,
2532 2341 2641 2402 sed
2674 2340 2929 2415 divinas,
2968 2355 3035 2402 ut
3066 2339 3143 2400 ita
3167 2338 3261 2401 lo-

1979 2467 2153 2529 quar,
2200 2450 2445 2510 indutos
2487 2455 2808 2510 armatura
2841 2447 2973 2509 Dei
3018 2445 3265 2527 (preS.

1984 2557 2082 2620 Vl.
2127 2553 2246 2637 ιι.)
2293 2556 2481 2636 idque
2526 2555 2787 2618 facimus
2826 2554 2971 2616 huic
3004 2571 3260 2636 aposto-

1980 2663 2128 2725 licae
2192 2663 2328 2725 voci
2389 2665 2916 2744 obtemperantes:
2984 2661 3265 2724 Obsecro

1981 2773 2178 2851 egitur
2224 2773 2506 2852 primum
2547 2772 2717 2850 fieri
2785 2769 3267 2843 obsec-rationu,

1982 2880 2323 2950 orationes,
2373 2877 2850 2959 postulationem
2902 2879 3261 2955 gratiarum

1981 2987 2249 3044 actiones
2276 2993 2405 3065 pro
2437 2984 2716 3044 omnibus
2747 2982 3118 3055 hominibus,
3138 2991 3267 3063 pro

1982 3089 2229 3170 regibus
2261 3096 2321 3149 et
2349 3089 2627 3151 omnibus
2660 3091 2770 3170 qui
2799 3092 2864 3151 in
2884 3088 3265 3149 sublimitate

1979 3202 2126 3256 sunt
2155 3194 2417 3271 (1.Tim.
2444 3195 2511 3255 11.
2550 3198 2680 3272 12.),
2702 3211 2760 3255 et
2793 3213 2924 3276 quo
2956 3194 3096 3274 quis
3128 3214 3261 3255 ma-

1979 3302 2070 3384 gis
2105 3302 2321 3383 pietate
2357 3317 2638 3382 praestat,
2684 3322 2761 3364 eo
2795 3301 3054 3363 validius
3086 3301 3260 3363 auxi-

1980 3409 2133 3469 lium
2170 3408 2418 3488 regibus
2452 3409 2585 3487 fert,
2620 3408 2886 3489 plusque
2908 3408 3048 3471 facit
3069 3427 3263 3488 quam

1979 3532 2197 3577 euntes
2244 3516 2308 3576 in
2354 3516 2545 3577 aciem
2596 3516 2833 3593 militm,
2879 3516 2987 3596 qui
3035 3518 3261 3591 hosteS,

1979 3639 2290 3703 quotquot
2324 3638 2602 3703 possunt,
2635 3621 3024 3683 interficiunt.
3078 3624 3261 3684 Prae·

1979 3744 2138 3790 terea
2183 3731 2260 3789 ad
2308 3747 2417 3789 eos
2462 3728 2572 3808 qui
2619 3751 2652 3789 a
2689 3745 2895 3790 nostra
2930 3729 3050 3789 fide
3082 3728 3264 3789 alieni

1979 3835 2295 3915 postulant
2342 3851 2409 3895 ut
2452 3856 2619 3897 arma
2669 3836 2949 3916 publicae
2987 3834 3263 3896 utilitatis

1978 3963 2157 4005 causa
2190 3963 2534 4022 sumamus,
2582 3959 2641 4004 et
2676 3943 2962 4004 homines
2992 3943 3261 4003 trucide-

1978 4071 2148 4128 ιιιιιε,
2221 4051 2373 4112 haec
2452 4070 2786 4132 possumus
2848 4051 3254 4131 respondere:

1979 4158 2161 4233 Quos
2194 4159 2359 4239 apud
2392 4176 2503 4217 vos
2525 4157 2760 4219 habetis
2780 4157 3262 4218 simuiacrorum

1978 4266 2402 4343 quorumdam
2448 4264 2793 4324 sacerdotes
2826 4279 2883 4323 et
2916 4280 3260 4324 vestrorum

1979 4370 2241 4431 deorum
2276 4371 2572 4448 aedituos,
2612 4390 2755 4432 suas
2790 4368 2875 4429 ini
2907 4388 3131 4430 manus
3162 4369 3259 4428 in—

1981 4494 2263 4538 cruentas
2284 4493 2548 4554 servant,
2584 4493 2648 4537 ut
2672 4496 2748 4537 ne
2770 4474 3260 4556 sanguinolentis

1977 4600 2036 4644 et
2083 4583 2266 4644 caede
2300 4582 2547 4664 pollutis
2580 4582 2863 4644 manibus
2897 4582 3012 4642 diis
3046 4581 3263 4641 vestris

1977 4690 2250 4751 victimas
2295 4689 2583 4752 offerant:
2641 4690 2806 4750 unde
2854 4709 2964 4750 nec
2998 4690 3259 4750 instante

1979 4796 2139 4858 bello
2171 4796 2308 4857 illos
2329 4797 2471 4857 dare
2497 4795 2743 4856 militiae
2767 4815 3002 4856 nomen
3022 4794 3263 4874 jubetis,

1979 4904 2044 4964 Id
2096 4904 2145 4963 si
2190 4901 2323 4982 jure
2369 4902 2454 4982 fit,
2505 4918 2742 4982 quanto
2792 4903 2984 4983 magis
3023 4922 3165 4965 cum
3202 4921 3262 4963 et
