3684 5416
337 1315 392 1348 10

342 1857 394 1899 ¹5

340 2399 401 2432 20

342 2934 404 2979 ‘25

348 3468 413 3516 '30

356 4003 412 4049 ⁴35

358 4539 422 4581 40

1311 364 1558 421 Ordines
1598 378 1656 420 et
1694 364 2197 434 congregationes.
2950 364 3058 436 629

439 543 713 601 municati
755 557 811 599 et
851 541 1138 598 interdicti
1176 541 1416 598 omnino
1457 559 1577 598 non
1606 543 1819 599 debent
1848 542 2070 598 admitti
2096 544 2169 598 ad
2195 542 2403 612 divina,
2430 544 2600 598 etiam
2629 561 2736 615 per
2761 541 3063 615 religiosos

442 641 760 697 exemptos
807 626 875 679 Η.
905 625 959 679 d.
988 640 1172 695 usque
1200 624 1274 678 ad
1300 625 1348 694 ξ.
1378 625 1439 679 In
1479 624 1748 680 ecclesiis.
1799 626 1997 680 Abbus
2037 624 2283 682 Siculus.
2324 656 2387 663 -
2431 625 2540 692 §2-
2582 623 2853 696 Religiosi
2891 623 3063 679 etiam

443 705 692 778 exempti
718 706 775 761 in
803 702 1072 767 ecclesiiS,
1099 720 1221 758 non
1251 704 1666 775 pertinentibus
1694 705 1767 759 ad
1794 722 1915 774 eos,
1955 703 2125 776 pleno
2167 703 2286 759 iure
2327 722 2448 759 non
2487 703 2790 759 instituunt
2828 720 2935 759 nec
2964 705 3065 758 de-

443 787 683 842 stituunt
718 783 1060 841 inconsultis
1088 783 1407 856 episcopis;
1446 784 1549 840 sed
1576 783 1861 839 rationem
1890 785 2124 856 exigunt
2151 785 2209 840 in
2237 784 2651 856 temporalibus
2680 786 2752 840 ab
2781 784 3065 840 institutis.

444 868 512 922 H.
534 867 589 921 d.
618 883 800 938 usque
827 868 900 920 ad
926 866 979 934 ξ.
1003 864 1245 934 Quodsi.
1273 895 1340 904 —-
1368 867 1403 934 ᾖ
1427 883 1475 939 3.
1504 863 1869 936 Hospitalurii
1888 877 1945 919 et
1968 866 2019 919 Τ
2022 864 2278 936 emplurii
2303 865 2482 920 semel
2506 864 2564 919 in
2591 882 2746 920 anno
2776 864 3069 919 celebrant

443 947 500 1002 in
528 947 787 1011 ecclesia.
813 947 1003 1019 posita
1031 944 1086 1000 in
1114 945 1247 1000 loco
1275 944 1614 1016 interdict03
1654 944 1732 1000 ibi
1768 957 1962 1000 tamen
1991 963 2111 1001 non
2137 944 2493 1017 sepeliuntur
2519 963 2767 1016 corpora
2796 957 3066 1002 mortuo-

445 1046 589 1083 rum.
618 1030 686 1083 H.
718 1028 771 1083 d.
800 1044 986 1100 usque
1025 1027 1098 1081 ad
1126 1027 1178 1094 ξ.
1221 1026 1309 1081 De
1336 1024 1740 1081 confratribus.
1766 1027 1982 1081 Abbas.
2026 1057 2084 1064 —-
2128 1027 2164 1095 g
2189 1046 2243 1095 4.
2284 1025 2623 1081 Confratres
2650 1039 3070 1099 exemptorum,

444 1124 546 1162 seu
585 1107 846 1179 ipsorum
889 1105 1088 1169 oblati,
1127 1104 1227 1177 qui
1264 1106 1322 1160 in
1362 1116 1552 1161 totum
1579 1122 1700 1161 non
1726 1122 1788 1160 se
1815 1106 2247 1169 transtulerunt,
2273 1105 2507 1161 iudicari
2534 1119 2780 1177 possunt
2808 1108 2880 1161 ab
2910 1105 3068 1162 ordi-

963 1186 1130 1242 nariis
1156 1186 1443 1242 locorum.
1494 1186 1565 1241 H.
1591 1187 1644 1241 d.
1686 1203 1869 1259 usque
1897 1190 1968 1241 ad
1997 1185 2093 1245 fin.
2116 1188 2313 1242 Abbas
2341 1186 2570 1242 siculus.

665 1293 887 1371 Quum
921 1309 979 1356 et
1012 1293 1283 1374 plantare
1333 1311 1569 1354 sacram
1604 1292 1991 1370 religionem,
2022 1306 2082 1353 et
2113 1291 2445 1373 plantatam
2480 1292 2686 1354 fovere
2708 1294 2912 1355 modis
2933 1313 3069 1353 om·

448 1402 630 1463 nibus
679 1403 1037 1477 debeamus,
1093 1418 1409 1478 nusquam
1459 1399 1580 1460 hoc
1630 1397 1853 1460 melius
1905 1397 2328 1479 exsequimur,
2376 1417 2564 1487 quam
2618 1399 2666 1460 si
2714 1401 2947 1461 nutrire
2980 1420 3069 1475 ea,

447 1528 604 1588 quae
636 1524 796 1569 recta
829 1522 994 1583 sunt,
1026 1522 1084 1567 et
1117 1506 1442 1587 corrigere,
1475 1526 1634 1587 quae
1667 1507 2017 1591 profectum
2049 1507 2294 1568 virtutis
2326 1506 2693 1589 impediunt,
2743 1507 3072 1570 commissa

451 1616 630 1676 nobis
660 1638 696 1677 a
729 1615 866 1675 Deo
898 1613 1253 1675 auctoritate
1286 1632 1591 1676 curemus.
1649 1612 1930 1673 Fratrum
1962 1630 2168 1674 autem
2205 1630 2261 1673 et
2281 1613 2800 1695 coepiscoporum
2825 1631 3074 1676 nostro·

449 1740 586 1781 rum
637 1722 971 1783 vehementi
1013 1720 1465 1800 conquestione
1512 1721 1951 1801 comperimuS,
1997 1721 2168 1810 quod
2225 1719 2434 1781 fratres
2466 1722 2718 1802 Templi
2750 1738 2810 1783 et
2841 1721 3073 1804 Hospi-

449 1828 601 1898 talis,
653 1845 710 1889 et
743 1829 842 1890 alii
874 1851 1109 1911 quoque
1140 1828 1434 1909 religiosi,
1486 1828 1719 1889 indulta
1752 1827 1867 1890 sibi
1900 1832 1975 1890 ab
2009 1828 2346 1910 apostolica
2380 1831 2524 1889 sede
2558 1829 2865 1910 privilegia
2900 1850 3074 1891 exce-

453 1936 684 2011 denteS,
732 1952 943 1998 contra
992 1936 1407 2018 episcopalem
1454 1935 1884 1997 auctoritatem
1933 1935 2125 1995 multa
2161 1953 2585 2016 praesumunt,
2621 1956 2777 2016 quae
2811 1952 2866 1997 et
2898 1956 3074 1996 scan-

453 2042 661 2102 dalum
698 2041 925 2105 faciunt
945 2044 1174 2126 populo
1207 2044 1341 2105 Dei
1368 2059 1428 2104 et
1457 2063 1640 2123 grave
1677 2043 1926 2124 pariunt
1960 2041 2304 2123 periculum
2339 2042 2706 2104 animarum.
2753 2043 2794 2119 ἦ·
2835 2043 3075 2124 Propo-

454 2156 712 2209 suerunt
741 2153 925 2225 enim,
958 2153 1123 2232 quod
1138 2150 1431 2211 ecclesias
1454 2153 1769 2232 recipiant
1793 2150 1868 2211 de
1887 2149 2171 2210 manibus
2194 2149 2515 2223 laicorum,
2536 2152 3079 2210 excommunicatos

454 2264 515 2316 et
543 2258 906 2318 interdictos
938 2259 1023 2318 ad
1049 2259 1469 2318 ecclesiastica
1500 2272 1887 2318 sacramenta
1921 2263 1982 2317 et
2010 2256 2384 2337 sepulturam
2418 2256 2753 2317 admittant
2783 2258 2848 2317 in
2881 2256 3076 2317 eccle-

456 2368 571 2426 siis
615 2369 747 2427 suis
780 2374 1037 2448 praeter
1080 2388 1285 2427 eorum
1333 2367 1791 2440 conscientiam,
1823 2372 1886 2426 et
1915 2368 2247 2426 instituant
2275 2372 2334 2424 ct
2364 2343 2682 2425 amoveant
2710 2366 3078 2439 sacerdotes,

458 2480 518 2533 et
538 2473 859 2551 fratribus
906 2494 1111 2535 eorum
1146 2474 1231 2533 ad
1260 2472 1664 2553 eleemosynas
1695 2473 2079 2553 quaerendas
2110 2471 2415 2546 euntibus,
2447 2493 2626 2553 quum
2662 2473 2964 2533 indultum
2998 2474 3083 2533 sit

459 2582 572 2652 eis,
605 2586 674 2640 ut
704 2581 767 2639 in
802 2601 1008 2641 eorum
1042 2580 1301 2640 adventu
1335 2579 1523 2639 semel
1549 2581 1614 2639 in
1648 2599 1809 2639 anno
1840 2581 2206 2660 aperiantur
2238 2579 2529 2640 ecclesiae
2559 2586 2740 2660 atque
2772 2581 2836 2639 in
2871 2581 2959 2639 eis
2982 2579 3082 2639 di-

458 2689 601 2748 vina
648 2688 1029 2749 celebrentur
1060 2688 1296 2768 officia,
1329 2686 1548 2768 plures
1596 2708 1669 2748 ex
1698 2690 1812 2762 eis,
1844 2688 1919 2747 de
1951 2707 2072 2748 una
2104 2688 2232 2748 sive
2263 2688 2527 2750 diversis
2559 2688 2838 2752 domibus
2869 2690 2954 2750 ad
2982 2690 3083 2751 in-

462 2797 785 2857 terdictum
819 2796 1017 2857 locum
1050 2799 1295 2878 saepius
1317 2795 1666 2856 accedentes
1669 2842 1691 2869 ‚
1713 2794 2100 2874 indulgentia
2116 2795 2590 2876 privilegiorum
2612 2799 2677 2859 in
2699 2798 3084 2859 celebrandis

461 2905 695 2983 officiis
738 2909 799 2962 et
839 2903 1205 2984 sepeliendis
1252 2905 1510 2964 mortuis
1557 2901 1917 2977 abutuntur,
1964 2910 2025 2963 et
2054 2910 2198 2964 tunc
2228 2911 2495 2966 mortuos
2526 2907 2694 2986 apud
2722 2908 3086 2968 interdictas

462 3012 755 3072 ecclesias
800 3010 1063 3091 sepelire
1097 3017 1523 3091 praesumunt.
1602 3010 1949 3072 Occasione
1997 3031 2230 3092 quoque
2260 3014 2768 3090 fraternitatum,
2818 3033 2971 3095 quas
3021 3017 3085 3075 in

455 3117 747 3199 pluribus
792 3117 945 3178 locis
972 3119 1252 3196 faciunt,
1298 3117 1485 3179 robur
1532 3117 1899 3200 episcopalis
1930 3121 2321 3179 auctoritatis
2352 3125 2664 3191 enervant,
2697 3119 2839 3179 dum
2873 3126 3089 3180 contra

467 3245 670 3285 eorum
717 3227 1080 3286 sententiam
1127 3223 1240 3285 sub
1262 3224 1734 3305 privilegiorum
1768 3225 2117 3304 aliquorum
2149 3224 2395 3285 obtentu
2429 3228 2671 3286 munire
2702 3232 2951 3287 cunctos
2984 3229 3086 3286 in-

466 3334 742 3406 tendunt,
797 3334 908 3412 qui
952 3333 1036 3391 ad
1077 3351 1282 3391 eorum
1311 3333 1783 3409 fraternitatem
1814 3330 2126 3391 voluerint
2155 3351 2222 3392 se
2253 3335 2552 3410 conferre.
2625 3332 2701 3392 In
2736 3331 2835 3394 his
2866 3339 3089 3405 autem,

465 3443 612 3521 quia
643 3460 762 3499 non
797 3445 917 3498 tam
949 3438 1024 3498 de
1055 3439 1354 3497 maiorum
1388 3438 1761 3497 conscientia
1792 3437 1893 3496 vel
1917 3436 2205 3510 consilio,
2237 3457 2416 3517 quam
2453 3439 2526 3498 de
2558 3439 2862 3498 minorum
2885 3439 3088 3498 indis-

467 3550 735 3609 cretione
779 3539 1239 3626 [quorundam]
1283 3545 1619 3617 exceditur,
1668 3550 1728 3603 et
1771 3545 2131 3604 removenda
2178 3567 2272 3617 ea,
2319 3547 2382 3605 in
2431 3544 2654 3625 quibus
2686 3547 3002 3619 excedunt,
3034 3554 3097 3606 et

468 3676 622 3736 quae
667 3653 1107 3714 dubitationem
1121 3652 1382 3730 faciunt
1407 3653 1786 3713 decrevimus
1816 3652 2213 3713 declaranda.
2278 3652 2582 3713 Ecclesias
2615 3651 2802 3732 igitur
2834 3668 2895 3713 et
2926 3653 3089 3714 deci-

470 3781 602 3822 mas
651 3761 726 3821 de
779 3779 972 3820 manu
1019 3757 1323 3819 laicorum
1370 3758 1498 3819 sine
1530 3777 1845 3820 consensu
1879 3758 2317 3840 episcoporum
2351 3774 2473 3819 tam
2511 3759 2649 3819 illos
2683 3778 2873 3840 quam
2907 3759 3090 3821 etiarn

473 3886 888 3948 quoscunque
934 3866 1086 3927 alios
1119 3865 1440 3945 religiosos
1474 3865 1738 3946 recipere
1776 3866 2200 3947 prohibemus,
2236 3865 2500 3927 dimissis
2533 3869 2742 3940 etiam,
2777 3886 3093 3947 quascun-

473 3994 597 4055 que
645 3990 858 4034 contra
906 3989 1182 4033 tenorem
1230 3972 1419 4033 istum
1466 3973 1678 4053 aliquo
1707 3989 1990 4054 tempore
2022 3988 2406 4055 receperunt.
2469 3983 2498 4043 S
2545 3995 2592 4034 1.
2641 3974 3091 4036 Excommuni-

473 4097 639 4141 catos
685 4099 941 4160 quoque
987 4094 1044 4140 et
1094 4079 1459 4141 nominatim
1495 4079 1850 4141 interdictos
1882 4095 2007 4140 tam
2039 4083 2115 4140 ab
2149 4080 2266 4140 illis
2299 4099 2491 4160 quam
2525 4083 2600 4141 ab
2633 4080 2765 4141 aliis
2799 4081 3092 4142 omnibus

474 4187 637 4247 iuxta
684 4187 1121 4266 episcoporum
1170 4186 1536 4246 sententiam
1582 4184 1907 4245 statuimus
1952 4185 2287 4248 evitando&
2352 4195 2381 4255 s
2420 4206 2474 4246 2.
2522 4186 2588 4247 ln
2638 4186 2908 4247 ecclesiis
2941 4205 3087 4247 vero

473 4294 621 4366 suis,
658 4312 816 4373 quae
850 4294 926 4353 ad
962 4311 1067 4353 eos
1102 4292 1289 4372 pleno
1321 4292 1454 4352 iure
1489 4311 1619 4353 non
1656 4292 1981 4373 pertinent,
2013 4292 2424 4354 instituendos
2445 4296 2835 4374 presbyteros
2858 4295 3096 4375 episco-

478 4401 570 4481 pis
603 4415 1094 4481 repraesentent;
1144 4415 1214 4459 ut
1246 4399 1333 4459 eis
1365 4401 1606 4480 quidem
1641 4400 1718 4460 de
1751 4399 1946 4481 plebis
1979 4418 2121 4460 cura
2158 4402 2593 4480 respondeant,
2631 4401 2779 4481 ipsis
2811 4419 2958 4462 vero
2981 4420 3092 4481 pro

477 4511 660 4568 rebus
707 4507 1150 4587 temporalibus
1199 4507 1496 4567 rationem
1534 4507 1868 4568 exhibeant
1898 4522 2370 4588 competentem.
2435 4508 2748 4568 Institutos
2782 4507 2962 4569 etiam
2998 4509 3092 4569 in-

479 4614 777 4676 consultis
810 4613 1115 4695 episcopis
1148 4633 1276 4675 non
1312 4614 1581 4674 audeant
1614 4633 1951 4675 removere.
2005 4623 2033 4683 S
2073 4634 2130 4694 3.
2181 4611 2427 4689 Quodsi
2460 4614 2799 4695 Templarii
2832 4615 2926 4675 vel
2961 4616 3095 4676 Ho-

479 4721 768 4803 spitalarii
814 4721 891 4782 ad
938 4721 1256 4781 ecclesiam
1303 4721 1580 4782 venerint
1613 4720 2015 4795 interdictam,
2052 4741 2181 4782 non
2217 4721 2330 4782 nisi
2366 4722 2556 4782 semel
2588 4721 2649 4782 in
2684 4741 2852 4782 anno
2884 4722 2961 4782 ad
2994 4741 3094 4782 ec-

482 4828 888 4889 clesiasticum
936 4827 1213 4889 officium
1262 4827 1680 4900 admittantur,
1714 4847 1827 4888 nec
1859 4843 2004 4888 tunc
2037 4827 2118 4906 ibi
2154 4829 2548 4909 sepelliantur
2580 4849 2838 4910 corpora
2873 4830 3095 4890 defun-

484 4952 744 4998 ctorum.
810 4944 838 5004 S
873 4954 932 5015 4.
981 4937 1073 4997 De
1120 4934 1530 4997 confratribus
1573 4941 1769 4997 autem
1819 4935 1939 4996 hoc
1974 4935 2425 5014 constituimuS,
2463 4952 2548 5012 ut,
2579 4937 2626 4997 si
2663 4955 2791 4996 non
2824 4957 2886 4997 se
2921 4957 3096 5018 prae-
