3684 5416
533 1558 580 1589 10

531 2090 575 2133 ι5

525 2623 578 2655 20

526 3155 577 3198 ²5

526 3687 579 3731 30

631 391 738 443 490
1711 372 1881 426 Curia
1923 390 2179 427 romana.

1440 450 2562 455 ——-—————-—————·—————————„L—-ssss
2581 450 3244 457 w—

633 555 888 633 Notarii,
938 572 997 617 et
1044 572 1170 618 tarn
1220 557 1579 637 praedictae,
1637 576 1824 636 quam
1877 556 2083 618 Palatii
2133 556 2473 637 Apostolici
2526 577 2851 618 causarum
2899 558 3247 634 Auditores,

632 662 979 740 Corrector,
1045 662 1402 744 ScriptoreS,
1465 664 1939 724 Abbreviatores
1995 663 2308 741 literarum
2359 664 2883 745 Apostolicarum,
2927 664 3245 738 Advocati,

633 770 1082 848 Procuratores,
1130 785 1189 831 et
1237 769 1469 830 Notarii
1522 789 1848 831 causarum
1896 770 2038 830 dicti
2087 770 2315 848 Palatii,
2380 791 2630 832 necnon
2678 771 3096 842 SenescalcuS,
3139 769 3248 850 qui

632 876 861 937 Custos
908 895 979 936 ex
1017 877 1208 938 dictae
1242 876 1681 954 Cancellariae,
1718 876 2211 954 constitutiones,
2245 893 2304 937 et
2336 877 2696 952 additiones,
2728 877 3062 960 praedictas
3095 877 3247 938 infra

632 1002 908 1043 mensem
969 1005 1000 1043 a
1047 983 1144 1044 die
1193 983 1622 1064 publicationis
1674 984 2087 1064 praesentium
2124 985 2624 1065 computandum
2656 986 2900 1061 habere,
2933 999 2991 1044 et
3023 985 3100 1044 de
3131 985 3251 1044 hoc

632 1088 785 1150 infra
832 1089 1022 1150 alium
1069 1110 1349 1151 mensem
1381 1090 1733 1151 immediate
1768 1106 2152 1170 sequentem,
2187 1090 2421 1152 dictum
2463 1091 3042 1153 Vicecancellarium
3076 1090 3249 1151 certi-

633 1196 829 1271 ficare,
878 1212 936 1257 et
968 1197 1082 1257 alia
1114 1197 1271 1257 circa
1306 1196 1636 1277 praemissa
1670 1195 1884 1274 facere,
1918 1212 1976 1257 et
2009 1199 2333 1257 observare
2367 1213 2711 1274 teneantur,
2746 1214 2930 1279 prout
2960 1197 3249 1259 constitu-

630 1303 907 1364 tionibus
939 1303 1247 1364 dictorum
1284 1282 1851 1383 praedecessorum,
1887 1323 1958 1364 ac
1991 1304 2412 1384 praesentibus
2453 1304 2700 1385 plenius
2733 1305 3097 1366 continetur.

846 1419 876 1479 s
915 1430 969 1490 3.
996 1405 1111 1470 'De
1130 1409 1536 1471 Auditoribus
1565 1426 1772 1470 autem
1808 1429 2132 1471 causarum
2157 1411 2362 1471 Palatii
2387 1411 2749 1493 Apostolici,
2782 1426 2841 1471 et
2871 1410 3002 1471 aliis
3034 1410 3099 1470 in
3124 1412 3249 1470 Ro-

635 1536 815 1577 mana
862 1516 1052 1579 Curia
1097 1517 1432 1594 Judicibus,
1483 1536 1832 1598 eorumque
1881 1518 2150 1579 Notariis
2202 1518 2673 1580 constitutiones
2721 1517 3030 1579 dictorum
3076 1537 3249 1599 prae-

634 1624 1031 1684 decessorum
1079 1643 1266 1704 super
1312 1625 1429 1685 hoc
1474 1624 1862 1684 laudabiliter
1896 1625 2086 1685 editas
2119 1627 2415 1687 volumus
2457 1625 2707 1686 firmiter
2739 1624 3064 1701 observari,
3097 1643 3251 1704 quas

633 1729 984 1806 Auditores,
1047 1745 1107 1791 et
1151 1723 1387 1792 Notarii
1434 1730 1725 1812 praedicti
1771 1732 1939 1811 apud
1986 1752 2049 1792 se
2096 1732 2351 1806 caeteris,
2394 1732 2759 1808 hujusmodi
2817 1748 3137 1793 teneantur
3182 1749 3251 1791 ut

633 1837 968 1917 praefertur
989 1839 1231 1914 habere,
1250 1853 1311 1899 et
1328 1838 1484 1898 circa
1506 1838 1750 1899 illarum
1770 1840 2264 1901 observationem
2290 1840 2610 1922 diligenter
2631 1839 2962 1916 intendere.
3018 1840 3250 1899 Verum

632 1944 681 2004 si
701 1945 840 2024 quis
859 1965 931 2005 ex
952 1945 1182 2006 eisdem
1198 1945 1604 2006 Auditoribus
1628 1946 1704 2006 de
1719 1946 2195 2027 praemissarum
2221 1947 2734 2008 constitutionum
2747 1945 3251 2026 transgressione,

630 2072 739 2113 seu
773 2053 849 2112 de
881 2052 1379 2132 praecipitatione
1411 2052 1672 2131 justitiae
1703 2054 2093 2134 negligentia,
2127 2055 2547 2134 corruptione,
2581 2069 2640 2114 et
2671 2072 3004 2114 munerum
3038 2071 3250 2132 accep-

633 2158 797 2219 tione
832 2174 1076 2220 notatus
1110 2159 1307 2238 fuerit,
1342 2180 1452 2221 seu
1487 2181 1703 2240 vaguS,
1733 2176 1791 2220 at
1822 2159 1968 2221 alias
2002 2161 2180 2232 male,
2211 2161 2311 2221 'vel
2344 2161 2668 2222 inhoneste
2697 2176 2988 2235 versetur,
3013 2174 3073 2219 et
3092 2159 3249 2219 dicta

632 2265 822 2327 Curia
872 2286 980 2347 per
1027 2266 1363 2346 praefatum
1413 2266 2018 2342 Vicecancellarium‚
2063 2268 2155 2328 vel
2204 2266 2336 2342 ejus
2387 2267 2850 2347 Vicegerentem
2899 2265 3249 2326 charitative

633 2388 979 2456 moneatur,
1029 2388 1098 2434 ut
1142 2375 1237 2433 ab.
1265 2373 1359 2434 his
1401 2394 1465 2434 se
1511 2374 1824 2453 abstineat,
1861 2390 1918 2434 et
1950 2375 2254 2452 emendet,
2289 2376 2646 2454 bonamque
2681 2373 3251 2453 fam'am.acquirere

632 2480 871 2541 studeat
918 2496 975 2540 et
1021 2480 1085 2541 in
1132 2480 1249 2540 vita
1296 2481 1683 2541 laudabiliter
1729 2497 2091 2563 perseveret.
2158 2480 2288 2556 Qui
2321 2480 2370 2541 si
2404 2480 2489 2541 sic
2520 2481 2795 2541 monitus
2827 2500 2893 2541 se
2924 2480 3253 2540 emendare

634 2587 982 2665 neglerexit,
1013 2603 1071 2648 et
1103 2607 1211 2669 per
1240 2603 1359 2648 tres
1392 2608 1632 2649 menses
1665 2588 2001 2650 continuos
2024 2605 2160 2669 post
2191 2588 2602 2649 monitionem
2623 2585 3005 2664 hujusmodi,
3034 2586 3252 2647 eadem

636 2710 798 2771 nota,
830 2695 924 2756 vel
958 2695 1210 2757 infamia
1243 2713 1519 2777 repertus
1552 2695 1615 2757 in
1650 2696 1971 2777 proposito
2003 2714 2150 2757 suae
2183 2694 2501 2778 opinionis
2534 2710 2912 2775 permaneat,
2946 2714 3054 2775 per
3073 2692 3251 2754 Vice-

634 2802 1082 2879 cancellarium,
1114 2819 1216 2863 aut
1250 2803 1713 2881 Vicegerentem
1746 2803 2146 2885 praedictum,
2169 2822 2385 2863 causae
2406 2802 2550 2863 sibis
2586 2801 2943 2863 nullatenus
2965 2800 3252 2862 commit-

632 2924 861 2986 tantur,
911 2926 969 2969 et
1007 2911 1058 2970 si
1095 2928 1201 2989 per
1232 2910 1385 2972 alios
1416 2926 1535 2971 tres
1570 2930 1817 2973 menses
1846 2911 2034 2971 simili
2069 2927 2236 2989 nota,
2271 2909 2369 2970 vel
2398 2909 2647 2970 infamia
2682 2924 2928 2969 notatus
2963 2906 3162 2983 fuerit,
3197 2924 3252 2966 et

635 3035 698 3074 se
731 3015 1165 3092 emendaverit,
1198 3032 1345 3076 tunc
1383 3016 1547 3077 idem
1569 3016 2140 3094 Vicecancellarius,
2175 3032 2280 3078 aut
2304 3016 2675 3097 Vicegerens
2710 3016 3040 3097 praemissa
3072 3012 3253 3074 nobis

635 3122 853 3183 referre
888 3139 1183 3200 teneatur,
1219 3139 1287 3185 ut
1320 3143 1507 3204 super
1540 3125 1660 3184 hoc
1693 3125 1885 3204 possit
1916 3124 2237 3185 salubriter
2270 3123 2597 3205 provideri.

848 3239 878 3299 s·
910 3250 969 3308 4.
1018 3230 1348 3292 Caeterum
1380 3231 1726 3305 statuimus,
1757 3245 1819 3290 et
1851 3230 2030 3291 etiam
2065 3230 2447 3306 ordinamus,
2481 3230 2653 3311 quod
2688 3229 2739 3290 si
2760 3227 3251 3307 contingatinter

635 3337 881 3397 easdem
917 3356 1210 3417 personas
1242 3356 1428 3418 super
1460 3337 1677 3397 eadem
1709 3356 1772 3397 re
1806 3337 1883 3397 de
1917 3336 2170 3397 diversis
2203 3336 2628 3414 Auditoribus,
2659 3337 2768 3398 aut
2803 3335 3112 3415 judicibus
3144 3334 3253 3394 ali-

634 3463 824 3522 quam
869 3464 1117 3505 causam
1164 3443 1487 3520 committi,
1531 3443 1581 3504 is
1628 3444 1727 3506 cui
1777 3443 1977 3525 primo
2025 3442 2202 3503 fuerit
2246 3459 2628 3524 praesentata
2678 3442 3035 3505 commissio
3068 3460 3254 3522 super

632 3570 812 3610 causa
850 3549 1209 3629 hujusmodi
1242 3566 1557 3612 remaneat
1584 3550 1863 3627 ejusdem
1898 3570 2116 3611 causae
2149 3551 2362 3612 Judex.
2425 3549 2622 3625 Quod
2653 3551 2702 3611 si
2735 3551 2813 3613 de
2834 3549 3254 3629 jurisdictione

633 3658 880 3718 alterius
912 3658 1166 3719 extiterit
1198 3678 1311 3740 pro
1344 3673 1514 3739 parte
1546 3658 1800 3719 adversa
1833 3658 1971 3718 data
2006 3659 2305 3740 exceptio,
2335 3673 2486 3719 tunc
2520 3658 2696 3738 cujus
2719 3657 2901 3718 fuerit
2919 3653 3253 3734 jurisdictio

633 3764 916 3845 primitus
962 3780 1296 3842 cognoscat
1342 3765 1462 3840 ille,
1512 3785 1719 3826 coram
1767 3785 1897 3846 quo
1930 3765 2248 3847 excipitur,
2278 3782 2336 3826 et
2369 3766 2645 3846 exceptio
2678 3764 2848 3825 alteri
2878 3761 3077 3824 Judici
3110 3759 3252 3821 inti-

534 3931 551 3949 ,
633 3886 849 3931 metur.
899 3870 1092 3944 Quod
1125 3871 1174 3931 si
1208 3888 1482 3932 constare
1516 3891 1648 3933 non
1681 3888 1900 3954 potest,
1934 3873 2034 3934 cui
2057 3873 2261 3954 primo
2285 3873 2464 3934 fuerit
2484 3872 2841 3934 commissio
2863 3883 3254 3952 praesentata,

524 4218 574 4262 35

526 4756 576 4792 40

631 3978 943 4059 antiquior
974 3977 1238 4038 Auditor
1266 3978 1463 4039 Judex
1508 3979 1586 4039 sit
1630 3999 1870 4056 causae,
1900 3996 1959 4040 et
1990 3979 2198 4059 junior
2229 3999 2475 4041 causam
2510 3981 2707 4060 ipsam
2739 3978 2939 4039 eidem
2972 3974 3255 4038 Auditori

630 4084 962 4164 antiquiori
1010 4083 1291 4162 dimittat,
1335 4104 1450 4145 nec
1495 4086 1748 4148 ulterius
1795 4088 1995 4167 quivis
2045 4108 2264 4150 eorum
2299 4088 2597 4167 judicium
2632 4089 2697 4149 in
2731 4107 2912 4148 causa
2946 4084 3251 4166 procedat,

632 4192 830 4251 donec
874 4190 1054 4251 fuerit
1099 4190 1455 4270 judicatum.
1524 4194 1597 4253 Et
1642 4194 1691 4254 si
1725 4194 1982 4255 ulterius
2016 4197 2383 4276 procedatur
2415 4211 2552 4256 ante
2585 4194 3004 4274 cognitionem
3041 4190 3255 4270 hujus-

632 4298 825 4373 modi,
857 4316 987 4358 non
1021 4298 1212 4359 valeat
1242 4319 1586 4380 processus.
1636 4301 1902 4362 Auditor
1935 4321 2099 4379 ver0,
2133 4317 2236 4361 aut
2270 4300 2453 4377 judex
2486 4302 2662 4379 alius,
2697 4301 2792 4361 vel
2822 4298 3114 4360 Notarius
3146 4299 3253 4377 qui

631 4404 787 4465 circa
834 4405 956 4464 hoc
1000 4424 1069 4465 ac
1116 4404 1505 4466 retinendum
1547 4426 1797 4468 causam
1829 4407 2065 4488 aliquid
2099 4408 2316 4470 dolose
2350 4408 2557 4488 egerit,
2590 4403 3253 4468 excommunicationis

629 4511 997 4572 sententiam
1042 4512 1312 4571 incurrat
1357 4532 1433 4573 eo
1482 4512 1636 4593 ips0,
1683 4535 1719 4574 a
1765 4534 1889 4594 qua
1936 4534 2065 4575 non
2112 4515 2300 4596 possit
2352 4515 2466 4575 nisi
2513 4534 2620 4597 per
2666 4508 3254 4574 Vicecancellarium

631 4618 1023 4700 praedictum,
1045 4619 1299 4698 absolvi,
1332 4636 1437 4680 aut
1470 4621 1545 4681 de
1568 4620 1699 4700 ejus
1720 4622 2031 4698 mandat0,
2053 4637 2111 4682 et
2131 4623 2347 4684 refusis
2370 4622 2538 4703 prius
2561 4622 2712 4703 parti
2735 4622 2930 4683 laesae
2951 4618 3252 4701 expensis,

629 4745 687 4789 et
719 4728 983 4788 damnis.

842 4845 872 4905 S
926 4857 977 4915 5.
1040 4834 1381 4896 Statuimus
1429 4835 1632 4911 etiam,
1686 4838 1859 4916 quod
1911 4837 2119 4898 nullus
2169 4838 2232 4898 in
2273 4836 2596 4907 Notarium
2648 4832 2905 4913 alicujus
2937 4831 3256 4894 Auditoris

629 4943 772 5003 dicti
810 4943 1018 5003 Palatii
1069 4941 1181 5002 nisi
1220 4942 1584 5021 vigesimum
1634 4943 1925 5023 quintum
1975 4964 2119 5006 suae
2167 4944 2373 5003 aetatis
2421 4962 2654 5003 annum
2708 4941 2987 5020 attigerit,
3008 4947 3078 4999 'et
3111 4939 3256 4999 alias
