3684 5416
338 1549 392 1580 lo

334 2082 387 2124 ¹5

327 2618 388 2649 20

330 4220 386 4265 35

1407 375 1658 431 Ecclesia
1685 375 2098 448 antiquissima.
2993 396 3068 450 29

447 561 738 622 micidae:
773 562 965 640 Nega,
999 559 1211 620 laniari
1244 559 1455 621 iubere
1487 560 1879 640 sacrilegum,
1912 561 1963 622 si
1994 560 2273 622 confiteri
2308 562 2796 642 perseveraverit.
2829 562 2895 623 Si
2927 581 3063 623 non

445 668 521 728 ita
553 667 728 747 agitis
761 666 920 728 circa
953 684 1070 726 nos
1104 682 1414 743 nocentes,
1464 686 1612 747 ergo
1645 685 1764 727 nos
1792 666 2337 729 innocentissimos
2369 666 2665 743 iudicatis,
2697 687 2844 729 cum
2878 668 3057 748 quasi

445 773 988 836 innocentissimos
1021 791 1155 834 non
1187 772 1367 833 vultis
1400 773 1463 834 in
1498 794 1568 835 ea
1600 773 1995 835 confessione
2029 793 2434 854 perseverare,
2468 793 2657 852 quam
2680 774 3057 851 necessitate,

447 900 577 942 non
608 881 837 942 iustitia
870 880 1288 941 damnandam
1312 901 1348 940 a
1368 880 1544 942 vobis
1565 879 1778 942 sciatis,
1811 879 2196 942 Vociferatur
2217 881 2449 942 homo:
2484 880 2872 943 Christianus
2895 901 3061 944 sum.

445 988 638 1063 Quod
684 1002 774 1048 est
819 987 993 1061 dicit;
1067 1003 1134 1047 tu
1165 987 1256 1048 vis
1288 988 1502 1049 audire
1536 989 1711 1068 quod
1745 1007 1874 1049 non
1907 1003 2015 1048 est.
2077 987 2358 1050 Veritatis
2392 990 2848 1068 extorquendae
2882 1008 3055 1070 prae-

444 1095 607 1155 sides
652 1095 729 1155 de
760 1093 942 1155 nobis
972 1093 1121 1155 solis
1154 1094 1549 1155 mendacium
1583 1094 1909 1155 elaboratis
1940 1094 2172 1155 audire.
2236 1095 2375 1155 Hoc
2405 1115 2568 1171 sum,
2618 1096 2837 1176 inquit,
2883 1097 3059 1177 quod

444 1200 686 1281 quaeris
736 1220 815 1261 an
867 1199 1002 1261 sim.
1069 1199 1242 1275 Quid
1294 1219 1393 1261 me
1440 1216 1694 1280 torques
1728 1200 1793 1260 in
1826 1205 2224 1282 perversum?
2281 1200 2620 1274 Confiteor,
2666 1217 2726 1263 et
2770 1218 3060 1282 torques:

445 1308 596 1388 quid
643 1307 891 1381 faceres,
938 1308 989 1367 si
1034 1312 1364 1387 negarem?
1424 1307 1612 1367 Plane
1652 1306 1783 1368 aliis
1816 1308 2187 1386 negantibus
2220 1327 2352 1369 non
2386 1307 2558 1369 facile
2591 1307 2778 1369 fidem
2814 1328 3060 1371 accom-

447 1415 740 1475 modatis:
774 1414 971 1491 nobis,
1005 1413 1056 1474 si
1090 1413 1538 1491 negaverimus»,
1571 1412 1775 1475 statim
1806 1413 2064 1474 creditis.
2126 1413 2420 1494 Suspecta
2453 1413 2530 1473 sit
2560 1414 2735 1475 vobis
2767 1415 2879 1476 ista
2911 1435 3053 1497 per-

445 1522 711 1593 versitas,
756 1540 833 1581 ne
879 1539 1001 1599 qua
1034 1520 1125 1580 vis
1156 1518 1334 1580 lateat
1367 1520 1431 1580 in
1465 1520 1730 1595 occult0,
1781 1539 1940 1599 quae
1975 1540 2085 1582 vos
2117 1521 2411 1581 adversus
2443 1519 2730 1597 formam,
2766 1523 3063 1584 adversus

447 1644 729 1689 naturam
775 1627 1110 1703 iudicandi,
1156 1643 1367 1687 contra
1413 1626 1575 1707 ipsas
1622 1646 1879 1707 quoque
1914 1626 2080 1705 leges
2115 1627 2432 1689 ministret.
2496 1627 2627 1689 Nisi
2662 1627 2839 1690 fallor
2871 1630 3062 1706 enim,

444 1735 610 1814 leges
642 1734 840 1795 malos
872 1733 1003 1794 erui
1037 1732 1272 1809 iubent,
1308 1752 1437 1794 non
1458 1734 1774 1809 abscondi,
1809 1733 2128 1795 confessos
2149 1735 2429 1795 damnari
2451 1735 2894 1815 praescribunt,
2927 1756 3060 1798 non

444 1841 693 1903 absolvi.
755 1842 895 1902 Hoc
925 1840 1482 1918 senatusconsulta,
1519 1841 1639 1902 hoc
1674 1841 2026 1922 principum
2061 1842 2348 1903 mandata
2381 1841 2708 1905 definiunt.
2769 1844 2911 1905 Hoc
2942 1844 3061 1905 im-

446 1950 703 2031 perium,
752 1948 929 2009 cuius
980 1947 1242 2009 ministri
1295 1947 1456 2021 estis,
1509 1946 1720 2019 civilis,
1767 1966 1900 2008 non
1946 1948 2260 2029 tyrannica
2308 1948 2652 2011 dominatio
2697 1966 2804 2011 est.
2869 1952 3062 2032 Apud

444 2072 741 2137 tyrannos
772 2056 941 2116 enim
975 2070 1279 2116 tormenta
1311 2054 1497 2115 etiam
1530 2073 1646 2135 pro
1677 2074 1878 2136 poena
1898 2054 2375 2115 adhibebantur:
2409 2056 2577 2135 apud
2600 2075 2708 2116 vos
2729 2057 2843 2117 soli
2866 2077 3062 2137 quae-

444 2162 626 2223 stioni
672 2177 1066 2242 temperatur.
1127 2162 1405 2222 Vestram
1450 2161 1570 2222 illis
1615 2179 1845 2221 servate
1878 2161 2078 2240 legem
2122 2181 2318 2242 usque
2353 2162 2428 2222 ad
2462 2161 2915 2224 confessionem
2949 2184 3056 2225 ne-

444 2268 786 2342 cessariam,
835 2285 893 2329 et
937 2268 1060 2328 iam
1107 2268 1155 2327 si
1203 2267 1594 2329 confessione
1632 2268 2122 2348 praeveniantur,
2170 2270 2504 2329 vacabunt:
2558 2269 2861 2330 sententia
2894 2289 3059 2351 opus

445 2392 561 2436 est:
597 2376 806 2436 debito
840 2394 1076 2456 poenae
1110 2393 1343 2435 nocens
1375 2374 1829 2455 expungendus
1851 2389 1957 2447 est,
1989 2392 2118 2435 non
2137 2375 2522 2435 eximendus.
2556 2376 2845 2455 Denique
2867 2396 3062 2437 nemo

446 2482 622 2543 illum
654 2481 831 2562 gestit
862 2482 1198 2542 absolvere.
1266 2482 1411 2541 Non
1440 2480 1580 2542 licet
1614 2481 1734 2542 hoc
1765 2481 1945 2555 velle,
1980 2481 2122 2542 ideo
2157 2499 2272 2542 nec
2303 2482 2545 2560 cogitur
2577 2482 2909 2562 quisquam
2947 2502 3056 2544 ne-

442 2609 606 2667 gare.
670 2588 1093 2651 Christianum
1141 2588 1463 2649 hominem
1512 2587 1801 2649 omnium
1834 2587 2137 2649 scelerum
2172 2607 2369 2664 reum,
2406 2589 2692 2667 deorum,
2727 2590 3060 2669 imperato-

443 2716 606 2772 rum,
637 2695 866 2776 legum,
899 2714 1170 2766 morum,
1204 2712 1456 2756 naturae
1488 2694 1679 2756 totius
1712 2693 2037 2757 inimicum
2073 2693 2398 2773 existimas,
2432 2711 2490 2756 et
2521 2694 2692 2780 cogis
2713 2716 2956 2776 negare,
2990 2713 3060 2757 ut

443 2805 721 2864 absolvas
755 2823 942 2884 quern
978 2823 1105 2865 non
1140 2804 1367 2884 poteris
1401 2803 1715 2865 absolvere
1751 2802 1868 2863 nisi
1903 2803 2236 2881 negaverit.
2301 2804 2739 2864 Praevaricaris
2772 2804 2839 2864 in
2869 2804 3056 2884 leges.

443 2911 551 2970 Vis
584 2929 734 2988 ergo
768 2926 950 2990 neget
981 2930 1044 2970 se
1080 2926 1431 2983 nocentem,
1463 2926 1531 2971 ut
1562 2929 1707 2971 eum
1742 2908 1923 2970 facias
1956 2910 2378 2988 innocentem,
2413 2926 2473 2970 et
2507 2911 2761 2990 quidem
2794 2911 3058 2971 invitum

442 3018 584 3092 iam,
620 3037 734 3078 nec
765 3018 841 3078 de
873 3018 1198 3097 praeterito
1232 3036 1430 3078 reum.
1468 3018 1647 3079 Unde
1680 3017 1789 3078 ista
1822 3018 2198 3098 perversitaS,
2232 3034 2301 3078 ut
2331 3017 2512 3079 etiam
2546 3017 2702 3078 illud
2734 3036 2862 3078 non
2883 3036 3059 3078 reco-

359 3152 384 3195 5
442 3126 661 3206 gitetiS‚
695 3142 914 3206 sponte
947 3126 1230 3186 confesso
1279 3124 1475 3205 magis
1507 3126 1891 3186 credendum
1924 3145 2055 3185 esse
2087 3144 2277 3205 quam
2314 3144 2422 3205 per
2454 3125 2578 3184 vim
2613 3124 2901 3204 neganti?
2963 3125 3058 3184 vel

445 3251 523 3293 ne
570 3232 934 3311 compulsus
968 3251 1191 3311 negare
1225 3250 1356 3291 non
1390 3250 1461 3291 ex
1496 3230 1615 3292 fide
1650 3231 1884 3309 negarit
1917 3248 1974 3291 et
2005 3231 2326 3292 absolutus
2358 3231 2590 3291 ibidem
2623 3245 2761 3311 post
2792 3231 3060 3291 tribunal

444 3342 520 3399 de
566 3357 760 3399 vestra
807 3339 999 3399 rideat
1045 3338 1459 3400 aemulatione
1507 3337 1729 3398 iterum
1767 3337 2196 3398 Christianus?
2247 3339 2416 3399 Cum
2448 3338 2634 3417 igitur
2665 3337 2732 3398 in
2764 3337 3064 3399 omnibus

446 3464 562 3506 nos
593 3446 762 3506 aliter
795 3443 1118 3526 disponitis
1150 3464 1342 3526 quam
1375 3461 1611 3506 ceteros
1644 3461 1955 3518 nocentes,
1978 3445 2054 3505 ad
2080 3463 2279 3505 unum
2303 3445 2761 3519 contendendo,
2798 3460 2864 3504 ut
2884 3445 2960 3505 de
2983 3463 3059 3503 eo

447 3553 702 3613 nomine
751 3553 1151 3612 excludamur
1196 3552 1601 3626 (excludimur
1646 3552 1811 3612 enim
1852 3552 1901 3611 si
1936 3551 2232 3612 faciamus
2263 3571 2421 3631 quae
2455 3551 2682 3611 faciunt
2714 3569 2844 3611 non
2873 3551 3060 3612 Chri-

445 3659 666 3736 stiani),
713 3658 1063 3736 intellegere
1112 3659 1364 3739 potestis
1413 3678 1545 3720 non
1590 3659 1790 3718 scelus
1835 3658 2093 3738 aliquod
2141 3658 2204 3718 in
2252 3676 2435 3718 causa
2471 3677 2621 3733 esse,
2667 3658 2775 3718 sed
2809 3676 3063 3732 nomen,

447 3765 618 3846 quod
666 3767 971 3845 quaedam
1004 3767 1155 3826 ratio
1188 3765 1468 3826 aemulae
1501 3765 1879 3846 operationis
1912 3765 2258 3845 insequitur
2292 3765 2411 3828 hoc
2445 3766 2715 3845 primum
2751 3784 2958 3842 agens,
2996 3781 3061 3825 ut

448 3872 735 3932 homines
785 3872 983 3933 nolint
1031 3872 1182 3933 scire
1231 3892 1343 3954 pro
1391 3889 1557 3933 certo
1604 3874 1776 3952 quod
1825 3892 1891 3933 se
1927 3873 2161 3933 nescire
2196 3891 2308 3952 pro
2344 3888 2509 3932 certo
2540 3872 2758 3933 sciunt.
2827 3871 2971 3933 Ideo
3004 3888 3062 3931 et

445 3981 708 4040 credunt
739 3980 814 4040 de
850 3979 1031 4040 nobis
1064 3999 1222 4059 quae
1258 3999 1386 4040 non
1423 3982 1781 4060 probantur,
1817 3995 1875 4039 et
1908 3978 2128 4039 nolunt
2161 3978 2408 4058 inquiri,
2444 3999 2521 4039 ne
2557 3981 2897 4059 probentur
2930 3997 3060 4038 non

446 4105 576 4147 esse
624 4106 785 4166 quae
832 4086 1069 4146 malunt
1117 4085 1465 4162 credidisse,
1516 4101 1582 4145 ut
1630 4104 1864 4146 nomen
1913 4084 2077 4145 illius
2123 4085 2401 4145 aemulae
2451 4084 2702 4146 rationis
2735 4083 3059 4145 inimicum

447 4193 872 4273 praesumptiS,
907 4211 1037 4253 non
1070 4193 1336 4273 probatis
1356 4191 1720 4253 criminibus
1752 4193 1828 4252 de
1849 4185 2111 4274 suasssola
2133 4189 2520 4251 confessione
2541 4192 2882 4251 damnetur.
2917 4191 3066 4251 Ideo

446 4317 815 4379 torquemur
835 4299 1195 4360 confitentes
1216 4314 1273 4358 et
1295 4298 1592 4378 punimur
1615 4314 2068 4378 perseverantes
2090 4314 2147 4358 et
2167 4299 2548 4373 absolvimur
2569 4313 2882 4376 neganteS,
2916 4298 3060 4376 quia

446 4405 723 4467 nominis
756 4406 1062 4486 proelium
1096 4422 1201 4466 est.
1237 4406 1525 4485 Denique
1558 4405 1709 4484 quid
1743 4406 1820 4467 de
1855 4406 2070 4466 tabella
2105 4405 2361 4466 recitatis
2396 4405 2570 4465 illum
2592 4405 3063 4466 Christianum?

447 4513 578 4575 Cur
622 4531 753 4574 non
799 4529 856 4572 et
902 4513 1316 4573 homicidam?
1362 4512 1427 4572 Si
1477 4512 1786 4574 homicida
1819 4513 2228 4588 Christianus,
2271 4531 2379 4572 cur
2411 4531 2538 4572 non
2573 4528 2629 4571 et
2663 4512 2930 4572 incestus
2963 4511 3058 4571 vel

448 4619 874 4699 quodcunque
920 4620 1085 4680 aliud
1134 4639 1266 4680 esse
1312 4639 1427 4680 nos
1474 4619 1757 4680 creditis?
1823 4620 1891 4679 In
1941 4619 2121 4680 nobis
2168 4620 2316 4680 solis
2364 4620 2553 4699 pudet
2585 4635 2691 4678 aut
2723 4619 2885 4700 piget
2918 4619 3067 4699 ipsis

448 4726 810 4787 nominibus
853 4726 1155 4788 scelerum
1202 4727 1645 4807 pronuntiare?
1699 4727 2086 4787 Christianus
2133 4728 2183 4787 si
2234 4727 2464 4787 nullius
2497 4726 2772 4788 criminis
2805 4727 3061 4787 nomine

450 4853 589 4895 reus
622 4849 729 4911 est,
766 4834 939 4894 valde
973 4835 1295 4908 incestum,
1330 4833 1379 4893 si
1413 4833 1607 4893 solius
1642 4831 1938 4904 nominiS,
1973 4833 2206 4894 crimen
2240 4849 2343 4893 est.
