<?xml version="1.0" encoding="UTF-8"?>
<!DOCTYPE html PUBLIC "-//W3C//DTD XHTML 1.0 Transitional//EN"
    "http://www.w3.org/TR/xhtml1/DTD/xhtml1-transitional.dtd">
<html xmlns="http://www.w3.org/1999/xhtml" xml:lang="en" lang="en">
 <head>
  <title>
</title>
<meta http-equiv="Content-Type" content="text/html;charset=utf-8" />
  <meta name='ocr-system' content='tesseract 3.04.00' />
  <meta name='ocr-capabilities' content='ocr_page ocr_carea ocr_par ocr_line ocrx_word'/>
</head>
<body>
  <div class='ocr_page' id='page_1' title='image "./fontesiuriscano00unkngoog/fontesiuriscano00unkngoog_0242.png"; bbox 0 0 3684 5416; ppageno 0'>
   <div class='ocr_carea' id='block_1_1' title="bbox 607 382 2670 455">
    <p class='ocr_par' dir='ltr' id='par_1_1' title="bbox 607 382 2670 455">
     <span class='ocr_line' id='line_1_1' title="bbox 607 382 2670 455; baseline 0 -17"><span class='ocrx_word' id='word_1_1' title='bbox 607 401 610 410; x_wconf 90' lang='grc'>·</span> <span class='ocrx_word' id='word_1_2' title='bbox 688 400 803 452; x_wconf 73' lang='lat'>204</span> <span class='ocrx_word' id='word_1_3' title='bbox 1333 383 1596 439; x_wconf 82' lang='lat' dir='ltr'>Potestas</span> <span class='ocrx_word' id='word_1_4' title='bbox 1635 383 2017 440; x_wconf 87' lang='lat' dir='ltr'>ecclesiastica</span> <span class='ocrx_word' id='word_1_5' title='bbox 2058 396 2113 438; x_wconf 93' lang='lat' dir='ltr'>et</span> <span class='ocrx_word' id='word_1_6' title='bbox 2151 382 2454 455; x_wconf 88' lang='lat' dir='ltr'>imperium</span> <span class='ocrx_word' id='word_1_7' title='bbox 2494 384 2670 439; x_wconf 86' lang='lat' dir='ltr'>civile.</span> 
     </span>
    </p>
   </div>
   <div class='ocr_carea' id='block_1_2' title="bbox 494 564 3381 5038">
    <p class='ocr_par' dir='ltr' id='par_1_2' title="bbox 494 564 3381 5038">
     <span class='ocr_line' id='line_1_2' title="bbox 691 564 3300 648; baseline 0.002 -22"><span class='ocrx_word' id='word_1_8' title='bbox 691 564 1053 646; x_wconf 81' lang='lat' dir='ltr'>simpliciter</span> <span class='ocrx_word' id='word_1_9' title='bbox 1099 565 1490 644; x_wconf 84' lang='lat' dir='ltr'>confitemur,</span> <span class='ocrx_word' id='word_1_10' title='bbox 1544 583 1763 628; x_wconf 87' lang='lat' dir='ltr'>extra</span> <span class='ocrx_word' id='word_1_11' title='bbox 1814 586 2005 648; x_wconf 88' lang='lat' dir='ltr'>quam</span> <span class='ocrx_word' id='word_1_12' title='bbox 2061 585 2200 628; x_wconf 89' lang='lat' dir='ltr'>nec</span> <span class='ocrx_word' id='word_1_13' title='bbox 2263 565 2484 628; x_wconf 90' lang='lat' dir='ltr'>salus</span> <span class='ocrx_word' id='word_1_14' title='bbox 2546 584 2671 645; x_wconf 88' lang='lat' dir='ltr'>est,</span> <span class='ocrx_word' id='word_1_15' title='bbox 2736 588 2877 631; x_wconf 90' lang='lat' dir='ltr'>nec</span> <span class='ocrx_word' id='word_1_16' title='bbox 2935 570 3300 631; x_wconf 83' lang='lat' dir='ltr'>remissio</span> 
     </span>
     <span class='ocr_line' id='line_1_3' title="bbox 695 674 3303 756; baseline 0.002 -23"><span class='ocrx_word' id='word_1_17' title='bbox 695 690 928 754; x_wconf 89' lang='lat' dir='ltr'>pecca</span> <span class='ocrx_word' id='word_1_18' title='bbox 947 689 1238 749; x_wconf 88' lang='lat' dir='ltr'>torum,</span> <span class='ocrx_word' id='word_1_19' title='bbox 1288 692 1525 754; x_wconf 89' lang='lat' dir='ltr'>sponso</span> <span class='ocrx_word' id='word_1_20' title='bbox 1570 675 1633 736; x_wconf 89' lang='lat' dir='ltr'>in</span> <span class='ocrx_word' id='word_1_21' title='bbox 1677 675 1953 737; x_wconf 86' lang='lat' dir='ltr'>Canticis</span> <span class='ocrx_word' id='word_1_22' title='bbox 1986 674 2431 756; x_wconf 79' lang='lat' dir='ltr'>proclamante:</span> <span class='ocrx_word' id='word_1_23' title='bbox 2500 674 2683 737; x_wconf 78' lang='lat' dir='ltr'>«Una</span> <span class='ocrx_word' id='word_1_24' title='bbox 2713 683 2809 737; x_wconf 84' lang='lat' dir='ltr'>est</span> <span class='ocrx_word' id='word_1_25' title='bbox 2838 676 3118 738; x_wconf 83' lang='lat' dir='ltr'>columba</span> <span class='ocrx_word' id='word_1_26' title='bbox 3152 696 3303 752; x_wconf 76' lang='lat' dir='ltr'>mea,</span> 
     </span>
     <span class='ocr_line' id='line_1_4' title="bbox 676 779 3301 863; baseline 0 -21"><span class='ocrx_word' id='word_1_27' title='bbox 676 784 962 862; x_wconf 74' lang='lat' dir='ltr'>perfecta</span> <span class='ocrx_word' id='word_1_28' title='bbox 990 800 1141 840; x_wconf 86' lang='lat' dir='ltr'>mea.</span> <span class='ocrx_word' id='word_1_29' title='bbox 1211 779 1349 842; x_wconf 84' lang='lat' dir='ltr'>Una</span> <span class='ocrx_word' id='word_1_30' title='bbox 1392 787 1489 842; x_wconf 82' lang='lat' dir='ltr'>est</span> <span class='ocrx_word' id='word_1_31' title='bbox 1527 784 1720 843; x_wconf 77' lang='lat' dir='ltr'>matri</span> <span class='ocrx_word' id='word_1_32' title='bbox 1758 801 1929 856; x_wconf 78' lang='lat' dir='ltr'>suae,</span> <span class='ocrx_word' id='word_1_33' title='bbox 1977 780 2169 842; x_wconf 78' lang='lat' dir='ltr'>electa</span> <span class='ocrx_word' id='word_1_34' title='bbox 2202 784 2594 861; x_wconf 74' lang='lat' dir='ltr'>generatrici</span> <span class='ocrx_word' id='word_1_35' title='bbox 2619 801 2843 856; x_wconf 81' lang='lat' dir='ltr'>suae»;</span> <span class='ocrx_word' id='word_1_36' title='bbox 2907 802 3071 863; x_wconf 89' lang='lat' dir='ltr'>quae</span> <span class='ocrx_word' id='word_1_37' title='bbox 3100 800 3301 845; x_wconf 88' lang='lat' dir='ltr'>unum</span> 
     </span>
     <span class='ocr_line' id='line_1_5' title="bbox 685 884 3297 968; baseline 0.001 -22"><span class='ocrx_word' id='word_1_38' title='bbox 685 904 919 966; x_wconf 86' lang='lat' dir='ltr'>corpus</span> <span class='ocrx_word' id='word_1_39' title='bbox 950 884 1279 966; x_wconf 86' lang='lat' dir='ltr'>mysticum</span> <span class='ocrx_word' id='word_1_40' title='bbox 1325 902 1752 966; x_wconf 88' lang='lat' dir='ltr'>repraesentat,</span> <span class='ocrx_word' id='word_1_41' title='bbox 1798 887 1977 949; x_wconf 90' lang='lat' dir='ltr'>cuius</span> <span class='ocrx_word' id='word_1_42' title='bbox 2008 901 2193 968; x_wconf 90' lang='lat' dir='ltr'>caput</span> <span class='ocrx_word' id='word_1_43' title='bbox 2221 885 2505 948; x_wconf 87' lang='lat' dir='ltr'>Christus</span> <span class='ocrx_word' id='word_1_44' title='bbox 2534 887 2767 949; x_wconf 84' lang='lat' dir='ltr'>Christi</span> <span class='ocrx_word' id='word_1_45' title='bbox 2809 907 2958 949; x_wconf 82' lang='lat' dir='ltr'>vero</span> <span class='ocrx_word' id='word_1_46' title='bbox 2994 889 3182 950; x_wconf 90' lang='lat' dir='ltr'>Deus.</span> <span class='ocrx_word' id='word_1_47' title='bbox 3232 886 3297 948; x_wconf 88' lang='lat' dir='ltr'>ln</span> 
     </span>
     <span class='ocr_line' id='line_1_6' title="bbox 608 992 3302 1078; baseline 0 -23"><span class='ocrx_word' id='word_1_48' title='bbox 608 1022 638 1065; x_wconf 72' lang='lat'><strong>5</strong></span> <span class='ocrx_word' id='word_1_49' title='bbox 694 1012 818 1074; x_wconf 89' lang='lat' dir='ltr'>qua</span> <span class='ocrx_word' id='word_1_50' title='bbox 850 1012 1014 1055; x_wconf 86' lang='lat' dir='ltr'>unus</span> <span class='ocrx_word' id='word_1_51' title='bbox 1036 992 1365 1070; x_wconf 89' lang='lat' dir='ltr'>Dominus,</span> <span class='ocrx_word' id='word_1_52' title='bbox 1395 1013 1519 1056; x_wconf 89' lang='lat' dir='ltr'>una</span> <span class='ocrx_word' id='word_1_53' title='bbox 1551 993 1723 1060; x_wconf 82' lang='lat' dir='ltr'>fides.</span> <span class='ocrx_word' id='word_1_54' title='bbox 1756 1014 1957 1056; x_wconf 88' lang='lat' dir='ltr'>unum</span> <span class='ocrx_word' id='word_1_55' title='bbox 1992 993 2311 1075; x_wconf 82' lang='lat' dir='ltr'>baptisma.</span> <span class='ocrx_word' id='word_1_56' title='bbox 2342 994 2485 1057; x_wconf 90' lang='lat' dir='ltr'>Una</span> <span class='ocrx_word' id='word_1_57' title='bbox 2516 1014 2742 1078; x_wconf 84' lang='lat' dir='ltr'>nempe</span> <span class='ocrx_word' id='word_1_58' title='bbox 2775 995 2890 1057; x_wconf 81' lang='lat' dir='ltr'>fuit</span> <span class='ocrx_word' id='word_1_59' title='bbox 2916 996 3134 1058; x_wconf 86' lang='lat' dir='ltr'>diluvii</span> <span class='ocrx_word' id='word_1_60' title='bbox 3152 1010 3302 1056; x_wconf 89' lang='lat' dir='ltr'>tem-</span> 
     </span>
     <span class='ocr_line' id='line_1_7' title="bbox 693 1099 3302 1184; baseline 0.001 -24"><span class='ocrx_word' id='word_1_61' title='bbox 693 1118 844 1181; x_wconf 90' lang='lat' dir='ltr'>pore</span> <span class='ocrx_word' id='word_1_62' title='bbox 878 1118 1013 1161; x_wconf 91' lang='lat' dir='ltr'>arca</span> <span class='ocrx_word' id='word_1_63' title='bbox 1045 1099 1205 1175; x_wconf 90' lang='lat' dir='ltr'>Noe,</span> <span class='ocrx_word' id='word_1_64' title='bbox 1241 1119 1435 1162; x_wconf 90' lang='lat' dir='ltr'>unam</span> <span class='ocrx_word' id='word_1_65' title='bbox 1468 1101 1783 1163; x_wconf 89' lang='lat' dir='ltr'>ecclesiam</span> <span class='ocrx_word' id='word_1_66' title='bbox 1818 1101 2267 1184; x_wconf 85' lang='lat' dir='ltr'>praefigurans,</span> <span class='ocrx_word' id='word_1_67' title='bbox 2302 1122 2460 1183; x_wconf 89' lang='lat' dir='ltr'>quae</span> <span class='ocrx_word' id='word_1_68' title='bbox 2494 1102 2557 1164; x_wconf 89' lang='lat' dir='ltr'>in</span> <span class='ocrx_word' id='word_1_69' title='bbox 2591 1121 2723 1165; x_wconf 89' lang='lat' dir='ltr'>uno</span> <span class='ocrx_word' id='word_1_70' title='bbox 2771 1101 2982 1165; x_wconf 91' lang='lat' dir='ltr'>cubito</span> <span class='ocrx_word' id='word_1_71' title='bbox 3010 1120 3302 1164; x_wconf 86' lang='lat' dir='ltr'>consum-</span> 
     </span>
     <span class='ocr_line' id='line_1_8' title="bbox 692 1208 3301 1291; baseline 0.001 -22"><span class='ocrx_word' id='word_1_72' title='bbox 692 1224 852 1269; x_wconf 86' lang='lat' dir='ltr'>mata</span> <span class='ocrx_word' id='word_1_73' title='bbox 898 1226 1119 1284; x_wconf 90' lang='lat' dir='ltr'>unum,</span> <span class='ocrx_word' id='word_1_74' title='bbox 1150 1208 1291 1269; x_wconf 91' lang='lat' dir='ltr'>Noe</span> <span class='ocrx_word' id='word_1_75' title='bbox 1335 1208 1638 1286; x_wconf 83' lang='lat' dir='ltr'>videlicet,</span> <span class='ocrx_word' id='word_1_76' title='bbox 1687 1210 2169 1290; x_wconf 83' lang='lat' dir='ltr'>gubernatorem</span> <span class='ocrx_word' id='word_1_77' title='bbox 2217 1210 2433 1273; x_wconf 89' lang='lat' dir='ltr'>habuit</span> <span class='ocrx_word' id='word_1_78' title='bbox 2475 1226 2537 1272; x_wconf 91' lang='lat' dir='ltr'>et</span> <span class='ocrx_word' id='word_1_79' title='bbox 2565 1226 2886 1290; x_wconf 87' lang='lat' dir='ltr'>rectorem,</span> <span class='ocrx_word' id='word_1_80' title='bbox 2917 1225 3084 1272; x_wconf 87' lang='lat' dir='ltr'>extra</span> <span class='ocrx_word' id='word_1_81' title='bbox 3116 1229 3301 1291; x_wconf 88' lang='lat' dir='ltr'>quam</span> 
     </span>
     <span class='ocr_line' id='line_1_9' title="bbox 692 1314 3298 1399; baseline 0.002 -23"><span class='ocrx_word' id='word_1_82' title='bbox 692 1315 905 1376; x_wconf 87' lang='lat' dir='ltr'>omnia</span> <span class='ocrx_word' id='word_1_83' title='bbox 936 1314 1324 1376; x_wconf 82' lang='lat' dir='ltr'>subsistentia</span> <span class='ocrx_word' id='word_1_84' title='bbox 1356 1334 1543 1397; x_wconf 89' lang='lat' dir='ltr'>super</span> <span class='ocrx_word' id='word_1_85' title='bbox 1575 1331 1802 1378; x_wconf 68' lang='lat' dir='ltr'>terram</span> <span class='ocrx_word' id='word_1_86' title='bbox 1838 1316 2109 1399; x_wconf 88' lang='lat' dir='ltr'>legimus</span> <span class='ocrx_word' id='word_1_87' title='bbox 2141 1316 2328 1380; x_wconf 83' lang='lat' dir='ltr'>fnisse</span> <span class='ocrx_word' id='word_1_88' title='bbox 2358 1318 2578 1380; x_wconf 90' lang='lat' dir='ltr'>deleta.</span> <span class='ocrx_word' id='word_1_89' title='bbox 2610 1319 2791 1380; x_wconf 86' lang='lat' dir='ltr'>Hanc</span> <span class='ocrx_word' id='word_1_90' title='bbox 2820 1333 3029 1381; x_wconf 88' lang='lat' dir='ltr'>autern</span> <span class='ocrx_word' id='word_1_91' title='bbox 3051 1338 3298 1380; x_wconf 85' lang='lat' dir='ltr'>venera·</span> 
     </span>
     <span class='ocr_line' id='line_1_10' title="bbox 693 1413 3302 1505; baseline 0.001 -23"><span class='ocrx_word' id='word_1_92' title='bbox 693 1440 838 1484; x_wconf 90' lang='lat' dir='ltr'>mur</span> <span class='ocrx_word' id='word_1_93' title='bbox 867 1438 927 1483; x_wconf 91' lang='lat' dir='ltr'>et</span> <span class='ocrx_word' id='word_1_94' title='bbox 946 1420 1215 1497; x_wconf 87' lang='lat' dir='ltr'>unicam,</span> <span class='ocrx_word' id='word_1_95' title='bbox 1235 1420 1476 1484; x_wconf 79' lang='lat' dir='ltr'>dicente</span> <span class='ocrx_word' id='word_1_96' title='bbox 1499 1413 1775 1485; x_wconf 71' lang='lat' dir='ltr'>Domino</span> <span class='ocrx_word' id='word_1_97' title='bbox 1796 1423 1861 1484; x_wconf 89' lang='lat' dir='ltr'>in</span> <span class='ocrx_word' id='word_1_98' title='bbox 1883 1424 2214 1505; x_wconf 83' lang='lat' dir='ltr'>Propheta:</span> <span class='ocrx_word' id='word_1_99' title='bbox 2256 1425 2464 1487; x_wconf 79' lang='lat' dir='ltr'>«Erue</span> <span class='ocrx_word' id='word_1_100' title='bbox 2480 1449 2518 1487; x_wconf 85' lang='lat' dir='ltr'>a</span> <span class='ocrx_word' id='word_1_101' title='bbox 2537 1429 2799 1501; x_wconf 79' lang='lat' dir='ltr'>framea,</span> <span class='ocrx_word' id='word_1_102' title='bbox 2818 1425 3019 1499; x_wconf 84' lang='lat' dir='ltr'>Deus,</span> <span class='ocrx_word' id='word_1_103' title='bbox 3039 1427 3302 1486; x_wconf 80' lang='lat' dir='ltr'>animam</span> 
     </span>
     <span class='ocr_line' id='line_1_11' title="bbox 582 1529 3298 1614; baseline 0.002 -27"><span class='ocrx_word' id='word_1_104' title='bbox 582 1556 641 1587; x_wconf 82' lang='grc' dir='ltr'>ιο</span> <span class='ocrx_word' id='word_1_105' title='bbox 687 1548 910 1601; x_wconf 81' lang='lat' dir='ltr'>meam,</span> <span class='ocrx_word' id='word_1_106' title='bbox 941 1535 1003 1588; x_wconf 87' lang='lat' dir='ltr'>et</span> <span class='ocrx_word' id='word_1_107' title='bbox 1030 1529 1104 1589; x_wconf 83' lang='lat' dir='ltr'>de</span> <span class='ocrx_word' id='word_1_108' title='bbox 1135 1549 1318 1590; x_wconf 84' lang='lat' dir='ltr'>manu</span> <span class='ocrx_word' id='word_1_109' title='bbox 1348 1532 1523 1590; x_wconf 82' lang='lat' dir='ltr'>canis</span> <span class='ocrx_word' id='word_1_110' title='bbox 1555 1532 1800 1590; x_wconf 77' lang='lat' dir='ltr'>um’cam</span> <span class='ocrx_word' id='word_1_111' title='bbox 1833 1550 2089 1591; x_wconf 79' lang='lat' dir='ltr'>meam».</span> <span class='ocrx_word' id='word_1_112' title='bbox 2124 1531 2244 1593; x_wconf 83' lang='lat' dir='ltr'>Pro</span> <span class='ocrx_word' id='word_1_113' title='bbox 2273 1532 2478 1593; x_wconf 89' lang='lat' dir='ltr'>anima</span> <span class='ocrx_word' id='word_1_114' title='bbox 2498 1532 2684 1609; x_wconf 90' lang='lat' dir='ltr'>enim,</span> <span class='ocrx_word' id='word_1_115' title='bbox 2708 1533 2771 1594; x_wconf 92' lang='lat' dir='ltr'>id</span> <span class='ocrx_word' id='word_1_116' title='bbox 2791 1549 2882 1594; x_wconf 93' lang='lat' dir='ltr'>est</span> <span class='ocrx_word' id='word_1_117' title='bbox 2901 1551 3014 1614; x_wconf 90' lang='lat' dir='ltr'>pro</span> <span class='ocrx_word' id='word_1_118' title='bbox 3047 1552 3111 1592; x_wconf 90' lang='lat' dir='ltr'>se</span> <span class='ocrx_word' id='word_1_119' title='bbox 3145 1531 3298 1613; x_wconf 83' lang='lat' dir='ltr'>ipso,</span> 
     </span>
     <span class='ocr_line' id='line_1_12' title="bbox 692 1634 3304 1719; baseline 0.002 -24"><span class='ocrx_word' id='word_1_120' title='bbox 692 1634 885 1716; x_wconf 88' lang='lat' dir='ltr'>capite</span> <span class='ocrx_word' id='word_1_121' title='bbox 931 1635 1120 1697; x_wconf 86' lang='lat' dir='ltr'>simul</span> <span class='ocrx_word' id='word_1_122' title='bbox 1164 1636 1358 1697; x_wconf 82' lang='lat' dir='ltr'>oravit</span> <span class='ocrx_word' id='word_1_123' title='bbox 1402 1651 1464 1696; x_wconf 93' lang='lat' dir='ltr'>et</span> <span class='ocrx_word' id='word_1_124' title='bbox 1508 1653 1787 1717; x_wconf 91' lang='lat' dir='ltr'>corpore,</span> <span class='ocrx_word' id='word_1_125' title='bbox 1811 1637 2007 1716; x_wconf 83' lang='lat' dir='ltr'>quod</span> <span class='ocrx_word' id='word_1_126' title='bbox 2041 1655 2268 1719; x_wconf 90' lang='lat' dir='ltr'>corpus</span> <span class='ocrx_word' id='word_1_127' title='bbox 2302 1638 2547 1700; x_wconf 88' lang='lat' dir='ltr'>unicam</span> <span class='ocrx_word' id='word_1_128' title='bbox 2578 1638 2808 1701; x_wconf 89' lang='lat' dir='ltr'>scilicet</span> <span class='ocrx_word' id='word_1_129' title='bbox 2838 1639 3159 1700; x_wconf 89' lang='lat' dir='ltr'>ecclesiam</span> <span class='ocrx_word' id='word_1_130' title='bbox 3189 1657 3304 1699; x_wconf 85' lang='lat' dir='ltr'>no-</span> 
     </span>
     <span class='ocr_line' id='line_1_13' title="bbox 698 1735 3306 1824; baseline 0.001 -23"><span class='ocrx_word' id='word_1_131' title='bbox 698 1740 970 1817; x_wconf 85' lang='lat' dir='ltr'>minavit,</span> <span class='ocrx_word' id='word_1_132' title='bbox 1002 1757 1256 1823; x_wconf 90' lang='lat' dir='ltr'>propter</span> <span class='ocrx_word' id='word_1_133' title='bbox 1284 1742 1516 1824; x_wconf 90' lang='lat' dir='ltr'>sponsi,</span> <span class='ocrx_word' id='word_1_134' title='bbox 1550 1741 1712 1818; x_wconf 88' lang='lat' dir='ltr'>fidei,</span> <span class='ocrx_word' id='word_1_135' title='bbox 1741 1735 2271 1806; x_wconf 86' lang='lat' dir='ltr'>sacramentorum</span> <span class='ocrx_word' id='word_1_136' title='bbox 2306 1760 2367 1807; x_wconf 89' lang='lat' dir='ltr'>et</span> <span class='ocrx_word' id='word_1_137' title='bbox 2397 1745 2658 1807; x_wconf 88' lang='lat' dir='ltr'>caritatis</span> <span class='ocrx_word' id='word_1_138' title='bbox 2686 1745 2975 1808; x_wconf 87' lang='lat' dir='ltr'>ecclesiae</span> <span class='ocrx_word' id='word_1_139' title='bbox 2997 1744 3306 1807; x_wconf 85' lang='lat' dir='ltr'>unitatem.</span> 
     </span>
     <span class='ocr_line' id='line_1_14' title="bbox 695 1848 3306 1932; baseline 0 -23"><span class='ocrx_word' id='word_1_140' title='bbox 695 1848 866 1909; x_wconf 89' lang='lat' dir='ltr'>Haec</span> <span class='ocrx_word' id='word_1_141' title='bbox 896 1863 986 1909; x_wconf 85' lang='lat' dir='ltr'>est</span> <span class='ocrx_word' id='word_1_142' title='bbox 1015 1849 1227 1910; x_wconf 89' lang='lat' dir='ltr'>tunica</span> <span class='ocrx_word' id='word_1_143' title='bbox 1259 1849 1361 1910; x_wconf 89' lang='lat' dir='ltr'>illa</span> <span class='ocrx_word' id='word_1_144' title='bbox 1382 1848 1640 1912; x_wconf 87' lang='lat' dir='ltr'>Domini</span> <span class='ocrx_word' id='word_1_145' title='bbox 1672 1850 2080 1927; x_wconf 82' lang='lat' dir='ltr'>inconsutilis,</span> <span class='ocrx_word' id='word_1_146' title='bbox 2113 1868 2276 1930; x_wconf 89' lang='lat' dir='ltr'>quae</span> <span class='ocrx_word' id='word_1_147' title='bbox 2306 1851 2490 1913; x_wconf 89' lang='lat' dir='ltr'>scissa</span> <span class='ocrx_word' id='word_1_148' title='bbox 2523 1870 2654 1913; x_wconf 93' lang='lat' dir='ltr'>non</span> <span class='ocrx_word' id='word_1_149' title='bbox 2685 1851 2818 1930; x_wconf 85' lang='lat' dir='ltr'>fuit,</span> <span class='ocrx_word' id='word_1_150' title='bbox 2850 1852 2958 1912; x_wconf 88' lang='lat' dir='ltr'>sed</span> <span class='ocrx_word' id='word_1_151' title='bbox 2977 1865 3140 1912; x_wconf 89' lang='lat' dir='ltr'>sorte</span> <span class='ocrx_word' id='word_1_152' title='bbox 3162 1868 3306 1932; x_wconf 84' lang='lat' dir='ltr'>pro·</span> 
     </span>
     <span class='ocr_line' id='line_1_15' title="bbox 695 1954 3307 2039; baseline 0.002 -26"><span class='ocrx_word' id='word_1_153' title='bbox 695 1955 878 2017; x_wconf 85' lang='lat' dir='ltr'>venit.</span> <span class='ocrx_word' id='word_1_154' title='bbox 938 1954 1126 2035; x_wconf 84' lang='lat' dir='ltr'>Igitur</span> <span class='ocrx_word' id='word_1_155' title='bbox 1152 1955 1444 2018; x_wconf 88' lang='lat' dir='ltr'>ecclesiae</span> <span class='ocrx_word' id='word_1_156' title='bbox 1475 1956 1663 2019; x_wconf 92' lang='lat' dir='ltr'>unius</span> <span class='ocrx_word' id='word_1_157' title='bbox 1694 1972 1754 2018; x_wconf 91' lang='lat' dir='ltr'>et</span> <span class='ocrx_word' id='word_1_158' title='bbox 1788 1956 2005 2018; x_wconf 84' lang='lat' dir='ltr'>unicae</span> <span class='ocrx_word' id='word_1_159' title='bbox 2040 1975 2240 2017; x_wconf 89' lang='lat' dir='ltr'>unum</span> <span class='ocrx_word' id='word_1_160' title='bbox 2289 1976 2533 2039; x_wconf 90' lang='lat' dir='ltr'>corpus,</span> <span class='ocrx_word' id='word_1_161' title='bbox 2579 1976 2826 2020; x_wconf 89' lang='lat' dir='ltr'>unum</span> <span class='ocrx_word' id='word_1_162' title='bbox 2870 1972 3137 2039; x_wconf 88' lang='lat' dir='ltr'>caput,</span> <span class='ocrx_word' id='word_1_163' title='bbox 3182 1975 3307 2017; x_wconf 90' lang='lat' dir='ltr'>non</span> 
     </span>
     <span class='ocr_line' id='line_1_16' title="bbox 583 2062 3307 2143; baseline 0.001 -22"><span class='ocrx_word' id='word_1_164' title='bbox 583 2091 637 2134; x_wconf 76' lang='lat'>‘15</span> <span class='ocrx_word' id='word_1_165' title='bbox 692 2062 823 2122; x_wconf 92' lang='lat' dir='ltr'>duo</span> <span class='ocrx_word' id='word_1_166' title='bbox 853 2062 1070 2143; x_wconf 85' lang='lat' dir='ltr'>capita,</span> <span class='ocrx_word' id='word_1_167' title='bbox 1103 2062 1281 2143; x_wconf 88' lang='lat' dir='ltr'>quasi</span> <span class='ocrx_word' id='word_1_168' title='bbox 1313 2079 1686 2142; x_wconf 90' lang='lat' dir='ltr'>monstrum,</span> <span class='ocrx_word' id='word_1_169' title='bbox 1719 2064 2070 2126; x_wconf 85' lang='lat' dir='ltr'>Christus</span> <span class='ocrx_word' id='word_1_170' title='bbox 2112 2063 2465 2125; x_wconf 83' lang='lat' dir='ltr'>videlicet</span> <span class='ocrx_word' id='word_1_171' title='bbox 2495 2080 2563 2125; x_wconf 88' lang='lat' dir='ltr'>et</span> <span class='ocrx_word' id='word_1_172' title='bbox 2593 2064 2908 2127; x_wconf 86' lang='lat' dir='ltr'>Christi</span> <span class='ocrx_word' id='word_1_173' title='bbox 2950 2063 3307 2126; x_wconf 85' lang='lat' dir='ltr'>vicarius</span> 
     </span>
     <span class='ocr_line' id='line_1_17' title="bbox 693 2169 3308 2255; baseline 0 -24"><span class='ocrx_word' id='word_1_174' title='bbox 693 2169 994 2246; x_wconf 84' lang='lat' dir='ltr'>Petrus,</span> <span class='ocrx_word' id='word_1_175' title='bbox 1032 2170 1410 2251; x_wconf 80' lang='lat' dir='ltr'>Petrique</span> <span class='ocrx_word' id='word_1_176' title='bbox 1441 2189 1887 2249; x_wconf 78' lang='lat' dir='ltr'>successor,</span> <span class='ocrx_word' id='word_1_177' title='bbox 1923 2171 2163 2233; x_wconf 89' lang='lat' dir='ltr'>dicente</span> <span class='ocrx_word' id='word_1_178' title='bbox 2198 2171 2475 2234; x_wconf 89' lang='lat' dir='ltr'>Domino</span> <span class='ocrx_word' id='word_1_179' title='bbox 2507 2172 2622 2255; x_wconf 91' lang='lat' dir='ltr'>ipsi</span> <span class='ocrx_word' id='word_1_180' title='bbox 2654 2173 2867 2235; x_wconf 86' lang='lat' dir='ltr'>Petro:</span> <span class='ocrx_word' id='word_1_181' title='bbox 2907 2172 3146 2234; x_wconf 81' lang='lat' dir='ltr'>«Pasce</span> <span class='ocrx_word' id='word_1_182' title='bbox 3173 2190 3308 2233; x_wconf 83' lang='lat' dir='ltr'>oves</span> 
     </span>
     <span class='ocr_line' id='line_1_18' title="bbox 694 2275 3302 2360; baseline -0 -21"><span class='ocrx_word' id='word_1_183' title='bbox 694 2295 922 2339; x_wconf 81' lang='lat' dir='ltr'>meas».</span> <span class='ocrx_word' id='word_1_184' title='bbox 960 2277 1151 2354; x_wconf 87' lang='lat' dir='ltr'>Meas,</span> <span class='ocrx_word' id='word_1_185' title='bbox 1185 2275 1406 2357; x_wconf 90' lang='lat' dir='ltr'>inquit,</span> <span class='ocrx_word' id='word_1_186' title='bbox 1429 2293 1490 2338; x_wconf 94' lang='lat' dir='ltr'>et</span> <span class='ocrx_word' id='word_1_187' title='bbox 1517 2277 1903 2360; x_wconf 79' lang='lat' dir='ltr'>generaliter,</span> <span class='ocrx_word' id='word_1_188' title='bbox 1939 2295 2073 2338; x_wconf 88' lang='lat' dir='ltr'>non</span> <span class='ocrx_word' id='word_1_189' title='bbox 2102 2277 2488 2356; x_wconf 81' lang='lat' dir='ltr'>singulariter</span> <span class='ocrx_word' id='word_1_190' title='bbox 2519 2278 2631 2340; x_wconf 90' lang='lat' dir='ltr'>has</span> <span class='ocrx_word' id='word_1_191' title='bbox 2661 2277 2759 2340; x_wconf 83' lang='lat' dir='ltr'>vel</span> <span class='ocrx_word' id='word_1_192' title='bbox 2792 2278 2956 2340; x_wconf 89' lang='lat' dir='ltr'>illas:</span> <span class='ocrx_word' id='word_1_193' title='bbox 2991 2297 3100 2360; x_wconf 90' lang='lat' dir='ltr'>per</span> <span class='ocrx_word' id='word_1_194' title='bbox 3130 2278 3302 2358; x_wconf 87' lang='lat' dir='ltr'>quod</span> 
     </span>
     <span class='ocr_line' id='line_1_19' title="bbox 694 2384 3309 2468; baseline 0 -22"><span class='ocrx_word' id='word_1_195' title='bbox 694 2384 1077 2446; x_wconf 87' lang='lat' dir='ltr'>commisisse</span> <span class='ocrx_word' id='word_1_196' title='bbox 1123 2385 1236 2446; x_wconf 90' lang='lat' dir='ltr'>sibi</span> <span class='ocrx_word' id='word_1_197' title='bbox 1284 2384 1644 2465; x_wconf 85' lang='lat' dir='ltr'>intelligitur</span> <span class='ocrx_word' id='word_1_198' title='bbox 1671 2384 2004 2447; x_wconf 85' lang='lat' dir='ltr'>universas.</span> <span class='ocrx_word' id='word_1_199' title='bbox 2067 2384 2207 2448; x_wconf 84' lang='lat' dir='ltr'>Sive</span> <span class='ocrx_word' id='word_1_200' title='bbox 2254 2404 2405 2468; x_wconf 86' lang='lat' dir='ltr'>ergo</span> <span class='ocrx_word' id='word_1_201' title='bbox 2436 2384 2655 2447; x_wconf 91' lang='lat' dir='ltr'>Graeci</span> <span class='ocrx_word' id='word_1_202' title='bbox 2701 2387 2828 2448; x_wconf 87' lang='lat' dir='ltr'>sive</span> <span class='ocrx_word' id='word_1_203' title='bbox 2869 2386 2969 2448; x_wconf 89' lang='lat' dir='ltr'>alii</span> <span class='ocrx_word' id='word_1_204' title='bbox 3002 2406 3069 2448; x_wconf 89' lang='lat' dir='ltr'>se</span> <span class='ocrx_word' id='word_1_205' title='bbox 3102 2385 3309 2448; x_wconf 90' lang='lat' dir='ltr'>dicant</span> 
     </span>
     <span class='ocr_line' id='line_1_20' title="bbox 694 2492 3303 2574; baseline 0 -21"><span class='ocrx_word' id='word_1_206' title='bbox 694 2492 874 2554; x_wconf 84' lang='lat' dir='ltr'>Petro</span> <span class='ocrx_word' id='word_1_207' title='bbox 931 2494 1190 2574; x_wconf 88' lang='lat' dir='ltr'>eiusque</span> <span class='ocrx_word' id='word_1_208' title='bbox 1251 2493 1710 2555; x_wconf 86' lang='lat' dir='ltr'>successoribus</span> <span class='ocrx_word' id='word_1_209' title='bbox 1769 2512 1900 2555; x_wconf 85' lang='lat' dir='ltr'>non</span> <span class='ocrx_word' id='word_1_210' title='bbox 1945 2513 2078 2555; x_wconf 87' lang='lat' dir='ltr'>esse</span> <span class='ocrx_word' id='word_1_211' title='bbox 2123 2493 2521 2554; x_wconf 83' lang='lat' dir='ltr'>commissos:</span> <span class='ocrx_word' id='word_1_212' title='bbox 2587 2494 2890 2556; x_wconf 73' lang='lat' dir='ltr'>fateantur</span> <span class='ocrx_word' id='word_1_213' title='bbox 2933 2513 3184 2556; x_wconf 89' lang='lat' dir='ltr'>necesse</span> <span class='ocrx_word' id='word_1_214' title='bbox 3236 2513 3303 2554; x_wconf 89' lang='lat' dir='ltr'>se</span> 
     </span>
     <span class='ocr_line' id='line_1_21' title="bbox 573 2599 3303 2676; baseline 0 -15"><span class='ocrx_word' id='word_1_215' title='bbox 573 2623 640 2656; x_wconf 61' lang='grc' dir='ltr'>πο</span> <span class='ocrx_word' id='word_1_216' title='bbox 692 2599 769 2661; x_wconf 90' lang='lat' dir='ltr'>de</span> <span class='ocrx_word' id='word_1_217' title='bbox 815 2601 1037 2661; x_wconf 86' lang='lat' dir='ltr'>ovibus</span> <span class='ocrx_word' id='word_1_218' title='bbox 1068 2600 1296 2663; x_wconf 89' lang='lat' dir='ltr'>Christi</span> <span class='ocrx_word' id='word_1_219' title='bbox 1329 2619 1459 2662; x_wconf 86' lang='lat' dir='ltr'>non</span> <span class='ocrx_word' id='word_1_220' title='bbox 1489 2619 1640 2676; x_wconf 86' lang='lat' dir='ltr'>esse,</span> <span class='ocrx_word' id='word_1_221' title='bbox 1671 2600 1915 2662; x_wconf 87' lang='lat' dir='ltr'>dicente</span> <span class='ocrx_word' id='word_1_222' title='bbox 1944 2600 2208 2663; x_wconf 87' lang='lat' dir='ltr'>domino</span> <span class='ocrx_word' id='word_1_223' title='bbox 2241 2601 2305 2662; x_wconf 90' lang='lat' dir='ltr'>in</span> <span class='ocrx_word' id='word_1_224' title='bbox 2337 2601 2569 2663; x_wconf 84' lang='lat' dir='ltr'>Ioanne</span> <span class='ocrx_word' id='word_1_225' title='bbox 2626 2622 2813 2663; x_wconf 81' lang='lat' dir='ltr'>unum</span> <span class='ocrx_word' id='word_1_226' title='bbox 2858 2601 3021 2663; x_wconf 80' lang='lat' dir='ltr'>ovile</span> <span class='ocrx_word' id='word_1_227' title='bbox 3062 2608 3124 2661; x_wconf 80' lang='lat' dir='ltr'>et</span> <span class='ocrx_word' id='word_1_228' title='bbox 3161 2602 3303 2662; x_wconf 80' lang='lat' dir='ltr'>uni-</span> 
     </span>
     <span class='ocr_line' id='line_1_22' title="bbox 687 2716 1339 2791; baseline -0.002 -21"><span class='ocrx_word' id='word_1_229' title='bbox 687 2729 826 2770; x_wconf 87' lang='lat' dir='ltr'>cum</span> <span class='ocrx_word' id='word_1_230' title='bbox 858 2730 990 2771; x_wconf 82' lang='lat' dir='ltr'>esse</span> <span class='ocrx_word' id='word_1_231' title='bbox 1004 2716 1339 2791; x_wconf 76' lang='lat' dir='ltr'>pastorem.</span> 
     </span>
     <span class='ocr_line' id='line_1_23' title="bbox 905 2815 3349 2898; baseline 0 -21"><span class='ocrx_word' id='word_1_232' title='bbox 905 2816 971 2877; x_wconf 87' lang='lat' dir='ltr'>ln</span> <span class='ocrx_word' id='word_1_233' title='bbox 1003 2817 1117 2878; x_wconf 80' lang='lat' dir='ltr'>hac</span> <span class='ocrx_word' id='word_1_234' title='bbox 1148 2816 1405 2897; x_wconf 89' lang='lat' dir='ltr'>eiusque</span> <span class='ocrx_word' id='word_1_235' title='bbox 1440 2830 1735 2897; x_wconf 85' lang='lat' dir='ltr'>potestate</span> <span class='ocrx_word' id='word_1_236' title='bbox 1766 2817 1968 2878; x_wconf 90' lang='lat' dir='ltr'>duos</span> <span class='ocrx_word' id='word_1_237' title='bbox 2001 2835 2133 2878; x_wconf 87' lang='lat' dir='ltr'>esse</span> <span class='ocrx_word' id='word_1_238' title='bbox 2176 2815 2523 2897; x_wconf 83' lang='lat' dir='ltr'>gladios.</span> <span class='ocrx_word' id='word_1_239' title='bbox 2571 2815 3084 2898; x_wconf 89' lang='lat' dir='ltr'>spiritualem</span> <span class='ocrx_word' id='word_1_240' title='bbox 3133 2815 3302 2877; x_wconf 83' lang='lat' dir='ltr'>vide·</span> <span class='ocrx_word' id='word_1_241' title='bbox 3346 2895 3349 2897; x_wconf 79' lang='lat'>.</span> 
     </span>
     <span class='ocr_line' id='line_1_24' title="bbox 691 2921 3300 3005; baseline -0 -21"><span class='ocrx_word' id='word_1_242' title='bbox 691 2923 832 2984; x_wconf 89' lang='lat' dir='ltr'>licet</span> <span class='ocrx_word' id='word_1_243' title='bbox 864 2940 922 2984; x_wconf 89' lang='lat' dir='ltr'>et</span> <span class='ocrx_word' id='word_1_244' title='bbox 951 2922 1377 3004; x_wconf 83' lang='lat' dir='ltr'>temporalem,</span> <span class='ocrx_word' id='word_1_245' title='bbox 1409 2923 1775 3002; x_wconf 81' lang='lat' dir='ltr'>evangelicis</span> <span class='ocrx_word' id='word_1_246' title='bbox 1807 2923 1984 2985; x_wconf 91' lang='lat' dir='ltr'>dictis</span> <span class='ocrx_word' id='word_1_247' title='bbox 2016 2922 2396 2987; x_wconf 86' lang='lat' dir='ltr'>instruimur.</span> <span class='ocrx_word' id='word_1_248' title='bbox 2431 2924 2592 2985; x_wconf 86' lang='lat' dir='ltr'>Nam</span> <span class='ocrx_word' id='word_1_249' title='bbox 2614 2923 2957 2985; x_wconf 87' lang='lat' dir='ltr'>dicentibus</span> <span class='ocrx_word' id='word_1_250' title='bbox 2975 2921 3300 3005; x_wconf 89' lang='lat' dir='ltr'>apostolis:</span> 
     </span>
     <span class='ocr_line' id='line_1_25' title="bbox 697 3028 3301 3112; baseline -0.001 -21"><span class='ocrx_word' id='word_1_251' title='bbox 697 3029 898 3091; x_wconf 78' lang='lat' dir='ltr'>«Ecce</span> <span class='ocrx_word' id='word_1_252' title='bbox 918 3031 1133 3109; x_wconf 79' lang='lat' dir='ltr'>gladii</span> <span class='ocrx_word' id='word_1_253' title='bbox 1159 3032 1277 3092; x_wconf 87' lang='lat' dir='ltr'>duo</span> <span class='ocrx_word' id='word_1_254' title='bbox 1308 3028 1477 3105; x_wconf 80' lang='lat' dir='ltr'>hic»,</span> <span class='ocrx_word' id='word_1_255' title='bbox 1522 3030 1588 3092; x_wconf 93' lang='lat' dir='ltr'>in</span> <span class='ocrx_word' id='word_1_256' title='bbox 1619 3030 1871 3091; x_wconf 91' lang='lat' dir='ltr'>ecclesia</span> <span class='ocrx_word' id='word_1_257' title='bbox 1915 3030 2161 3108; x_wconf 85' lang='lat' dir='ltr'>scilicet,</span> <span class='ocrx_word' id='word_1_258' title='bbox 2194 3048 2396 3111; x_wconf 89' lang='lat' dir='ltr'>quum</span> <span class='ocrx_word' id='word_1_259' title='bbox 2426 3030 2686 3112; x_wconf 89' lang='lat' dir='ltr'>apostoli</span> <span class='ocrx_word' id='word_1_260' title='bbox 2716 3030 3139 3112; x_wconf 76' lang='lat' dir='ltr'>loquerentur,</span> <span class='ocrx_word' id='word_1_261' title='bbox 3172 3046 3301 3090; x_wconf 87' lang='lat' dir='ltr'>non</span> 
     </span>
     <span class='ocr_line' id='line_1_26' title="bbox 575 3136 3302 3221; baseline 0.001 -26"><span class='ocrx_word' id='word_1_262' title='bbox 575 3163 639 3207; x_wconf 57' lang='grc' dir='ltr'><strong>η</strong></span> <span class='ocrx_word' id='word_1_263' title='bbox 696 3137 1012 3218; x_wconf 84' lang='lat' dir='ltr'>respondit</span> <span class='ocrx_word' id='word_1_264' title='bbox 1034 3137 1359 3216; x_wconf 84' lang='lat' dir='ltr'>Dominus,</span> <span class='ocrx_word' id='word_1_265' title='bbox 1379 3137 1563 3200; x_wconf 88' lang='lat' dir='ltr'>nimis</span> <span class='ocrx_word' id='word_1_266' title='bbox 1593 3158 1745 3217; x_wconf 90' lang='lat' dir='ltr'>esse,</span> <span class='ocrx_word' id='word_1_267' title='bbox 1780 3139 1887 3199; x_wconf 91' lang='lat' dir='ltr'>sed</span> <span class='ocrx_word' id='word_1_268' title='bbox 1922 3138 2083 3200; x_wconf 87' lang='lat' dir='ltr'>satis.</span> <span class='ocrx_word' id='word_1_269' title='bbox 2116 3138 2297 3201; x_wconf 90' lang='lat' dir='ltr'>Certe</span> <span class='ocrx_word' id='word_1_270' title='bbox 2329 3139 2437 3219; x_wconf 90' lang='lat' dir='ltr'>qui</span> <span class='ocrx_word' id='word_1_271' title='bbox 2469 3138 2532 3201; x_wconf 89' lang='lat' dir='ltr'>in</span> <span class='ocrx_word' id='word_1_272' title='bbox 2565 3153 2861 3221; x_wconf 88' lang='lat' dir='ltr'>potestate</span> <span class='ocrx_word' id='word_1_273' title='bbox 2882 3136 3041 3200; x_wconf 86' lang='lat' dir='ltr'>Petri</span> <span class='ocrx_word' id='word_1_274' title='bbox 3061 3153 3302 3217; x_wconf 87' lang='lat' dir='ltr'>tempo-</span> 
     </span>
     <span class='ocr_line' id='line_1_27' title="bbox 696 3241 3303 3327; baseline -0 -23"><span class='ocrx_word' id='word_1_275' title='bbox 696 3244 884 3305; x_wconf 89' lang='lat' dir='ltr'>ralem</span> <span class='ocrx_word' id='word_1_276' title='bbox 916 3244 1193 3326; x_wconf 83' lang='lat' dir='ltr'>gladium</span> <span class='ocrx_word' id='word_1_277' title='bbox 1225 3264 1357 3307; x_wconf 87' lang='lat' dir='ltr'>esse</span> <span class='ocrx_word' id='word_1_278' title='bbox 1390 3261 1591 3325; x_wconf 84' lang='lat' dir='ltr'>negat,</span> <span class='ocrx_word' id='word_1_279' title='bbox 1625 3245 1784 3307; x_wconf 89' lang='lat' dir='ltr'>male</span> <span class='ocrx_word' id='word_1_280' title='bbox 1815 3248 2076 3308; x_wconf 87' lang='lat' dir='ltr'>verbum</span> <span class='ocrx_word' id='word_1_281' title='bbox 2107 3246 2362 3308; x_wconf 84' lang='lat' dir='ltr'>attendit</span> <span class='ocrx_word' id='word_1_282' title='bbox 2384 3245 2639 3307; x_wconf 88' lang='lat' dir='ltr'>Domini</span> <span class='ocrx_word' id='word_1_283' title='bbox 2659 3244 3049 3327; x_wconf 86' lang='lat' dir='ltr'>proferentis:</span> <span class='ocrx_word' id='word_1_284' title='bbox 3089 3241 3303 3305; x_wconf 80' lang='lat' dir='ltr'>«Con-</span> 
     </span>
     <span class='ocr_line' id='line_1_28' title="bbox 695 3351 3302 3434; baseline -0 -23"><span class='ocrx_word' id='word_1_285' title='bbox 695 3357 858 3413; x_wconf 77' lang='lat' dir='ltr'>verte</span> <span class='ocrx_word' id='word_1_286' title='bbox 897 3351 1185 3431; x_wconf 80' lang='lat' dir='ltr'>gladium</span> <span class='ocrx_word' id='word_1_287' title='bbox 1235 3360 1400 3413; x_wconf 82' lang='lat' dir='ltr'>tuum</span> <span class='ocrx_word' id='word_1_288' title='bbox 1455 3355 1520 3414; x_wconf 84' lang='lat' dir='ltr'>in</span> <span class='ocrx_word' id='word_1_289' title='bbox 1571 3355 1921 3434; x_wconf 63' lang='lat' dir='ltr'>vaginam».</span> <span class='ocrx_word' id='word_1_290' title='bbox 2004 3353 2364 3434; x_wconf 88' lang='lat' dir='ltr'>Uterque</span> <span class='ocrx_word' id='word_1_291' title='bbox 2415 3372 2585 3432; x_wconf 88' lang='lat' dir='ltr'>ergo</span> <span class='ocrx_word' id='word_1_292' title='bbox 2623 3367 2714 3413; x_wconf 89' lang='lat' dir='ltr'>est</span> <span class='ocrx_word' id='word_1_293' title='bbox 2764 3353 2843 3414; x_wconf 89' lang='lat' dir='ltr'>in</span> <span class='ocrx_word' id='word_1_294' title='bbox 2902 3365 3302 3434; x_wconf 87' lang='lat' dir='ltr'>potestate</span> 
     </span>
     <span class='ocr_line' id='line_1_29' title="bbox 691 3457 3300 3540; baseline 0 -23"><span class='ocrx_word' id='word_1_295' title='bbox 691 3457 1122 3534; x_wconf 88' lang='lat' dir='ltr'>ecclesiae,</span> <span class='ocrx_word' id='word_1_296' title='bbox 1168 3457 1495 3540; x_wconf 84' lang='lat' dir='ltr'>spiritualis</span> <span class='ocrx_word' id='word_1_297' title='bbox 1524 3458 1752 3520; x_wconf 81' lang='lat' dir='ltr'>scilicet</span> <span class='ocrx_word' id='word_1_298' title='bbox 1780 3459 2025 3539; x_wconf 87' lang='lat' dir='ltr'>gladius</span> <span class='ocrx_word' id='word_1_299' title='bbox 2057 3475 2117 3521; x_wconf 93' lang='lat' dir='ltr'>et</span> <span class='ocrx_word' id='word_1_300' title='bbox 2147 3458 2491 3521; x_wconf 85' lang='lat' dir='ltr'>materialis.</span> <span class='ocrx_word' id='word_1_301' title='bbox 2528 3459 2650 3522; x_wconf 89' lang='lat' dir='ltr'>Sed</span> <span class='ocrx_word' id='word_1_302' title='bbox 2683 3459 2734 3520; x_wconf 93' lang='lat' dir='ltr'>is</span> <span class='ocrx_word' id='word_1_303' title='bbox 2766 3459 3023 3540; x_wconf 89' lang='lat' dir='ltr'>quidem</span> <span class='ocrx_word' id='word_1_304' title='bbox 3055 3475 3170 3540; x_wconf 92' lang='lat' dir='ltr'>pro</span> <span class='ocrx_word' id='word_1_305' title='bbox 3201 3475 3300 3518; x_wconf 90' lang='lat' dir='ltr'>ec-</span> 
     </span>
     <span class='ocr_line' id='line_1_30' title="bbox 695 3564 3305 3644; baseline -0 -20"><span class='ocrx_word' id='word_1_306' title='bbox 695 3564 894 3641; x_wconf 88' lang='lat' dir='ltr'>clesia,</span> <span class='ocrx_word' id='word_1_307' title='bbox 942 3564 1040 3625; x_wconf 89' lang='lat' dir='ltr'>ille</span> <span class='ocrx_word' id='word_1_308' title='bbox 1084 3585 1231 3627; x_wconf 85' lang='lat' dir='ltr'>vero</span> <span class='ocrx_word' id='word_1_309' title='bbox 1276 3567 1352 3627; x_wconf 85' lang='lat' dir='ltr'>ab</span> <span class='ocrx_word' id='word_1_310' title='bbox 1397 3565 1651 3627; x_wconf 90' lang='lat' dir='ltr'>ecclesia</span> <span class='ocrx_word' id='word_1_311' title='bbox 1696 3566 2092 3628; x_wconf 86' lang='lat' dir='ltr'>exercendus.</span> <span class='ocrx_word' id='word_1_312' title='bbox 2151 3565 2250 3628; x_wconf 85' lang='lat' dir='ltr'>me</span> <span class='ocrx_word' id='word_1_313' title='bbox 2283 3566 2631 3643; x_wconf 89' lang='lat' dir='ltr'>sacerdotis,</span> <span class='ocrx_word' id='word_1_314' title='bbox 2678 3566 2728 3628; x_wconf 92' lang='lat' dir='ltr'>is</span> <span class='ocrx_word' id='word_1_315' title='bbox 2774 3585 2966 3628; x_wconf 89' lang='lat' dir='ltr'>manu</span> <span class='ocrx_word' id='word_1_316' title='bbox 2999 3582 3216 3644; x_wconf 89' lang='lat' dir='ltr'>regum</span> <span class='ocrx_word' id='word_1_317' title='bbox 3248 3578 3305 3624; x_wconf 90' lang='lat' dir='ltr'>et</span> 
     </span>
     <span class='ocr_line' id='line_1_31' title="bbox 576 3670 3304 3755; baseline 0 -25"><span class='ocrx_word' id='word_1_318' title='bbox 576 3698 642 3743; x_wconf 81' lang='lat'>-30</span> <span class='ocrx_word' id='word_1_319' title='bbox 697 3670 983 3749; x_wconf 89' lang='lat' dir='ltr'>militum,</span> <span class='ocrx_word' id='word_1_320' title='bbox 1013 3673 1120 3734; x_wconf 90' lang='lat' dir='ltr'>sed</span> <span class='ocrx_word' id='word_1_321' title='bbox 1153 3672 1231 3734; x_wconf 89' lang='lat' dir='ltr'>ad</span> <span class='ocrx_word' id='word_1_322' title='bbox 1265 3688 1492 3735; x_wconf 85' lang='lat' dir='ltr'>nutum</span> <span class='ocrx_word' id='word_1_323' title='bbox 1523 3687 1582 3733; x_wconf 90' lang='lat' dir='ltr'>et</span> <span class='ocrx_word' id='word_1_324' title='bbox 1611 3672 1964 3753; x_wconf 87' lang='lat' dir='ltr'>patientiam</span> <span class='ocrx_word' id='word_1_325' title='bbox 1987 3673 2336 3736; x_wconf 85' lang='lat' dir='ltr'>sacerdotis.</span> <span class='ocrx_word' id='word_1_326' title='bbox 2370 3673 2634 3755; x_wconf 89' lang='lat' dir='ltr'>Oportet</span> <span class='ocrx_word' id='word_1_327' title='bbox 2652 3689 2859 3736; x_wconf 90' lang='lat' dir='ltr'>autem</span> <span class='ocrx_word' id='word_1_328' title='bbox 2877 3671 3154 3754; x_wconf 89' lang='lat' dir='ltr'>gladium</span> <span class='ocrx_word' id='word_1_329' title='bbox 3173 3689 3304 3731; x_wconf 89' lang='lat' dir='ltr'>esse</span> 
     </span>
     <span class='ocr_line' id='line_1_32' title="bbox 693 3777 3298 3862; baseline -0 -24"><span class='ocrx_word' id='word_1_330' title='bbox 693 3778 810 3838; x_wconf 93' lang='lat' dir='ltr'>sub</span> <span class='ocrx_word' id='word_1_331' title='bbox 829 3778 1056 3857; x_wconf 89' lang='lat' dir='ltr'>gladi0‚</span> <span class='ocrx_word' id='word_1_332' title='bbox 1078 3795 1137 3840; x_wconf 94' lang='lat' dir='ltr'>et</span> <span class='ocrx_word' id='word_1_333' title='bbox 1155 3777 1560 3859; x_wconf 89' lang='lat' dir='ltr'>temporalem</span> <span class='ocrx_word' id='word_1_334' title='bbox 1579 3779 2000 3841; x_wconf 88' lang='lat' dir='ltr'>auctoritatem</span> <span class='ocrx_word' id='word_1_335' title='bbox 2021 3780 2319 3861; x_wconf 90' lang='lat' dir='ltr'>spirituali</span> <span class='ocrx_word' id='word_1_336' title='bbox 2338 3780 2554 3842; x_wconf 90' lang='lat' dir='ltr'>subiici</span> <span class='ocrx_word' id='word_1_337' title='bbox 2577 3780 2875 3862; x_wconf 88' lang='lat' dir='ltr'>potestati.</span> <span class='ocrx_word' id='word_1_338' title='bbox 2913 3780 3073 3841; x_wconf 90' lang='lat' dir='ltr'>Nam</span> <span class='ocrx_word' id='word_1_339' title='bbox 3094 3794 3298 3859; x_wconf 91' lang='lat' dir='ltr'>quum</span> 
     </span>
     <span class='ocr_line' id='line_1_33' title="bbox 694 3884 3303 3975; baseline 0 -30"><span class='ocrx_word' id='word_1_340' title='bbox 694 3884 855 3946; x_wconf 89' lang='lat' dir='ltr'>dicat</span> <span class='ocrx_word' id='word_1_341' title='bbox 873 3885 1227 3966; x_wconf 87' lang='lat' dir='ltr'>apostolus:</span> <span class='ocrx_word' id='word_1_342' title='bbox 1270 3884 1443 3946; x_wconf 79' lang='lat' dir='ltr'>«Non</span> <span class='ocrx_word' id='word_1_343' title='bbox 1475 3891 1572 3946; x_wconf 80' lang='lat' dir='ltr'>est</span> <span class='ocrx_word' id='word_1_344' title='bbox 1582 3892 1863 3966; x_wconf 81' lang='lat' dir='ltr'>potestas</span> <span class='ocrx_word' id='word_1_345' title='bbox 1894 3889 2027 3948; x_wconf 80' lang='lat' dir='ltr'>nisi</span> <span class='ocrx_word' id='word_1_346' title='bbox 2052 3909 2091 3947; x_wconf 88' lang='lat' dir='ltr'>a</span> <span class='ocrx_word' id='word_1_347' title='bbox 2124 3887 2260 3948; x_wconf 81' lang='lat' dir='ltr'>Deo</span> <span class='ocrx_word' id='word_1_348' title='bbox 2272 3911 2303 3975; x_wconf 62' lang='lat' dir='ltr'>,f</span> <span class='ocrx_word' id='word_1_349' title='bbox 2342 3909 2497 3968; x_wconf 83' lang='lat' dir='ltr'>quae</span> <span class='ocrx_word' id='word_1_350' title='bbox 2525 3895 2725 3949; x_wconf 84' lang='lat' dir='ltr'>autem</span> <span class='ocrx_word' id='word_1_351' title='bbox 2757 3893 2926 3959; x_wconf 85' lang='lat' dir='ltr'>sunt,</span> <span class='ocrx_word' id='word_1_352' title='bbox 2959 3909 2998 3948; x_wconf 84' lang='lat' dir='ltr'>a</span> <span class='ocrx_word' id='word_1_353' title='bbox 3029 3886 3165 3947; x_wconf 85' lang='lat' dir='ltr'>Deo</span> <span class='ocrx_word' id='word_1_354' title='bbox 3195 3905 3303 3946; x_wconf 79' lang='lat' dir='ltr'>or-</span> 
     </span>
     <span class='ocr_line' id='line_1_34' title="bbox 695 3991 3304 4078; baseline 0.001 -26"><span class='ocrx_word' id='word_1_355' title='bbox 695 3992 910 4052; x_wconf 83' lang='lat' dir='ltr'>dinata</span> <span class='ocrx_word' id='word_1_356' title='bbox 953 3999 1160 4067; x_wconf 80' lang='lat' dir='ltr'>sunt»,</span> <span class='ocrx_word' id='word_1_357' title='bbox 1219 4009 1348 4053; x_wconf 90' lang='lat' dir='ltr'>non</span> <span class='ocrx_word' id='word_1_358' title='bbox 1392 3991 1673 4054; x_wconf 87' lang='lat' dir='ltr'>ordinata</span> <span class='ocrx_word' id='word_1_359' title='bbox 1718 4009 1939 4068; x_wconf 86' lang='lat' dir='ltr'>essent,</span> <span class='ocrx_word' id='word_1_360' title='bbox 1981 3994 2096 4055; x_wconf 91' lang='lat' dir='ltr'>nisi</span> <span class='ocrx_word' id='word_1_361' title='bbox 2143 3995 2383 4074; x_wconf 85' lang='lat' dir='ltr'>gladius</span> <span class='ocrx_word' id='word_1_362' title='bbox 2429 4010 2588 4056; x_wconf 88' lang='lat' dir='ltr'>esset</span> <span class='ocrx_word' id='word_1_363' title='bbox 2616 3997 2733 4057; x_wconf 91' lang='lat' dir='ltr'>sub</span> <span class='ocrx_word' id='word_1_364' title='bbox 2764 3994 2996 4078; x_wconf 90' lang='lat' dir='ltr'>gladio,</span> <span class='ocrx_word' id='word_1_365' title='bbox 3043 4009 3102 4056; x_wconf 92' lang='lat' dir='ltr'>et</span> <span class='ocrx_word' id='word_1_366' title='bbox 3147 4008 3304 4054; x_wconf 88' lang='lat' dir='ltr'>tam-</span> 
     </span>
     <span class='ocr_line' id='line_1_35' title="bbox 696 4096 3306 4182; baseline 0.002 -25"><span class='ocrx_word' id='word_1_367' title='bbox 696 4114 885 4178; x_wconf 87' lang='lat' dir='ltr'>quam</span> <span class='ocrx_word' id='word_1_368' title='bbox 920 4096 1175 4158; x_wconf 90' lang='lat' dir='ltr'>inferior</span> <span class='ocrx_word' id='word_1_369' title='bbox 1207 4098 1606 4160; x_wconf 89' lang='lat' dir='ltr'>reduceretur</span> <span class='ocrx_word' id='word_1_370' title='bbox 1635 4117 1747 4180; x_wconf 92' lang='lat' dir='ltr'>per</span> <span class='ocrx_word' id='word_1_371' title='bbox 1777 4100 1968 4162; x_wconf 90' lang='lat' dir='ltr'>alium</span> <span class='ocrx_word' id='word_1_372' title='bbox 2002 4101 2065 4161; x_wconf 89' lang='lat' dir='ltr'>in</span> <span class='ocrx_word' id='word_1_373' title='bbox 2098 4119 2405 4182; x_wconf 89' lang='lat' dir='ltr'>suprema.</span> <span class='ocrx_word' id='word_1_374' title='bbox 2481 4102 2642 4162; x_wconf 89' lang='lat' dir='ltr'>Nam</span> <span class='ocrx_word' id='word_1_375' title='bbox 2672 4101 3021 4163; x_wconf 90' lang='lat' dir='ltr'>secundum</span> <span class='ocrx_word' id='word_1_376' title='bbox 3053 4102 3121 4163; x_wconf 91' lang='lat' dir='ltr'>B.</span> <span class='ocrx_word' id='word_1_377' title='bbox 3154 4098 3306 4161; x_wconf 91' lang='lat' dir='ltr'>Dio-</span> 
     </span>
     <span class='ocr_line' id='line_1_36' title="bbox 494 4204 3305 4289; baseline 0 -23"><span class='ocrx_word' id='word_1_378' title='bbox 494 4236 502 4243; x_wconf 93' lang='lat'><strong>·</strong></span> <span class='ocrx_word' id='word_1_379' title='bbox 576 4231 640 4276; x_wconf 70' lang='lat'>&#39;35</span> <span class='ocrx_word' id='word_1_380' title='bbox 696 4204 947 4288; x_wconf 84' lang='lat' dir='ltr'>nysium</span> <span class='ocrx_word' id='word_1_381' title='bbox 992 4206 1088 4266; x_wconf 86' lang='lat' dir='ltr'>lex</span> <span class='ocrx_word' id='word_1_382' title='bbox 1135 4205 1462 4268; x_wconf 84' lang='lat' dir='ltr'>divinitatis</span> <span class='ocrx_word' id='word_1_383' title='bbox 1494 4223 1582 4268; x_wconf 91' lang='lat' dir='ltr'>est</span> <span class='ocrx_word' id='word_1_384' title='bbox 1614 4206 1824 4268; x_wconf 87' lang='lat' dir='ltr'>infima</span> <span class='ocrx_word' id='word_1_385' title='bbox 1859 4228 1967 4289; x_wconf 90' lang='lat' dir='ltr'>per</span> <span class='ocrx_word' id='word_1_386' title='bbox 2012 4208 2216 4270; x_wconf 86' lang='lat' dir='ltr'>media</span> <span class='ocrx_word' id='word_1_387' title='bbox 2247 4207 2314 4269; x_wconf 91' lang='lat' dir='ltr'>in</span> <span class='ocrx_word' id='word_1_388' title='bbox 2345 4227 2636 4289; x_wconf 89' lang='lat' dir='ltr'>suprema</span> <span class='ocrx_word' id='word_1_389' title='bbox 2669 4208 2898 4271; x_wconf 90' lang='lat' dir='ltr'>reduci.</span> <span class='ocrx_word' id='word_1_390' title='bbox 2976 4208 3125 4270; x_wconf 91' lang='lat' dir='ltr'>Non</span> <span class='ocrx_word' id='word_1_391' title='bbox 3156 4225 3305 4286; x_wconf 86' lang='lat' dir='ltr'>ergo</span> 
     </span>
     <span class='ocr_line' id='line_1_37' title="bbox 696 4294 3307 4395; baseline 0.001 -24"><span class='ocrx_word' id='word_1_392' title='bbox 696 4294 1047 4385; x_wconf 76' lang='lat' dir='ltr'>secundum</span> <span class='ocrx_word' id='word_1_393' title='bbox 1097 4313 1378 4377; x_wconf 89' lang='lat' dir='ltr'>ordinem</span> <span class='ocrx_word' id='word_1_394' title='bbox 1427 4314 1697 4375; x_wconf 89' lang='lat' dir='ltr'>universi</span> <span class='ocrx_word' id='word_1_395' title='bbox 1747 4315 1961 4376; x_wconf 90' lang='lat' dir='ltr'>omnia</span> <span class='ocrx_word' id='word_1_396' title='bbox 2012 4334 2211 4395; x_wconf 85' lang='lat' dir='ltr'>aeque</span> <span class='ocrx_word' id='word_1_397' title='bbox 2259 4333 2329 4377; x_wconf 92' lang='lat' dir='ltr'>ac</span> <span class='ocrx_word' id='word_1_398' title='bbox 2378 4315 2748 4393; x_wconf 84' lang='lat' dir='ltr'>immediate,</span> <span class='ocrx_word' id='word_1_399' title='bbox 2790 4315 2898 4378; x_wconf 89' lang='lat' dir='ltr'>sed</span> <span class='ocrx_word' id='word_1_400' title='bbox 2945 4315 3157 4377; x_wconf 85' lang='lat' dir='ltr'>infima</span> <span class='ocrx_word' id='word_1_401' title='bbox 3202 4330 3307 4394; x_wconf 88' lang='lat' dir='ltr'>per</span> 
     </span>
     <span class='ocr_line' id='line_1_38' title="bbox 697 4418 3304 4504; baseline 0.001 -26"><span class='ocrx_word' id='word_1_402' title='bbox 697 4418 898 4479; x_wconf 89' lang='lat' dir='ltr'>media</span> <span class='ocrx_word' id='word_1_403' title='bbox 946 4434 1006 4480; x_wconf 89' lang='lat' dir='ltr'>et</span> <span class='ocrx_word' id='word_1_404' title='bbox 1054 4419 1342 4481; x_wconf 86' lang='lat' dir='ltr'>inferiora</span> <span class='ocrx_word' id='word_1_405' title='bbox 1375 4440 1484 4502; x_wconf 90' lang='lat' dir='ltr'>per</span> <span class='ocrx_word' id='word_1_406' title='bbox 1515 4422 1835 4502; x_wconf 88' lang='lat' dir='ltr'>superiora</span> <span class='ocrx_word' id='word_1_407' title='bbox 1868 4422 1944 4483; x_wconf 91' lang='lat' dir='ltr'>ad</span> <span class='ocrx_word' id='word_1_408' title='bbox 1977 4422 2263 4484; x_wconf 88' lang='lat' dir='ltr'>ordinem</span> <span class='ocrx_word' id='word_1_409' title='bbox 2307 4424 2708 4485; x_wconf 90' lang='lat' dir='ltr'>reducuntur.</span> <span class='ocrx_word' id='word_1_410' title='bbox 2783 4419 3304 4504; x_wconf 89' lang='lat' dir='ltr'>Spiritualem</span> 
     </span>
     <span class='ocr_line' id='line_1_39' title="bbox 696 4527 3305 4611; baseline 0 -23"><span class='ocrx_word' id='word_1_411' title='bbox 696 4541 902 4588; x_wconf 90' lang='lat' dir='ltr'>autem</span> <span class='ocrx_word' id='word_1_412' title='bbox 956 4543 1014 4588; x_wconf 95' lang='lat' dir='ltr'>et</span> <span class='ocrx_word' id='word_1_413' title='bbox 1046 4527 1340 4607; x_wconf 89' lang='lat' dir='ltr'>dignitate</span> <span class='ocrx_word' id='word_1_414' title='bbox 1388 4544 1447 4589; x_wconf 90' lang='lat' dir='ltr'>et</span> <span class='ocrx_word' id='word_1_415' title='bbox 1493 4527 1808 4591; x_wconf 89' lang='lat' dir='ltr'>nobilitate</span> <span class='ocrx_word' id='word_1_416' title='bbox 1862 4544 2261 4597; x_wconf 87' lang='lat' dir='ltr'>terrenam</span> <span class='ocrx_word' id='word_1_417' title='bbox 2313 4529 2759 4610; x_wconf 86' lang='lat' dir='ltr'>quamlibet</span> <span class='ocrx_word' id='word_1_418' title='bbox 2808 4527 3305 4611; x_wconf 89' lang='lat' dir='ltr'>praecellere</span> 
     </span>
     <span class='ocr_line' id='line_1_40' title="bbox 693 4634 3306 4717; baseline 0.001 -22"><span class='ocrx_word' id='word_1_419' title='bbox 693 4649 1212 4716; x_wconf 84' lang='lat' dir='ltr'>potestatem,</span> <span class='ocrx_word' id='word_1_420' title='bbox 1259 4649 1503 4716; x_wconf 91' lang='lat' dir='ltr'>oportet</span> <span class='ocrx_word' id='word_1_421' title='bbox 1545 4649 1719 4697; x_wconf 86' lang='lat' dir='ltr'>tanto</span> <span class='ocrx_word' id='word_1_422' title='bbox 1763 4634 1988 4696; x_wconf 87' lang='lat' dir='ltr'>clarius</span> <span class='ocrx_word' id='word_1_423' title='bbox 2033 4655 2149 4697; x_wconf 88' lang='lat' dir='ltr'>nos</span> <span class='ocrx_word' id='word_1_424' title='bbox 2193 4636 2386 4713; x_wconf 84' lang='lat' dir='ltr'>fateri,</span> <span class='ocrx_word' id='word_1_425' title='bbox 2429 4652 2668 4717; x_wconf 89' lang='lat' dir='ltr'>quanto</span> <span class='ocrx_word' id='word_1_426' title='bbox 2698 4634 3034 4717; x_wconf 90' lang='lat' dir='ltr'>spiritualia</span> <span class='ocrx_word' id='word_1_427' title='bbox 3064 4650 3306 4716; x_wconf 88' lang='lat' dir='ltr'>tempo·</span> 
     </span>
     <span class='ocr_line' id='line_1_41' title="bbox 575 4739 3381 4821; baseline -0.001 -15"><span class='ocrx_word' id='word_1_428' title='bbox 575 4765 645 4806; x_wconf 65' lang='grc' dir='ltr'>4ο</span> <span class='ocrx_word' id='word_1_429' title='bbox 696 4740 842 4802; x_wconf 90' lang='lat' dir='ltr'>ralia</span> <span class='ocrx_word' id='word_1_430' title='bbox 886 4740 1280 4803; x_wconf 79' lang='lat' dir='ltr'>antecellunt.</span> <span class='ocrx_word' id='word_1_431' title='bbox 1342 4739 1536 4816; x_wconf 93' lang='lat' dir='ltr'>Quod</span> <span class='ocrx_word' id='word_1_432' title='bbox 1588 4740 1792 4803; x_wconf 87' lang='lat' dir='ltr'>etiam·</span> <span class='ocrx_word' id='word_1_433' title='bbox 1819 4762 1894 4803; x_wconf 87' lang='lat' dir='ltr'>ex</span> <span class='ocrx_word' id='word_1_434' title='bbox 1943 4741 2327 4804; x_wconf 88' lang='lat' dir='ltr'>decimarum</span> <span class='ocrx_word' id='word_1_435' title='bbox 2358 4741 2627 4821; x_wconf 85' lang='lat' dir='ltr'>datione,</span> <span class='ocrx_word' id='word_1_436' title='bbox 2662 4757 2720 4804; x_wconf 91' lang='lat' dir='ltr'>et</span> <span class='ocrx_word' id='word_1_437' title='bbox 2751 4741 3200 4820; x_wconf 88' lang='lat' dir='ltr'>benedictione,</span> <span class='ocrx_word' id='word_1_438' title='bbox 3248 4756 3307 4802; x_wconf 90' lang='lat' dir='ltr'>et</span> <span class='ocrx_word' id='word_1_439' title='bbox 3378 4766 3381 4773; x_wconf 54' lang='lat'><strong><em>⁴</em></strong></span> 
     </span>
     <span class='ocr_line' id='line_1_42' title="bbox 695 4847 3307 4931; baseline -0 -21"><span class='ocrx_word' id='word_1_440' title='bbox 695 4848 1192 4923; x_wconf 80' lang='lat' dir='ltr'>sanctificatione,</span> <span class='ocrx_word' id='word_1_441' title='bbox 1240 4867 1315 4909; x_wconf 87' lang='lat' dir='ltr'>ex</span> <span class='ocrx_word' id='word_1_442' title='bbox 1346 4847 1538 4929; x_wconf 83' lang='lat' dir='ltr'>ipsius</span> <span class='ocrx_word' id='word_1_443' title='bbox 1570 4847 1883 4928; x_wconf 87' lang='lat' dir='ltr'>potestatis</span> <span class='ocrx_word' id='word_1_444' title='bbox 1912 4849 2284 4930; x_wconf 78' lang='lat' dir='ltr'>acceptione,</span> <span class='ocrx_word' id='word_1_445' title='bbox 2332 4869 2407 4910; x_wconf 85' lang='lat' dir='ltr'>ex</span> <span class='ocrx_word' id='word_1_446' title='bbox 2452 4850 2966 4931; x_wconf 77' lang='lat' dir='ltr'>ipsarumrerum</span> <span class='ocrx_word' id='word_1_447' title='bbox 2996 4850 3307 4928; x_wconf 82' lang='lat' dir='ltr'>guberna-</span> 
     </span>
     <span class='ocr_line' id='line_1_43' title="bbox 695 4950 3304 5038; baseline 0.001 -21"><span class='ocrx_word' id='word_1_448' title='bbox 695 4955 863 5018; x_wconf 85' lang='lat' dir='ltr'>tione</span> <span class='ocrx_word' id='word_1_449' title='bbox 891 4950 1299 5017; x_wconf 71' lang='lat' dir='ltr'>claris‘oc-ulis</span> <span class='ocrx_word' id='word_1_450' title='bbox 1328 4954 1663 5015; x_wconf 88' lang='lat' dir='ltr'>intuemur.</span> <span class='ocrx_word' id='word_1_451' title='bbox 1725 4955 1908 5035; x_wconf 88' lang='lat' dir='ltr'>Nam,</span> <span class='ocrx_word' id='word_1_452' title='bbox 1939 4956 2184 5017; x_wconf 85' lang='lat' dir='ltr'>veritate</span> <span class='ocrx_word' id='word_1_453' title='bbox 2217 4970 2495 5032; x_wconf 89' lang='lat' dir='ltr'>testante,</span> <span class='ocrx_word' id='word_1_454' title='bbox 2528 4955 2859 5038; x_wconf 88' lang='lat' dir='ltr'>spiritualis</span> <span class='ocrx_word' id='word_1_455' title='bbox 2886 4970 3151 5038; x_wconf 85' lang='lat' dir='ltr'>potestas</span> <span class='ocrx_word' id='word_1_456' title='bbox 3178 4970 3304 5019; x_wconf 78' lang='lat' dir='ltr'>ter-,-</span> 
     </span>
    </p>
   </div>
  </div>
 </body>
</html>
