3684 5416
606 418 710 483 374
1753 400 2075 455 Ordinatio.

1152 637 1208 693 b)
1264 647 1308 685 c.
1347 650 1399 698 4.
1437 630 1505 684 dc
1540 634 1803 685 sententia
1839 633 2431 685 excommumcattbnis.
2472 632 2541 684 V.
2584 649 2666 702 39.

817 771 847 800 ‘
886 772 1046 844 Corp.
1074 775 1180 827 ίαν.
1206 791 1326 827 can.
1367 773 1454 827 ed.
1493 772 1859 827 Friedber
1872 790 1926 844 g.
1966 774 2141 827 Tom.
2180 772 2241 827 11.
2284 772 2391 826 col.
2431 772 2553 843 890.

604 895 716 965 Qui
757 896 1002 968 percutit
1041 896 1333 965 clericum,
1360 896 1632 968 ignorans
1661 895 2035 968 probabiliter
2063 914 2197 951 eum
2224 895 2512 966 clericum,
2539 895 3069 951 excommunicatus
3097 915 3221 955 non

602 990 717 1047 est3
768 976 1153 1048 ignorantiam
1195 990 1394 1031 tamen
1432 978 1679 1048 probare
1721 977 1898 1031 debet
1936 993 2040 1047 per
2064 975 2468 1045 iuramentum,
2496 989 2571 1043 et,
2596 975 2643 1030 si
2668 976 2781 1031 hoc
2810 989 3101 1047 praestare
3128 994 3219 1031 re-

526 1075 547 1117 5
1268 1073 1446 1125 cusat,
1472 1077 1577 1130 pro
1607 1058 2112 1113 excommunicato
2140 1057 2339 1112 haberi
2365 1058 2554 1113 debet.

817 1170 881 1233 Si
912 1189 1059 1233 vero
1092 1169 1312 1250 aliquis
1344 1171 1408 1231 in
1441 1171 1729 1232 clericum
1764 1171 2143 1233 nutrientem
2174 1189 2441 1248 comam,
2476 1173 2798 1251 ignotam,
2830 1171 2996 1250 quod
3022 1170 3217 1230 cleri-

601 1297 709 1337 cus
738 1279 971 1355 suerit,
1023 1294 1246 1337 manus
1295 1276 1569 1337 iniecerit
1619 1276 1935 1353 violentas,
1988 1291 2239 1358 propter
2290 1277 2411 1341 hoc
2463 1294 2593 1336 non
2644 1275 2823 1337 debet
2873 1277 3213 1357 apostolico

603 1382 976 1463 praesentari
1025 1382 1409 1463 conspectui,
1464 1402 1577 1444 nec
1628 1384 1812 1445 etiam
1873 1383 2517 1445 excommunicatione
2582 1383 2798 1459 notari,
2860 1384 3214 1445 dummodo

602 1486 808 1569 ipsum
854 1508 984 1550 esse
1031 1488 1323 1550 clericum
1368 1488 1754 1567 ignoraverit,
1801 1491 1914 1569 vel,
1959 1490 2009 1552 si
2065 1491 2185 1551 hoc
2216 1488 2480 1550 dubium
2514 1488 2712 1558 fuerit,
2747 1490 2992 1570 propria
3026 1506 3219 1551 mann

504 1616 550 1646 ¹0
605 1596 896 1656 duntaxat
942 1595 1299 1677 praestiterit
1345 1597 1785 1674 iuramentum,
1820 1596 1996 1677 quod
2030 1616 2176 1658 eum
2211 1616 2342 1657 esse
2375 1595 2663 1657 clericum
2698 1595 3055 1677 ignorasset.
3120 1599 3217 1657 Ab

605 1703 711 1764 illo
743 1718 971 1774 autem,
1005 1703 1055 1763 si
1087 1720 1389 1784 praestare
1423 1704 1694 1765 noluerit
1724 1703 2170 1783 iuramentum,
2221 1702 2364 1783 quia
2397 1702 2694 1764 violentas
2727 1722 2951 1763 manus
2984 1718 3221 1764 constat

605 1828 754 1870 eum
785 1809 849 1869 in
870 1808 1163 1871 clericum
1182 1810 1479 1895 inieci-sse,
1500 1811 1658 1872 sicut
1678 1814 1753 1873 ab
1775 1809 2329 1888 excommunicatO,
2351 1812 2554 1871 donec
2574 1811 2650 1870 de
2672 1809 2963 1871 mandato
2987 1809 3217 1870 summi

606 1915 919 1977 Pontificis
950 1918 1321 1997 absolvatur,
1352 1918 1645 1980 convenit
1675 1917 1985 1980 abstineri.

1101 2114 1161 2173 c)
1213 2124 1260 2162 c.
1300 2126 1349 2177 7.
1390 2108 1457 2162 X.
1496 2109 1562 2161 dc
1598 2110 1863 2161 sententia
1900 2110 2478 2161 excommunicationis,
2533 2106 2605 2161 V.
2644 2123 2727 2178 39.

509 2264 550 2306 ¹5
819 2251 849 2280 ‘
888 2254 1048 2324 Corp.
1086 2256 1191 2307 iur.
1230 2270 1350 2306 can.
1391 2253 1482 2306 ed.
1521 2252 1954 2323 Friedberg.
1994 2253 2170 2307 Tom.
2210 2250 2272 2305 ΙΙ.
2312 2252 2420 2308 col.
2448 2251 2569 2323 891.

611 2376 1158 2431 Excommunicatus
1199 2394 1301 2448 per
1343 2376 1709 2432 iniectionem
1741 2393 2017 2430 manuum
2045 2376 2099 2431 in
2130 2376 2419 2442 clericum,
2443 2375 2575 2430 licet
2603 2375 2882 2443 occultuS,
2909 2375 3221 2429 absolvitur

1639 2474 1741 2528 per
1766 2457 1959 2513 solum
1987 2458 2223 2529 Papam.

823 2580 1035 2656 Porro,
1086 2579 1134 2639 si
1185 2579 1376 2659 aliqui
1428 2579 1726 2657 violentas
1777 2600 2000 2641 manus
2050 2580 2115 2641 in
2167 2579 2375 2640 fratres
2426 2598 2575 2639 suos
2620 2579 2920 2656 iniiciunt,
2955 2597 3012 2641 et
3045 2580 3213 2641 ducti

608 2686 1005 2770 poenitentia,
1041 2706 1169 2748 non
1203 2687 1485 2766 convicti,
1519 2688 1621 2747 sed
1659 2687 1963 2769 privatim,
1998 2689 2161 2749 sicut
2188 2689 2441 2762 asseris,
2473 2707 2503 2747 a
2540 2703 2594 2748 te
2618 2687 2858 2748 veniam
2882 2688 3218 2770 postulant,

503 2833 556 2864 20
610 2816 715 2856 eos
761 2814 1017 2855 monere
1063 2795 1249 2854 debes
1267 2795 1644 2876 propensius
1677 2809 1735 2853 et
1768 2793 2083 2872 inducere,
2135 2811 2199 2854 ut
2231 2793 2349 2873 his,
2382 2813 2544 2873 quos
2576 2791 2905 2865 laeserunt,
2941 2815 3214 2876 congrue

608 2901 990 2976 satisfaciant,
1022 2916 1080 2961 et
1111 2900 1450 2981 apostolico
1482 2920 1546 2960 se
1580 2902 1938 2980 conspectui
1970 2915 2447 2982 sepraesentent,
2483 2919 2685 2980 quum
2718 2921 2750 2960 a
2782 2919 2840 2960 te
2875 2901 2966 2960 vel
3001 2902 3077 2961 ab
3099 2901 3220 2961 alio

608 3007 877 3089 quolibet
903 3007 1033 3067 sine
1065 3006 1309 3087 speciali
1341 3007 1634 3067 mandato
1671 3007 1937 3068 Romani
1973 3009 2285 3071 Pontificis
2318 3007 2548 3069 absolvi
2584 3026 2713 3068 non
2748 3007 2999 3089 possint.

1353 3276 1406 3356 β)
1454 3271 1926 3357 Privilegt'um
1976 3274 2469 3352 immunitatis.

1106 3482 1232 3539 144.
1286 3483 1708 3539 coxcmmm
1746 3483 2298 3538 LATERANENSE
2334 3483 2459 3538 111.
2500 3481 2717 3552 (1179).

499 3648 548 3691 25
749 3641 796 3677 c.
835 3643 884 3697 7.
926 3649 994 3671 =
1033 3643 1079 3680 c.
1117 3645 1170 3696 4.
1209 3627 1276 3682 X.
1315 3628 1382 3679 dc
1418 3629 1759 3680 immunitate
1795 3629 2177 3694 ecclesiarum,
2215 3629 2525 3680 coemeterii
2554 3630 2611 3679 et
2644 3644 2833 3680 rerum
2873 3628 2951 3679 ad
2984 3646 3077 3681 vas

1555 3710 1963 3778 pertinentium.
2002 3707 2088 3760 111.
2125 3724 2213 3778 49.

818 3827 848 3856 ‘
901 3829 1060 3900 Corp.
1099 3831 1188 3883 t'ur
1225 3847 1344 3883 can.
1399 3830 1488 3883 ed.
1541 3829 1974 3899 Friedberg.
2026 3832 2201 3885 Tom.
2229 3831 2290 3884 11.
2332 3831 2439 3886 col.
2480 3831 2597 3902 654.
2679 3829 2977 3892 Hefele‚
3019 3830 3207 3886 Conci-

601 3907 1032 3977 Itcngeschicltte.
1070 3911 1244 3964 Torn.
1271 3911 1342 3965 V.
1382 3928 1437 3982 p.
1464 3929 1591 3980 7¹0·

603 4049 772 4115 Laici,
813 4052 1081 4106 collectas
1120 4053 1485 4124 imponentes
1525 4052 1738 4107 clericis
1778 4053 1867 4106 vel
1908 4052 2176 4116 ecclesii3‚
2205 4071 2305 4108 seu
2332 4053 2783 4109 iurisdictionem
2810 4071 3018 4109 eorum
3049 4072 3210 4108 usur-

495 4166 546 4209 30
602 4144 820 4202 panteS‚
862 4132 905 4185 si
948 4132 1149 4186 moniti
1190 4150 1310 4187 non
1351 4133 1647 4196 desistunt,
1688 4132 1734 4187 si
1774 4133 2257 4187 excommunicati
2298 4151 2431 4188 cum
2471 4135 2585 4190 suis
2623 4135 2977 4203 fautoribus3
3018 4145 3214 4204 potest

886 4224 1097 4275 tamen,
1125 4212 1430 4284 episcopus
1459 4231 1593 4267 cum
1621 4213 1774 4267 clero
1804 4212 1883 4267 eis
1910 4212 1965 4267 in
1994 4212 2331 4268 necessitate
2358 4218 2634 4285 praebere
2661 4214 2933 4269 subsidia.

816 4325 963 4385 Non
1009 4325 1216 4385 minus
1260 4326 1302 4400 ἦ·
1334 4335 1456 4408 pro
1490 4333 1745 4408 peccato
1789 4346 2019 4399 eorum,
2051 4328 2163 4406 qui
2183 4328 2431 4399 faciunt
2457 4348 2635 4408 quam
2655 4336 2778 4407 pro
2813 4327 3061 4386 illorum
3099 4328 3213 4386 de-

597 4432 904 4504 trimento,
953 4433 1066 4511 qui
1110 4435 1432 4507 sustinent,
1472 4454 1667 4513 grave
1711 4434 1900 4492 nimis
1945 4454 2073 4493 csse
2117 4433 2529 4514 dignoscitur,
2588 4435 2753 4513 quod
2827 4434 2894 4494 In
2958 4434 3214 4494 diversis

598 4536 818 4598 mundi
850 4539 1124 4619 partibus
1158 4540 1443 4601 consules
1478 4539 1791 4601 civitatum
1826 4554 1887 4599 et
1920 4555 2201 4616 rectoreS,
2246 4560 2363 4601 nec
2395 4559 2526 4601 non
2561 4555 2617 4601 et
2649 4541 2771 4618 alii,
2807 4540 2918 4620 qui
2951 4557 3216 4621 potesta-

490 4669 539 4712 35
595 4660 718 4704 tem
754 4645 977 4706 habere
1013 4645 1321 4725 videntur,
1370 4663 1459 4707 tot
1491 4665 1679 4707 onera
1714 4645 2066 4725 frequenter
2096 4645 2425 4727 imponunt
2456 4646 2740 4725 ecclesiis,
2771 4644 2905 4726 [et]
2938 4650 3026 4707 ita
3052 4667 3218 4727 gra-

593 4754 768 4815 vibus
812 4776 916 4815 cas
961 4761 1021 4815 et
1060 4755 1299 4816 crebris
1344 4754 1727 4815 exationibus
1758 4761 2077 4835 premunt,
2126 4770 2193 4815 ut
2226 4741 2542 4816 deterioris
2574 4755 2950 4817 conditionis
2984 4754 3216 4815 factum

593 4864 709 4922 sub
756 4861 843 4922 eis
888 4862 1304 4923 sacerdotium
1354 4862 1647 4941 videatur,
1681 4881 1874 4942 quam
1907 4864 2023 4922 sub
2058 4862 2377 4923 Pharaone
2413 4862 2606 4940 fuerit,
2639 4864 2749 4944 qui
2784 4862 2938 4942 legis
2972 4861 3216 4922 divinae

596 4967 869 5028 notitiam
905 4988 1033 5029 non
1066 4969 1347 5030 habebat.
1405 4968 1507 5029 Ille
1541 4968 1796 5048 quidem
1833 4969 2133 5029 omnibus
2165 4968 2292 5028 aliis
2324 4971 2597 5031 servituti
2633 4969 2898 5031 subactis
2932 4968 3218 5029 sacerdo·
