3684 5416
416 1480 465 1510 (Ο

420 2019 464 2061 ¹5

417 2554 472 2585 20

423 3192 473 3233 ²5

425 3725 478 3763 ‘30

424 4407 476 4450 35

426 4904 481 4942 40

515 316 624 398 364
1672 314 1992 370 Ordinatio.

567 498 626 552 e)
678 493 1180 549 Innocentius
1219 494 1333 548 111.
1374 492 1852 548 Bononiensi
1892 493 2309 566 Episcopo,
2349 493 2418 549 in
2458 513 2504 549 c.
2545 513 2639 549 un.
2680 496 2747 549 X.
2785 498 2852 549 de
2888 500 3087 550 clerieo

1399 583 1503 647 per
1540 578 1743 647 saltum
1777 581 2029 646 promoto
2067 576 2134 628 V.
2161 593 2245 647 29.

730 701 758 729 ⁴⁸
800 701 960 771 Corp.
989 703 1092 755 ίαν.
1121 718 1244 754 ean.
1271 700 1358 754 ed.
1397 698 1834 771 Friedberg.
1876 701 2050 756 Tom.
2080 700 2141 755 11.
2171 700 2280 755 col.
2306 699 2428 774 833.
2470 702 2854 771 l'otthast,
2894 720 2946 756 n.
2979 702 3133 775 2381.

604 826 719 894 Qui
745 825 1079 896 ignoranter
1106 843 1209 897 per
1234 826 1440 881 saltum
1471 827 1542 880 de
1571 826 1932 880 subdiacono
1961 828 2024 880 rit
2051 829 2369 899 presbyter,
2396 839 2530 898 post
2557 825 2968 898 poenitentiam
2996 826 3048 881 in

733 907 1047 962 diaconum
1076 907 1392 975 ordinatur,
1418 921 1475 963 et
1501 921 1704 979 postea
1734 921 1926 979 potest
1953 925 2151 963 secum
2179 908 2236 963 in
2261 908 2585 963 sacerdotio
2615 908 2947 978 dispensari.

735 1022 912 1083 Tuae
961 1023 1138 1083 nobis
1170 1029 1606 1104 praesentatae
1637 1022 1844 1083 literae
1878 1022 2294 1087 continebant,
2330 1023 2522 1102 quod,
2554 1022 2710 1083 sicut
2742 1043 2812 1083 ex
2845 1022 3136 1082 relatione

521 1131 928 1211 quorundam
980 1130 1276 1191 bonorum
1329 1133 1601 1191 virorum
1652 1149 1989 1210 receperas,
2044 1131 2106 1191 Ρ.
2143 1132 2455 1211 presbyter
2501 1131 2662 1191 lator
2694 1133 3136 1212 praesentium,

520 1236 884 1297 diaconatus
932 1236 1156 1296 ordine
1204 1235 1654 1316 praetermisso,
1698 1256 1762 1296 se
1810 1234 1949 1296 fecit
1980 1236 2055 1296 ad
2089 1236 2413 1297 sacerdotii
2445 1238 2730 1298 ordinem
2768 1237 3135 1318 promoveri,

522 1365 826 1423 quumque
876 1354 1058 1424 super
1106 1343 1218 1403 hoc
1264 1344 1342 1403 ab
1376 1347 1507 1424 ῥύεο
1540 1347 1883 1423 quaesisses
1916 1344 2275 1424 diligentins
2307 1349 2643 1418 veritatem,
2678 1346 2806 1426 ipse
2837 1346 2944 1407 tibi
2979 1366 3139 1426 quo-

522 1470 644 1530 que
697 1465 931 1510 secreto
983 1450 1301 1509 humiliter
1350 1448 1668 1510 confessus
1719 1465 1825 1525 est,
1880 1471 1943 1510 se
1992 1469 2104 1531 pro
2152 1466 2319 1511 certo
2354 1452 2605 1528 nescire,
2641 1453 2688 1513 si
2723 1472 2818 1512 res
2849 1452 3040 1513 taliter
3073 1473 3136 1512 se

522 1559 793 1634 haberet,
827 1558 954 1632 sed,
990 1578 1062 1617 ex
1095 1577 1226 1638 quo
1260 1556 1407 1618 boni
1443 1556 1552 1616 viri
1588 1558 1707 1617 hoc
1738 1560 2107 1634 asserebant,
2139 1558 2294 1618 inter
2327 1578 2487 1638 quos
2510 1559 2703 1619 fuerat
2725 1574 3141 1637 conversatus,

523 1668 808 1728 credebat
855 1665 1175 1725 assertioni
1225 1684 1464 1741 eorum,
1517 1685 1611 1743 e0,
1662 1667 1834 1746 quod
1869 1669 1998 1747 ipse
2028 1682 2326 1746 tempore,
2377 1687 2506 1746 quo
2542 1668 2792 1728 ordines
2825 1667 3139 1729 inferiores

522 1790 892 1854 susceperat,
946 1774 1101 1834 infra
1148 1793 1351 1834 annos
1398 1774 1781 1835 discretionis
1816 1775 2012 1836 fuerat
2045 1776 2430 1836 constitutus.
2493 1777 2533 1852 ἦ·
2578 1775 2654 1836 Tu
2690 1779 2910 1856 egitur,
2943 1780 3140 1858 ipsum

525 1884 608 1942 ad
654 1882 1050 1964 apostolicam
1086 1882 1295 1942 Sedent
1344 1886 1787 1953 transmittens,
1834 1905 1872 1942 a
1918 1884 2093 1944 nobis
2139 1883 2455 1944 humiliter
2487 1885 2875 1965 supplicasti,
2908 1893 2978 1945 ut
3007 1905 3141 1945 cum

524 2010 591 2048 en
625 1990 1118 2048 misericorditer
1151 2008 1333 2068 agere
1365 1989 1784 2067 dignaremur.
1838 1989 1966 2050 Nos
2000 1993 2223 2070 igitur,
2252 1994 2383 2051 eius
2414 1994 2701 2052 miseriae
2734 1992 3142 2063 condolentes,

505 2098 911 2173 fraternitati
960 2102 1098 2155 tuae
1137 2105 1258 2176 per
1308 2096 1646 2176 apostolica
1697 2100 1929 2178 scripta
1976 2098 2369 2170 Mandamus,
2415 2115 2719 2178 quatenus
2767 2098 3143 2179 condignam

526 2201 960 2284 poenitentiam
996 2221 1108 2282 pro
1143 2202 1508 2262 huiusmodi
1543 2204 1912 2283 negligentia
1946 2205 2233 2283 iniungas
2268 2205 2501 2281 eidem3
2554 2226 2676 2285 qua
2711 2221 2965 2287 peracta,
2999 2207 3143 2287 quia

528 2330 656 2371 non
707 2310 1068 2389 intelligitur
1124 2310 1410 2371 iteratum
1463 2311 1638 2390 quod
1690 2310 1918 2372 factum
1964 2331 2094 2372 esse
2143 2312 2428 2384 nescitur,
2475 2313 2679 2392 ipsum
2714 2312 2778 2373 in
2812 2314 3143 2375 diaconum

527 2418 814 2479 ordinare
863 2436 1173 2498 procureS,
1224 2434 1280 2478 et
1327 2418 1411 2478 sic
1460 2418 1534 2478 de
1587 2419 2002 2479 misericordia
2050 2418 2317 2479 eundem
2366 2419 2701 2480 ministrare
2738 2420 3047 2500 permittas
3079 2420 3140 2481 in

528 2525 742 2586 ordine
778 2524 1132 2586 sacerdotis,
1195 2522 1354 2602 [Dat.
1394 2525 1574 2585 Rom.
1610 2547 1702 2606 ap.
1737 2525 1795 2586 S.
1829 2526 1985 2586 Petr.
2021 2525 2147 2585 XII.
2184 2526 2317 2586 Kal.
2356 2526 2529 2588 Febr.
2577 2524 2778 2606 1205.]

622 2723 688 2776 d)
746 2715 1248 2770 Innocentius
1303 2716 1416 2770 111.
1471 2715 2707 2788 RotomagensiArchiepiscopO,
2762 2716 2828 2771 in
2883 2736 2928 2773 c.
2979 2736 3057 2771 ιι.

978 2799 1044 2850 de
1082 2804 1258 2851 aetate
1295 2804 1351 2851 et
1384 2802 1647 2868 qualitate
1682 2804 1739 2851 et
1772 2799 1961 2852 ordine
1990 2799 2503 2869 pratficiendormn.
2543 2799 2580 2852 1.
2632 2816 2704 2867 ¹4·

744 2922 772 2950 ¹·
815 2924 1088 2993 Corp.1'ur
1109 2940 1230 2975 ean.
1274 2922 1363 2975 ed.
1403 2921 1836 2990 friedberg.
1876 2922 2046 2979 Tom.
2077 2923 2137 2976 11.
2179 2921 2288 2976 col.
2339 2939 2447 2993 ¹29·
2490 2922 2868 2986 Potthast,
2907 2940 2961 2976 n.
2986 2940 3144 2993 4072.

602 3046 797 3101 Abbas
825 3046 870 3098 si
898 3058 983 3100 est
1011 3047 1331 3118 presbyter,
1359 3058 1415 3099 et
1445 3059 1529 3099 est
1558 3044 1913 3114 benedictus,
1941 3046 2205 3100 conferre
2234 3059 2425 3117 potest
2453 3045 2717 3100 ordinem
2743 3045 3075 3101 clericalem.

746 3157 967 3233 Quum
1020 3158 1338 3237 contingat
1385 3158 1713 3231 interdum,
1760 3160 1933 3238 quod
1980 3158 2113 3219 laici
2159 3159 2236 3219 ad
2282 3159 2650 3219 monasteria
2684 3159 3081 3246 convolantes
3114 3181 3145 3219 a

532 3266 659 3325 suis
705 3266 1029 3326 abbatibus
1073 3281 1496 3342 tonsurentur,
1543 3267 1909 3348 apostolicae
1958 3267 2120 3326 sedis
2153 3267 2473 3327 oraculum
2509 3266 2832 3345 requisisti,
2864 3286 2943 3326 an
2974 3267 3146 3327 cleri-

531 3377 701 3433 catus
733 3373 890 3433 ordo
926 3373 989 3433 in
1024 3388 1280 3434 tonsura
1315 3373 1701 3434 conferatur?
1735 3372 1936 3455 Super
1970 3393 2098 3452 quo
2133 3373 2238 3433 tibi
2261 3374 2730 3455 respondemu3‚
2754 3374 2927 3452 quod
2947 3393 3144 3454 quum

533 3481 594 3540 in
633 3480 735 3540 VII
783 3482 1010 3542 sinodo
1058 3481 1132 3543 sit
1192 3496 1517 3556 statutum,
1566 3497 1626 3539 ut
1677 3481 1933 3541 lectores
1980 3500 2087 3560 per
2133 3500 2354 3540 manus
2399 3480 2861 3561 impositionem
2910 3479 3149 3540 licentia

534 3588 607 3648 sit
641 3588 979 3668 unicuique
1014 3587 1216 3648 abbati
1249 3588 1313 3648 in
1349 3588 1598 3668 proprio
1633 3587 2009 3648 monasterio
2043 3588 2449 3648 solummodo
2485 3587 2765 3664 faciendi,
2799 3587 3150 3647 dummodo

534 3695 678 3776 ipsis
726 3697 801 3755 ab
835 3695 1147 3775 episcopO,
1180 3695 1534 3755 secundum
1569 3713 1804 3754 rnorem
1844 3693 2400 3775 praeficiendorum
2434 3695 2745 3768 abbatum,
2781 3713 3001 3754 manus
3034 3694 3146 3753 im-

537 3802 759 3882 positio
797 3802 945 3863 facta
982 3818 1289 3878 noscatur,
1326 3817 1384 3861 et
1416 3818 1672 3878 constet,
1709 3820 1853 3861 eum
1887 3801 2136 3861 existere
2170 3802 2570 3876 sacerdotem,
2596 3821 2704 3882 per
2725 3801 2987 3881 primam
3007 3815 3149 3861 ton-

536 3929 762 3984 suram,
816 3910 980 3970 iuxta
1030 3908 1294 3969 formam
1343 3907 1632 3969 ecclesiae
1679 3908 1903 3982 datam,
1950 3929 1981 3967 a
2029 3907 2252 3968 talibus
2300 3907 2619 3968 abbatibus
2665 3907 2954 3968 clericalis
2992 3907 3150 3968 ordo

536 4015 868 4078 confertur.
934 4050 1021 4060 -—
1054 4062 1067 4075 .
1105 4063 1116 4075 .
1157 4063 1169 4076 .
1238 4015 1371 4075 Dat.
1405 4015 1597 4075 Later.
1634 4015 1765 4074 Kal.
1801 4014 1965 4094 Sept.
2001 4020 2118 4075 Ao.
2150 4014 2307 4075 XIII.
2355 4035 2535 4075 12¹0.

1194 4249 1318 4304 188.
1372 4249 1827 4305 Romi-*Actus
1868 4250 2039 4307 vlu.
2078 4249 2511 4320 (1294—1303).

1121 4391 1176 4445 in
1224 4409 1272 4446 c.
1318 4409 1410 4446 un.
1442 4390 1498 4446 in
1537 4393 1652 4445 VI0.
1692 4393 1757 4445 de
1795 4394 2010 4446 clerte-tls
2048 4396 2369 4462 confligatis,
2410 4393 2494 4447 111.
2537 4411 2583 4446 2.

663 4549 673 4561 ,
750 4500 778 4528 ⁶
820 4501 978 4574 Corp.
1018 4504 1122 4556 iur.
1162 4518 1282 4555 can.
1323 4503 1410 4556 ed.
1452 4500 1887 4572 Friedberg.
1926 4502 2098 4556 Tom.
2126 4502 2187 4556 ΙΙ.
2230 4500 2337 4556 col.
2387 4519 2533 4572 ¹0¹9·

595 4608 654 4663 Si
683 4608 923 4663 clericus
952 4608 1297 4680 coniugatus
1325 4608 1468 4663 ferat
1499 4608 1757 4662 habitum
1787 4622 1842 4662 et
1873 4621 2195 4676 tonsuram,
2223 4607 2465 4663 clericali
2492 4605 2787 4678 privilegio
2816 4607 3093 4677 gaudeam

1476 4688 1609 4743 alias
1637 4706 1773 4743 non.
1813 4689 2009 4743 Ioann.
2036 4689 2215 4744 Andr.

754 4787 996 4863 Clerici,
1030 4786 1136 4866 qui
1169 4804 1314 4846 cum
1349 4784 1545 4846 unicis
1579 4800 1635 4844 et
1668 4784 2011 4862 virginibus
2043 4800 2492 4857 contraxerunt,
2524 4782 2574 4844 si
2607 4800 2929 4843 tonsuram
2964 4798 3020 4842 et
3053 4801 3156 4842 ve-

537 4909 657 4955 stes
691 4893 965 4955 deferant
998 4893 1326 4970 clericales,
1376 4891 1768 4974 privilegium
1818 4893 2116 4954 retineant
2164 4893 2418 4953 canonis
2465 4894 2540 4952 ab
2588 4891 2949 4952 Innocentio
2999 4891 3155 4970 Papa
