3684 5416
535 1493 584 1525 to

539 2026 584 2070 ι5

536 2630 589 2664 20

539 3209 589 3253 ²5

542 3751 595 3795 30

544 4283 594 4328 35

543 4821 599 4861 40

647 329 743 384 160
1268 331 1532 385 Potestas
1571 331 1951 386 ecclesiastica
1989 344 2045 386 et
2082 330 2385 402 imperium
2426 330 2604 386 civile.

639 533 759 577 uus
791 534 944 595 papa
976 513 1316 594 Gregorius
1348 515 1751 593 constituerit,
1798 531 1905 577 aut
1938 515 2231 578 iustitiam
2261 518 2611 578 secundum
2645 516 2945 578 iudicium
2977 516 3110 578 eius
3141 530 3247 578 aut

639 621 1035 682 concordiam
1078 623 1419 684 secundum
1469 622 1801 685 consilium
1832 624 1968 684 eius
2000 622 2250 696 faciam;
2304 623 2420 685 nisi
2451 640 2686 685 certum
2720 624 3242 706 impedimentum

639 727 791 791 mihi
833 731 931 791 vel
975 727 1090 792 sibi
1135 729 1462 804 obstiterit;
1515 750 1645 810 quo
1689 746 2014 810 transactO,
2063 731 2138 792 ad
2187 731 2609 812 peragendum
2645 731 2812 793 idem
2844 749 3088 813 paratus
3120 752 3245 796 ero.

637 834 807 915 Item,
855 834 907 898 si
937 836 1105 898 idem
1138 837 1411 899 domnus
1444 858 1601 919 papa
1634 838 1976 917 Gregorius
2008 838 2165 899 ultra
2195 853 2439 901 montes
2464 858 2582 900 seu
2613 840 2692 901 ad
2723 839 2868 902 alias
2900 856 3100 921 partes
3128 857 3245 902 ter·

637 962 846 1006 rarum
891 943 977 1005 ire
1021 943 1307 1022 voluerit,
1353 965 1608 1007 securus
1652 945 1767 1007 erit
1810 965 1885 1007 ex
1917 946 2038 1007 mei
2070 961 2240 1029 parte
2273 962 2334 1007 et
2364 965 2606 1025 eorum,
2637 966 2798 1028 quos
2830 948 3247 1029 constringere

639 1067 874 1131 potero,
920 1053 996 1113 ab
1044 1050 1222 1113 omni
1264 1051 1539 1114 laesione
1585 1053 1744 1114 vitae
1788 1068 1848 1113 et
1891 1055 2320 1115 membrorum
2367 1053 2501 1116 eius
2545 1072 2655 1114 seu
2688 1054 2970 1135 captione
3004 1088 3089 1100 -
3122 1070 3245 1117 tam

638 1158 766 1239 ipse
799 1176 990 1238 quarn
1022 1159 1131 1239 qui
1164 1159 1228 1221 in
1258 1159 1392 1221 eius
1422 1160 1738 1222 conductu
1771 1176 1830 1221 et
1861 1160 2158 1222 comitatu
2192 1159 2417 1223 fuerint
2435 1180 2543 1222 seu
2566 1161 2673 1241 qui
2695 1164 2771 1223 ab
2791 1161 2900 1224 illo
2920 1161 3246 1224 mittuntur

636 1263 731 1326 vel
762 1265 840 1326 ad
871 1284 1017 1327 eum
1049 1266 1128 1327 de
1160 1264 1664 1347 quibuscumque
1693 1282 1997 1328 terrarum
2029 1267 2299 1348 partibus
2330 1267 2602 1330 venerint
2640 1301 2710 1311 -
2738 1267 2803 1329 in
2834 1270 3046 1330 eundo
3078 1285 3136 1331 et
3166 1268 3246 1331 ibi

638 1373 941 1435 morando
985 1392 1095 1434 seu
1127 1372 1272 1435 inde
1305 1373 1643 1436 redeund0.
1705 1375 1929 1455 Neque
1962 1374 2132 1437 aliud
2163 1375 2416 1456 aliquod
2450 1373 2970 1456 impedimentum
3004 1376 3249 1437 habebit

637 1499 710 1540 ex
743 1497 885 1541 meo
918 1499 1251 1560 consensu,
1286 1481 1459 1560 quod
1491 1496 1700 1542 contra
1732 1481 2042 1544 honorem
2071 1500 2257 1543 suum
2293 1481 2394 1553 sitz
2430 1498 2489 1544 et
2522 1481 2573 1542 si
2606 1481 2749 1562 quis
2767 1482 2823 1544 ei
2846 1482 3069 1560 fecerit,
3104 1501 3245 1544 cum

639 1588 799 1648 bona
846 1585 967 1648 fide
1013 1588 1362 1649 secundum
1397 1607 1577 1669 posse
1609 1607 1825 1650 meum
1857 1588 2035 1651 illum
2067 1588 2392 1651 adiuvabo.
2459 1589 2559 1665 (lta
2592 1608 2692 1650 me
2725 1590 2879 1651 deus
2909 1589 3158 1652 adiuvet
3188 1606 3245 1650 et

639 1693 790 1755 haec
821 1708 1030 1755 sancta
1061 1695 1419 1775 euangelia.)

815 1805 1045 1863 Actum
1078 1802 1388 1864 Canusiae
1441 1822 1470 1882 5
1508 1801 1818 1878 Kalendas
1865 1802 2196 1882 Februarii,
2240 1803 2579 1866 indictione
2635 1823 2731 1883 15,
2777 1803 2964 1880 (anno
3008 1803 3241 1866 domini

640 1907 834 1970 nostri
864 1909 1006 1970 Jesu
1039 1907 1268 1970 Christi
1312 1928 1494 1987 ¹077,
1528 1909 1949 1990 praesentibus
1982 1908 2319 1991 episcopis:
2355 1910 2657 1973 Umberto
2692 1909 3106 1990 PraenestinO,
3137 1909 3247 1973 Gi·

640 2015 812 2076 raldo
846 2014 1143 2087 Ostiensi:
1181 2014 1593 2077 cardinalibus
1626 2015 1957 2077 Romanis:
1991 2017 2174 2077 Petro
2204 2016 2364 2078 tituli
2396 2016 2457 2079 S.
2476 2015 2858 2096 Chrisogoni
2888 2032 2948 2078 et
2978 2015 3246 2078 Conone

639 2122 794 2185 tituli
827 2122 889 2184 S.
923 2122 1277 2198 Anastasie;
1326 2122 1625 2185 Romanis
1670 2123 2032 2185 diaconibus
2064 2122 2371 2203 Gregorio
2416 2140 2473 2184 et
2506 2123 2855 2196 Bernardo;
2905 2138 2964 2184 et
2995 2123 3242 2185 subdia-

641 2247 804 2291 cono
838 2229 1158 2292 UmbertO.
1220 2229 1370 2292 Item
1403 2249 1477 2290 ex
1509 2246 1676 2310 parte
1710 2230 1869 2309 regis
1900 2229 2332 2292 interfuerunt:
2367 2230 2719 2291 Bremensis
2738 2229 3250 2312 archiepiscopus,

641 2351 701 2398 et
730 2336 1004 2419 episcopi
1025 2336 1428 2399 Vercellensis
1448 2354 1505 2399 et
1526 2336 2044 2417 osnabrugensis,
2077 2354 2135 2400 et
2165 2340 2352 2399 abbas
2373 2336 2797 2400 Cluniacensis
2828 2353 2887 2399 et
2921 2336 3100 2398 multi
3132 2356 3246 2398 no-

642 2443 793 2505 biles
821 2441 981 2523 viri).
1059 2442 1119 2524 [l.
1154 2464 1205 2506 c.
1243 2443 1311 2505 11.
1348 2464 1481 2526 pag.
1520 2442 1912 2525 257—158.]

809 2641 867 2700 b)
929 2634 1093 2706 Reg.
1130 2634 1281 2692 Lib.
1321 2633 1670 2707 Epistula
1709 2635 1858 2701 xm,
1896 2634 2558 2715 [Jaffd-Wattenbach
2596 2650 2811 2705 n.5201
2857 2637 3088 2708 σφω.

858 2762 888 2795 *
951 2760 1184 2830 Jaffe',
1232 2762 1562 2822 Bibliotheca
1613 2779 1801 2819 rerum
1831 2765 2304 2832 germanicarum.
2344 2763 2408 2817 11.
2446 2780 2569 2835 453.
2632 2760 2888 2825 Mirbt,
2926 2762 3030 2817 Die
3066 2761 3244 2815 Publi-

643 2845 797 2915 zistzz·
834 2861 935 2914 {ur
970 2845 1088 2899 Zeit
1120 2843 1380 2913 Gregors
1426 2842 1536 2896 VII.
1574 2858 1629 2914 p.
1659 2859 1741 2915 23.
1781 2842 1869 2914 98.
1900 2860 2000 2914 543
2042 2859 2164 2914 seq.
2230 2842 2602 2905 Marte11S‚
2654 2842 2884 2912 Gregor
2931 2841 3040 2895 VII.
3081 2840 3149 2895 T.
3187 2840 3265 2895 11.

643 2941 696 2994 p·
722 2941 794 2996 49
821 2940 940 2994 seq·

858 3073 1107 3147 (Contra
1128 3072 1287 3152 illos,
1319 3070 1427 3152 qui
1456 3073 1640 3139 stulte
1666 3072 1897 3151 dicunt,
1918 3072 2353 3153 imperatorem
2374 3069 2897 3142 excommunicari
2916 3088 3049 3139 non
3067 3087 3244 3150 posse

645 3201 678 3240 a
711 3180 1002 3240 Romano
1036 3179 1369 3262 pontifice.)
1433 3178 1774 3259 Gregorius
1820 3178 2152 3262 episcopus
2195 3197 2411 3240 servus
2441 3197 2768 3240 servorum
2804 3175 2903 3238 dei
2933 3176 3156 3246 dilecto
3188 3175 3248 3237 in

646 3286 896 3350 Christo
944 3287 1524 3358 fratriHerimanno
1558 3285 1819 3351 Metensi
1867 3285 2159 3369 episcopo
2206 3286 2464 3348 salutem
2513 3301 2573 3346 et
2616 3283 3014 3365 apostolicam
3062 3287 3243 3345 bene-

649 3394 1000 3459 dictionem.
2127 3413 2130 3416 ’

861 3502 1057 3578 Quod
1101 3503 1179 3564 ad
1229 3502 1625 3584 perferendos
1670 3502 1937 3564 labores·
1961 3522 2030 3563 ac
2063 3500 2335 3583 pericula
2366 3520 2481 3581 pro
2512 3496 2875 3560 defensione
2907 3495 3169 3558 veritatis
3196 3510 3251 3557 te

649 3625 924 3691 paratum
974 3609 1390 3690 intelligimuS,
1437 3609 1624 3671 divini
1676 3608 1955 3671 muneris
1988 3629 2120 3670 esse
2151 3627 2282 3671 non
2315 3607 2689 3670 dubitamus
2753 3603 2953 3666 Cuius
2984 3604 3135 3666 haec
3166 3617 3251 3664 est

647 3716 963 3779 ineffabilis
1011 3716 1204 3797 gratia
1252 3732 1312 3778 et
1361 3716 1512 3777 mira
1565 3716 1905 3797 clementia,
1958 3717 2132 3796 quod
2178 3734 2504 3796 nunquam
2549 3715 2778 3776 electos
2822 3729 2974 3772 suos
3019 3709 3254 3792 penitus

647 3826 922 3886 aberrare
969 3823 1279 3905 permittit,
1330 3844 1656 3904 nunquam
1688 3823 1968 3886 funditus
1998 3823 2344 3886 labefactari
2375 3840 2481 3886 aut
2512 3824 2668 3886 deici
2698 3824 2869 3895 sinit:
2935 3827 3089 3887 dum
3133 3845 3254 3900 eOS,

647 3930 1088 4013 persecutionis
1132 3945 1413 4013 tempore
1456 3931 1727 4011 quadam
1762 3931 1894 3995 utili
1927 3930 2288 4012 probatione
2322 3930 2653 4011 discussos,
2688 3931 2870 3994 etiam
2903 3948 3044 4014 post
3073 3932 3252 4013 trepi-

648 4038 958 4100 dationem
990 4037 1261 4117 aliquam
1294 4054 1486 4099 semet
1517 4037 1662 4119 ipsis
1695 4038 1980 4100 fortiores
2011 4038 2168 4100 facit.
2201 4038 2522 4115 Quoniam
2557 4054 2765 4101 autem
2798 4073 2885 4084 —
2915 4040 3075 4103 sicut
3104 4040 3254 4101 inter

651 4145 903 4225 ignavos
954 4144 1162 4222 alium,
1211 4163 1341 4224 quo
1388 4145 1629 4226 turpius
1675 4145 1795 4207 alio
1842 4144 2053 4225 fugiat,
2101 4144 2288 4206 timor
2317 4145 2624 4207 exanimat
2655 4180 2743 4192 -—
2773 4146 2854 4208 ita
2884 4146 3069 4208 etiam
3100 4146 3253 4209 inter

649 4266 937 4313 strenuos
968 4250 1179 4330 alium,
1213 4270 1343 4331 quo
1377 4251 1594 4313 fortius
1621 4251 1741 4313 alio
1770 4267 1910 4331 agat
1937 4272 2066 4332 quo
2097 4252 2409 4319 ardentius
2442 4267 2823 4335 prorumpat,
2855 4253 3025 4314 virile
3046 4267 3254 4334 pectus

649 4358 1011 4436 inflammat,
1046 4359 1167 4419 hoc
1200 4357 1429 4420 caritati
1461 4372 1603 4419 tuae
1636 4358 2077 4421 exhortationis
2110 4379 2260 4421 voce
2294 4360 2645 4423 curavimus
2677 4360 3148 4423 commendare:
3191 4371 3255 4419 ut

652 4485 726 4526 eo
759 4464 954 4545 magis
985 4465 1049 4526 in
1080 4464 1205 4525 acie
1239 4464 1598 4526 christianae
1632 4465 1943 4545 religionis
1974 4481 2131 4536 stare
2161 4482 2220 4528 te
2253 4467 2511 4529 delectet
2543 4467 2698 4529 inter
2719 4467 2970 4549 primos,
3005 4486 3134 4548 quo
3154 4485 3255 4527 eos

651 4591 782 4635 non
814 4571 1056 4634 dubitas
1087 4572 1305 4633 victori
1335 4572 1457 4634 deo
1489 4572 1803 4653 proximos
1835 4587 2020 4653 atque
2056 4573 2470 4653 dignissimos.

865 4680 1058 4756 Quod
1092 4695 1300 4742 autem
1333 4679 1676 4762 postulasti,
1724 4695 1782 4741 te
1814 4680 1993 4760 quasi
2026 4681 2253 4742 nostris
2283 4680 2523 4763 scriptis
2553 4680 2748 4742 iuvari
2782 4701 2851 4742 ac
2883 4678 3257 4762 praemuniri

652 4805 865 4852 contra
897 4787 1147 4850 illorum
1180 4787 1502 4865 insaniam,
1536 4786 1645 4867 qui
1678 4787 1948 4849 nefando
1980 4806 2088 4849 ore
2118 4787 2427 4867 garriunt:
2471 4787 2896 4849 auctoritatem
2927 4803 3171 4849 sanctae
3201 4801 3257 4847 et

653 4894 1022 4981 apostolicae
1055 4893 1215 4957 sedis
1245 4913 1374 4958 non
1406 4893 1681 4976 potuisse
1713 4913 1924 4975 regem
1955 4894 2315 4973 Henricum,
2362 4894 2682 4956 hominem
2719 4894 3081 4957 christianae
3111 4892 3255 4976 legis
