3684 5416
327 1543 388 1574 ¹10

322 2611 390 2644 20

327 3684 397 3725 '⁴30

326 4215 394 4259 *35

1075 367 1340 423 Potestas
1379 365 1756 423 ecclesiastica
1783 380 1840 424 et
1876 367 2180 441 imperium
2218 371 2394 427 civile.
2948 393 3041 449 195

439 553 692 619 siasticis
724 552 1002 636 personis
1034 552 1359 634 imponant
1389 566 1493 613 aut
1525 549 1814 613 invadere
1846 553 2250 617 ecclesiastica
2270 558 2436 618 bona
2457 577 2814 640 presumant
2830 536 2855 636 ;⁷
2882 562 3055 642 quod

437 664 486 727 si
536 663 789 725 fecerint
833 678 892 723 et
921 659 1192 741 requisiti
1227 661 1303 721 ab
1336 653 1600 721 ecclesia
1621 660 1716 720 vel
1748 651 2023 742 imperio
2045 664 2376 725 emendare
2408 669 2907 748 contempserint,
2951 669 3058 730 tri-

437 767 614 852 plum
660 767 1010 845 refundant,
1060 782 1118 828 et
1148 764 1598 829 nichilominus
1630 766 1840 828 banno
1870 766 2177 850 imperiali
2208 771 2580 850 subiaceant,
2611 757 2786 856 quod
2819 777 3054 858 absque

441 876 850 941 satisfactione
883 875 1084 937 debita
1118 874 1470 937 nullatenus
1500 867 1856 936 remittatur.

655 993 775 1066 83.
834 984 982 1044 Item
1030 1000 1431 1063 quecumque
1475 980 1888 1044 communitas
1935 983 2038 1065 vel*
2076 1002 2337 1064 persona
2382 1005 2491 1067 per
2547 1007 2787 1050 annum
2834 989 2895 1051 in
2944 1012 3047 1054 ex-

441 1090 1004 1155 communicatione
1068 1105 1318 1171 propter
1388 1088 1729 1149 libertatem
1789 1089 2040 1151 ecclesie
2114 1088 2267 1152 facta
2327 1092 2668 1174 perstiterit,
2728 1095 2864 1178 ipso
2924 1096 3056 1159 iure

443 1197 741 1281 imperiali
774 1199 984 1258 banno
1015 1193 1345 1274 subiaceat,
1386 1215 1420 1255 a
1451 1214 1583 1276 quo
1617 1187 1970 1257 nullatenus
2001 1199 2368 1277 extrahatur,
2403 1199 2517 1262 nisi
2550 1201 2720 1282 prius
2751 1205 2826 1264 ab
2860 1204 3056 1266 eccle-

442 1304 526 1368 sia
560 1303 858 1367 beneficio
890 1301 1293 1365 absolutionis
1325 1303 1598 1364 obtento·
2160 1321 2163 1324 “

658 1423 688 1484 s
720 1433 779 1491 4.
840 1411 1182 1474 Statuimus
1225 1426 1454 1488 autem,
1503 1425 1572 1471 ut
1618 1409 1831 1471 nullus
1878 1410 2343 1474 ecclesiasticam
2388 1419 2720 1495 personam
2750 1415 2817 1477 in
2849 1416 3052 1478 crimi-

445 1521 568 1583 nali
616 1518 975 1602 quaestione
1020 1517 1118 1578 vel
1162 1515 1321 1578 civili
1364 1517 1603 1577 trahere
1648 1517 1727 1578 ad
1771 1517 2075 1580 iudicium
2118 1519 2392 1582 seculare
2439 1539 2810 1602 praesumat,
2844 1539 3056 1587 contra

444 1626 912 1691 constitutiones
958 1622 1305 1705 imperiales
1350 1638 1408 1685 et
1458 1622 1783 1685 canonicas
1815 1623 2185 1688 sanctiones.
2251 1624 2447 1702 Quod
2478 1626 2528 1688 si
2563 1627 2788 1707 fecerit,
2821 1645 2991 1692 actor
3023 1652 3054 1691 a

444 1735 576 1797 iure
622 1753 741 1795 suo
786 1733 976 1808 cadat,
1021 1730 1361 1793 iudicatum
1396 1749 1527 1792 non
1557 1745 1782 1806 teneat,
1832 1745 1891 1792 et
1923 1731 2109 1793 iudex
2138 1732 2214 1794 sit
2245 1753 2318 1794 ex
2350 1749 2500 1796 tunc
2531 1734 2846 1800 iudicandi
2881 1755 3056 1820 pote-

442 1857 594 1904 state
626 1839 915 1922 privatus

660 1957 689 2016 s
730 1967 782 2027 5.
830 1945 1154 2007 Sancirnus
1184 1943 1389 2018 etiam,
1422 1958 1492 2004 ut
1520 1943 1570 2004 si
1603 1942 1712 2024 qui
1745 1942 1975 2005 clericis
2006 1947 2103 2006 vel
2135 1946 2417 2027 personis
2449 1948 2862 2012 ecclesiasticis
2884 1952 3056 2013 iusti-

366 2077 384 2119 ,³
443 2055 590 2116 tiam
626 2054 925 2132 denegare
959 2050 1497 2134 praesumpserint,
1531 2050 1708 2112 tertio
1742 2050 2017 2132 requisiti
2047 2071 2226 2115 suam
2247 2052 2734 2117 iurisdictionem
2754 2058 3054 2122 amittant.

661 2169 691 2230 S
725 2160 785 2223 6.
834 2159 1155 2235 Chataros,
1188 2158 1536 2235 Petarenos,
1557 2156 1905 2234 Leonistas,
1924 2157 2333 2240 Speronistas,
2357 2161 2753 2241 Arnaldistas,
2772 2164 3061 2228 Circum-

444 2269 604 2331 cisos
636 2282 694 2328 et
726 2285 948 2329 omnes
980 2264 1316 2327 haereticos
1347 2265 1673 2345 utriusque
1706 2284 1909 2345 sexus»,
1943 2285 2351 2348 quocumque
2383 2269 2639 2332 nomine
2671 2287 3056 2352 censeantur,

446 2389 739 2459 perpetua
771 2373 1143 2434 damnamus
1163 2371 1435 2449 infamia,
1467 2370 1823 2434 diffidamus
1841 2387 2030 2454 atque
2050 2373 2402 2455 bannimus,
2435 2392 2773 2455 censentes,
2807 2394 2876 2440 ut
2894 2381 3058 2440 bona

443 2484 665 2548 talium
696 2480 1112 2543 confiscentur
1145 2498 1257 2540 nec
1290 2479 1368 2541 ad
1399 2498 1507 2541 eos
1541 2478 1795 2541 ulterius
1829 2495 2229 2558 revertantur,
2264 2481 2345 2543 ita
2376 2482 2549 2563 quod
2583 2482 2690 2544 filii
2721 2485 2799 2546 ad
2818 2503 3062 2547 succes-

445 2590 692 2651 sionem
726 2606 947 2649 eorum
979 2585 1297 2666 pervenire
1331 2604 1461 2646 non
1496 2585 1752 2666 possint,
1787 2605 1933 2647 cum
1965 2587 2153 2668 longe
2187 2586 2262 2649 sit
2293 2588 2540 2668 gravius
2570 2605 2844 2652 eternam
2865 2611 3056 2672 quam

448 2695 857 2778 temporalem
901 2692 1215 2755 offendere
1265 2692 1662 2755 maiestatem.
1727 2691 1857 2768 Qui
1903 2710 2112 2756 autem
2155 2693 2384 2758 inventi
2430 2695 2655 2759 fuerint
2698 2698 2828 2761 sola
2859 2698 3062 2780 suspi-

447 2805 613 2867 tione
661 2800 977 2877 notabiles,
1026 2784 1144 2860 nisi
1192 2800 1267 2859 ad
1316 2800 1679 2861 mandatum
1724 2800 2012 2863 ecclesiae
2059 2802 2224 2864 iuxta
2270 2803 2832 2883 considerationem
2863 2806 3063 2888 suspi-

447 2909 637 2971 tionis
682 2908 1165 2989 qualitatemque
1209 2924 1474 2987 persone
1523 2906 1831 2987 propriam
1896 2906 2317 2970 innocentiam
2377 2928 2653 2990 congrua
2701 2913 3063 2993 purgatione

452 3013 942 3089 monstraverint,
977 3027 1296 3092 tamquam
1330 3011 1593 3073 infames
1624 3027 1682 3073 et
1700 3012 1938 3075 banniti
1959 3018 2034 3075 ab
2055 3014 2351 3076 omnibus
2372 3016 2733 3098 habeantur,
2766 3019 2843 3082 ita
2867 3021 3063 3102 quod,

373 3148 391 3185 ε
452 3124 503 3185 si
550 3123 635 3183 sic
682 3139 789 3203 per
833 3140 1071 3182 annum
1106 3119 1570 3201 permanserint,
1605 3136 1829 3182 extunc
1861 3140 1968 3184 eos
1997 3121 2154 3185 sicut
2186 3122 2525 3184 haereticos
2557 3127 3065 3190 condemnamus.

669 3238 698 3298 ς
734 3249 793 3296 7.
842 3227 1187 3289 Statuimus
1217 3226 1399 3289 etiam
1433 3227 1556 3289 hoc
1587 3228 1792 3289 edicto
1824 3228 1888 3290 in
1922 3246 2292 3311 perpetuum
2323 3228 2607 3309 valitur0,
2644 3248 2709 3293 ut
2741 3250 3068 3315 potestates

452 3338 549 3399 vel
598 3336 885 3399 consules
917 3355 1026 3397 seu
1061 3351 1342 3410 rectores,
1375 3334 1880 3416 quibuscumque
1914 3337 2253 3416 fungantur
2285 3337 2523 3414 officiis,
2557 3357 2672 3420 pro
2706 3339 3067 3402 defensione

451 3444 596 3506 fidei
630 3457 935 3524 praestent
967 3442 1210 3523 publice
1244 3441 1680 3517 iuramentum,
1700 3444 1875 3523 quod
1905 3444 1981 3504 de
2010 3444 2184 3505 terris
2212 3464 2322 3505 sue
2352 3444 2757 3507 iurisdictioni
2777 3447 3064 3509 subiectis

452 3551 774 3613 universos
817 3549 1118 3610 hereticos
1163 3550 1237 3609 ab
1284 3547 1535 3610 ecclesia
1582 3548 1908 3609 denotatos
1955 3550 2120 3609 bona
2167 3548 2285 3610 fide
2334 3569 2449 3630 pro
2493 3550 2727 3613 viribus
2772 3553 3058 3615 extermi-

454 3677 600 3719 nare
646 3657 1005 3735 studebunt,
1054 3657 1133 3717 ita
1180 3655 1353 3736 quod
1398 3656 1629 3716 amodo
1661 3656 2195 3738 quandocumque
2227 3657 2364 3738 quis
2397 3656 2577 3719 fuerit
2607 3656 2670 3719 in
2702 3674 3064 3740 potestatem

453 3765 579 3825 sive
627 3778 986 3845 perpetuam
1035 3763 1130 3824 vel
1180 3763 1583 3844 temporalem
1631 3778 2002 3844 assumptuS,
2052 3764 2172 3825 hoc
2216 3779 2498 3825 teneatur
2529 3764 2868 3845 capitulum
2900 3765 3064 3827 iura-

454 3886 669 3931 mento
721 3869 980 3931 firmare.
1059 3869 1360 3950 Alioquin
1411 3890 1616 3950 neque
1670 3889 1782 3951 pro
1835 3870 2236 3951 potestatibus
2287 3891 2491 3951 neque
2545 3891 2657 3952 pro
2709 3871 3067 3933 consulibus

455 3978 814 4054 habeantur,
848 3996 1193 4057 eorumque
1225 3976 1555 4038 sententias
1587 3977 1979 4039 decernimus
2012 3994 2233 4039 extunc
2265 3977 2458 4039 irritas
2491 3992 2550 4038 et
2571 3976 2802 4041 inanes.
2833 3977 2897 4039 Si
2917 3999 3063 4039 vero

454 4082 751 4145 dominus
798 4082 1156 4165 temporalis
1202 4084 1529 4163 requisitus
1574 4100 1631 4144 et
1677 4086 1992 4146 amonitus
2037 4086 2111 4145 ab
2161 4084 2410 4145 ecclesia
2452 4101 2673 4145 terram
2706 4104 2881 4145 suam
2916 4106 3064 4166 pur-

453 4196 598 4271 gare
645 4190 975 4270 neglexerit
1031 4192 1104 4251 ab
1152 4191 1412 4252 heretica
1460 4192 1767 4271 pravitate,
1826 4207 1967 4273 post
2010 4211 2247 4252 annum
2294 4213 2326 4252 a
2372 4208 2651 4273 tempore
2698 4193 3064 4255 monitionis

456 4299 734 4379 elapsum
780 4313 999 4358 terram
1049 4296 1244 4378 ipsius
1290 4298 1657 4378 exponimus
1703 4299 2017 4360 catholicis
2049 4299 2510 4379 occupandam;
2562 4298 2670 4379 qui
2702 4319 2837 4361 eam
2873 4318 3065 4363 exter-

458 4403 702 4464 minatis
747 4404 1027 4465 hereticis
1073 4407 1305 4484 absque
1353 4406 1475 4466 ulla
1522 4406 2008 4467 contradictione
2051 4406 2405 4489 possideant
2436 4422 2495 4466 et
2528 4406 2590 4466 in
2623 4404 2765 4467 fidei
2800 4408 3062 4489 puritate

457 4526 843 4588 conservent,
894 4510 1062 4570 salvo
1112 4509 1242 4571 iure
1293 4511 1529 4572 domini
1580 4513 1941 4594 principalis,
1989 4514 2141 4575 dum
2193 4513 2387 4575 modo
2433 4533 2620 4594 super
2665 4514 2785 4575 hoc
2819 4514 3067 4577 nullum

457 4632 682 4700 prestet
733 4616 1122 4679 obstaculum
1170 4637 1285 4678 nec
1330 4618 1582 4698 aliquod
1636 4618 2153 4699 impedimentum
2198 4636 2508 4702 opponat;
2576 4620 2793 4682 eadem
2840 4622 3070 4683 nihilo-

458 4724 670 4786 minus
713 4723 845 4804 lege
892 4743 1121 4786 servata
1170 4741 1381 4786 contra
1424 4745 1552 4799 e03,
1586 4726 1692 4807 qui
1728 4745 1859 4787 non
1891 4727 2119 4788 habent
2150 4727 2441 4789 dominos
2475 4728 2856 4810 principales.
2917 4730 3064 4791 Cre-

459 4834 674 4893 dentes
722 4847 1048 4912 praeterea,
1096 4849 1523 4914 receptatores,
1574 4833 1930 4895 defensores
1977 4851 2034 4895 et
2082 4835 2349 4897 fautores
2395 4837 2806 4897 hereticorum
2854 4837 3070 4898 banni-

461 4959 621 5011 mus,
655 4938 908 5001 firmiter
939 4954 1293 5019 statuenteS,
1329 4956 1397 5002 ut
1434 4941 1483 5003 si
1528 4958 1859 5023 postquam
1894 4942 2149 5022 quilibet
2179 4942 2394 5004 talium
2427 4940 2608 5004 fuerit
2639 4944 3071 5006 excommuni-

2655 5045 2751 5118 13*
