3684 5416
712 393 812 458 164
1342 394 1608 449 Potestas
1648 392 2026 449 ecclesiastica
2066 405 2122 447 et
2158 390 2462 463 imperium
2500 391 2676 447 civile.

705 576 1009 658 frequenti
1042 578 1393 639 auctoritate
1425 597 1603 658 saepe
1635 578 1758 657 agit
1787 592 1995 638 sancta
2015 577 2285 655 ecclesia,
2315 595 2461 638 cum
2483 576 2704 638 milites
2722 577 2980 639 absolvit
3001 597 3035 637 a
3054 575 3305 640 vinculo

703 683 1052 760 iuramenti,
1085 686 1255 766 quod
1290 684 1516 746 factum
1548 701 1637 745 est
1667 683 1763 744 his
1795 683 2118 765 episcopis,
2154 683 2262 763 qui
2292 683 2623 765 apostolica
2655 683 3011 745 auctoritate
3044 704 3077 745 a
3099 683 3302 765 ponti-

702 791 856 853 ficali
905 792 1102 872 gradu
1151 793 1568 872 deponuntur.
1633 790 1710 850 Et
1754 792 1969 851 beatus
2002 789 2389 869 Ambrosius,
2436 790 2573 851 licet
2622 806 2871 852 sanctus
2917 809 3052 851 non
3096 805 3302 851 tamen

701 900 1060 960 universalis
1106 897 1390 960 ecclesiae
1437 899 1784 979 episcopuS,
1831 917 1944 979 pro
1990 898 2186 980 eulpa,
2233 918 2391 979 quae
2436 902 2510 960 ab
2557 900 2689 961 aliis
2719 897 3140 961 sacerdotibus
3170 916 3299 958 non

699 1007 854 1067 adeo
885 1005 1083 1086 gravis
1115 1005 1452 1082 videbatur,
1486 1004 1928 1065 Theodosium
1960 1005 2267 1083 Magnum
2299 1006 2733 1087 imperatorem
2755 1004 3295 1067 excommunicans

698 1115 772 1173 ab
821 1111 1071 1174 ecclesia
1119 1111 1388 1173 exclusit.
1453 1109 1582 1187 Qui
1627 1110 1809 1171 etiam
1857 1110 1920 1171 in
1957 1111 2083 1171 suis
2115 1111 2351 1193 scriptis
2382 1112 2672 1190 ostendit,
2704 1112 2876 1193 quod
2908 1129 3137 1173 aurum
3168 1128 3297 1171 non

695 1236 819 1282 tam
868 1219 1193 1303 pretiosius
1224 1218 1299 1278 sit
1330 1217 1609 1299 plumb0,
1659 1236 1848 1296 quam
1882 1216 2044 1296 regia
2078 1233 2373 1300 potestate
2404 1219 2479 1281 sit
2510 1220 2687 1281 altior
2719 1218 2983 1298 dignitas
3016 1217 3294 1279 sacerdo-

694 1329 846 1407 talis,
894 1330 1014 1389 hoc
1047 1327 1240 1389 modo
1274 1326 1430 1387 circa
1463 1324 1828 1407 principium
1863 1326 1959 1387 sui
1994 1326 2309 1407 pastoralis
2341 1327 2650 1389 scribens:
2720 1326 3001 1400 «Honor,
3026 1328 3297 1405 fratres,

694 1444 755 1496 et
794 1435 1145 1496 sublimitas
1190 1432 1554 1516 episcopalis
1598 1433 1790 1493 nullis
1810 1436 2050 1515 poterit
2077 1434 2634 1515 comparationibus
2667 1433 3023 1514 adaequari.
3090 1432 3168 1492 Si
3193 1452 3291 1491 re-

590 1561 639 1593 10
682 1563 834 1622 gum
849 1543 1107 1622 fulgori
1134 1548 1446 1621 compares
1477 1546 1538 1600 et
1551 1541 1911 1621 principum
1945 1541 2301 1616 diademati,
2334 1541 2515 1624 longe
2544 1544 2668 1603 erit
2698 1543 2981 1620 inferius,
3027 1559 3205 1621 quam
3236 1540 3295 1598 si

583 2097 629 2141 ¹5

574 3175 624 3218 25

574 3709 626 3753 30

571 4243 622 4288 35

568 4783 624 4823 40

682 1649 930 1728 plumbi
975 1648 1284 1709 metallum
1335 1646 1421 1707 ad
1460 1647 1606 1706 auri
1623 1646 1945 1726 fulgorem
1991 1657 2302 1730 compares
2319 1674 2350 1724 ,·
2411 1651 2632 1732 quippe
2676 1669 2810 1710 cum
2844 1648 3054 1708 videas
3086 1666 3291 1726 regum

691 1756 850 1816 colla
882 1764 941 1817 et
962 1758 1317 1839 principum
1338 1754 1620 1814 submitti
1626 1754 1893 1835 genibus
1914 1757 2295 1817 sacerdotum
2318 1764 2397 1831 et,
2428 1757 2776 1818 exosculata
2797 1777 3002 1816 eorum
3024 1756 3295 1826 dextera,

691 1863 1071 1924 orationibus
1122 1882 1326 1923 eorum
1373 1861 1630 1921 credant
1657 1880 1723 1921 se
1755 1865 2135 1924 communiri.
2155 1886 2182 1916 ιο
2235 1864 2311 1923 Et
2344 1880 2483 1944 post
2516 1883 2744 1945 pauca:
2806 1861 3019 1923 «Haec
3050 1867 3287 1934 cuncta,

680 1974 940 2042 fratres,
962 1970 1097 2029 ideo
1130 1988 1240 2028 nos
1257 1968 1662 2048 praemisisse
1682 1966 1914 2027 debetis
1935 1988 2313 2047 cognoscere,
2336 1975 2405 2028 ut
2420 1968 2871 2029 ostenderemus
2885 1989 2914 2027 .·
2943 1964 3148 2026 nichil
3161 1985 3288 2025 esse

689 2076 753 2134 in
786 2073 899 2135 hoc
930 2075 1170 2135 saeculo
1202 2073 1592 2135 excellentius
1614 2072 2056 2147 sacerdotibus,
2077 2074 2278 2134 nichil
2289 2074 2615 2135 sublimius
2635 2075 2933 2154 episcopis
2963 2073 3281 2153 reperiri».

901 2182 1257 2244 Meminisse
1291 2180 1471 2241 etiam
1506 2180 1684 2240 debet
1719 2180 2061 2241 fraternitas
2091 2198 2214 2258 tua,
2250 2183 2394 2262 quia
2426 2183 2627 2243 maior
2660 2195 2926 2262 potestas
2960 2178 3284 2240 exorcistae

687 2271 1065 2360 conceditur,
1097 2308 1239 2350 cum
1273 2285 1602 2368 spiritualis
1633 2286 1969 2366 imperator
1998 2289 2074 2348 ad
2109 2287 2460 2350 abiciendos
2495 2289 2833 2350 daemones
2878 2287 3288 2360 constituitur,

685 2417 873 2477 quam
908 2397 1096 2478 aliqui
1126 2396 1425 2457 laicorum
1459 2413 1639 2454 causa
1671 2394 1994 2455 saecularis
2028 2395 2471 2457 dominationis
2503 2395 2686 2457 tribui
2720 2394 2928 2477 possit.
2976 2393 3284 2455 Omnibus

686 2524 913 2586 nempe
960 2504 1206 2584 regibus
1253 2518 1311 2564 et
1344 2501 1723 2584 principibus
1755 2518 1962 2580 terrae,
1995 2504 2102 2583 qui
2137 2503 2417 2583 religiose
2450 2524 2581 2565 non
2615 2505 2833 2564 vivunt
2864 2519 2922 2564 et
2952 2502 3020 2563 in
3052 2502 3284 2563 actibus

685 2613 811 2673 suis
846 2613 1050 2673 Deum
1098 2627 1164 2672 ut
1208 2625 1450 2692 oportet
1491 2629 1619 2671 non
1650 2624 1961 2688 metuunt,
1995 2611 2293 2672 demones
2325 2611 2450 2671 heu
2483 2612 2641 2692 proh
2674 2610 2856 2672 dolor
2888 2608 3292 2670 dominantur

685 2735 744 2783 et
790 2721 1008 2782 misera
1042 2740 1148 2781 eos
1193 2718 1482 2779 servitute
1529 2717 1944 2779 confundunt.
2007 2718 2193 2780 Tales
2225 2719 2411 2798 enim,
2464 2739 2595 2782 non
2627 2719 2840 2780 divino
2874 2718 3041 2779 ducti
3074 2736 3285 2778 amore

683 2830 840 2890 sicut
884 2827 1151 2909 religiosi
1199 2825 1543 2887 sacerdotes
1589 2826 1665 2886 ad
1712 2826 2020 2887 honorem
2052 2825 2148 2886 dei
2183 2842 2240 2887 et
2272 2827 2596 2889 utilitatem
2627 2828 2976 2888 animarum
3010 2844 3287 2907 praeesse

683 2935 961 3016 cupiunt,
987 2934 1095 2995 sed
1128 2947 1196 2993 ut
1226 2931 1674 2992 intolerabilem
1706 2933 2059 3012 superbiam
2092 2952 2268 2993 suam
2302 2948 2611 2995 ostentent
2629 2932 2945 3012 animique
2968 2929 3281 2992 libidinem

683 3043 981 3124 expleant,
1028 3038 1239 3101 ceteris
1272 3037 1578 3099 dominari
1610 3037 1912 3100 affectant.
1979 3040 2068 3100 De
2103 3040 2331 3120 quibus
2365 3041 2578 3101 beatus
2612 3039 2999 3119 Augustinus
3030 3038 3094 3099 in
3127 3038 3289 3099 libro

683 3151 885 3232 primo
917 3150 994 3210 de
1027 3147 1304 3210 doctrina
1336 3144 1658 3206 christiana
1691 3144 1865 3205 dicit:
1908 3145 2106 3206 «Cum
2139 3168 2277 3207 vero
2297 3149 2479 3207 etiam
2500 3148 2613 3221 eis,
2646 3149 2758 3227 qui
2772 3146 2900 3207 sibi
2913 3143 3289 3206 naturaliter

669 3268 860 3341 pares
892 3264 1058 3330 sunt,
1091 3254 1202 3315 hoc
1233 3261 1326 3314 est
1353 3252 1723 3326 hominibus,
1756 3252 2018 3333 quilibet
2045 3254 2358 3314 dominari
2384 3254 2658 3336 affectat,
2708 3252 3122 3315 intolerabilis
3151 3271 3286 3311 om-

680 3358 1158 3447 ninofsuperbia
1205 3370 1348 3423 est.»
1418 3363 1610 3422 Porro
1661 3361 2008 3440 exorcistae,
2058 3377 2126 3423 ut
2173 3360 2464 3437 diximus,
2510 3380 2696 3442 super
2744 3361 3045 3421 demones
3077 3379 3113 3419 a
3146 3359 3288 3418 Deo

680 3470 1009 3551 imperium
1044 3471 1299 3544 habent;
1355 3485 1591 3549 quanto
1625 3468 1807 3549 igitur
1839 3468 2034 3547 magis
2067 3487 2249 3549 super
2284 3486 2409 3544 eos,
2442 3467 2551 3547 qui
2581 3466 2993 3528 daemonibus
3024 3462 3277 3526 subiecti

679 3594 737 3639 et
785 3580 1061 3638 membra
1113 3591 1258 3636 sunt
1304 3576 1672 3638 demonum.
1754 3574 1815 3636 Si
1865 3594 2013 3654 ergo
2062 3574 2155 3634 his
2201 3589 2443 3635 tantum
2491 3574 2876 3655 praeminent
2925 3570 3281 3648 exorcistae,

680 3699 916 3765 quanto
949 3682 1213 3764 amplius
1247 3684 1606 3744 sacerdotes

895 3793 1205 3853 Praeterea
1239 3790 1441 3851 omnis
1475 3810 1575 3850 rex
1609 3788 1973 3851 christianus
1994 3789 2069 3849 ad
2091 3788 2321 3848 exitum
2341 3788 2614 3864 venienS,
2646 3804 2714 3848 ut
2735 3785 2959 3847 inferni
2981 3803 3286 3847 carcerem

680 3901 912 3977 evadat,
947 3915 1015 3960 ut
1047 3899 1122 3959 de
1154 3898 1421 3959 tenebris
1453 3897 1515 3957 in
1548 3898 1753 3958 lucem
1782 3897 2010 3972 tendat,
2046 3912 2114 3956 ut
2146 3897 2221 3958 de
2256 3913 2650 3978 peccatorum
2670 3894 2927 3956 vinculis
2959 3894 3021 3955 in
3044 3894 3158 3956 Dei
3189 3894 3279 3954 iu-

682 4007 840 4069 dicio
887 4005 1206 4067 absolutus
1253 4019 1552 4086 appareat,
1598 4001 1927 4064 sacerdotis
1973 4021 2159 4083 opem
2204 4002 2461 4084 supplex
2493 4023 2563 4064 ac
2595 4001 2982 4063 miserandus
3016 4000 3280 4082 requirit.

680 4112 838 4188 Quis
884 4128 1090 4173 autem
1137 4130 1267 4172 non
1299 4110 1491 4171 modo
1524 4110 1913 4171 sacerdotum
1946 4128 2164 4170 verum
2195 4108 2376 4169 etiam
2409 4109 2726 4185 laicorum,
2759 4108 2822 4170 in
2853 4107 3138 4170 extremis
3171 4127 3285 4189 po·

679 4221 846 4299 situS,
880 4241 991 4302 pro
1024 4239 1169 4280 suae
1202 4218 1441 4279 animae
1473 4218 1664 4278 salute
1696 4216 1918 4277 terreni
1949 4217 2106 4296 regis
2138 4216 2484 4299 imploravit
2528 4217 2866 4278 auxilium?
2930 4215 3091 4292 Quis
3135 4232 3278 4277 vero

678 4348 896 4409 regum
941 4329 1035 4390 vel
1079 4328 1518 4407 imperatorum
1563 4327 1831 4406 aliquem
1878 4325 2280 4387 christianum
2312 4346 2382 4386 ex
2416 4325 2704 4407 imposito
2737 4324 2851 4385 sibi
2882 4322 3096 4385 officio
3129 4323 3285 4383 valet

678 4458 850 4498 sacro
883 4435 1239 4496 babtismate
1273 4453 1345 4494 ex
1378 4433 1601 4494 diaboli
1637 4446 1931 4514 potestate
1964 4431 2193 4513 eripere
2227 4447 2286 4491 et
2320 4433 2475 4493 inter
2507 4431 2667 4493 filios
2700 4431 2798 4492 dei
2831 4448 3279 4491 connumerare

677 4558 1016 4623 sanctoque
1050 4539 1372 4602 chrismate
1406 4538 1830 4620 praemunire?
1882 4539 1957 4598 Et
1988 4538 2160 4619 quod
2194 4538 2533 4599 maximum
2566 4553 2655 4598 est
2686 4537 2750 4597 in
2785 4536 3109 4597 christiana
3143 4535 3286 4597 reli·-

676 4652 881 4732 gione,
918 4650 1055 4732 quis
1090 4668 1308 4710 eorum
1339 4647 1495 4708 valet
1529 4647 1776 4729 proprio
1808 4666 1915 4708 ore
1948 4666 2173 4728 corpus
2193 4663 2251 4707 et
2271 4646 2641 4725 sanguinem
2664 4645 2913 4707 Domini
2936 4645 3277 4707 conficere?

678 4736 792 4817 Vel
825 4756 923 4818 cui
956 4775 1174 4818 eorum
1207 4756 1343 4816 data
1376 4769 1466 4815 est
1499 4767 1762 4835 potestas
1793 4752 2022 4833 ligandi
2042 4753 2445 4832 solvendique
2479 4752 2540 4813 in
2572 4752 2748 4813 coelo
2780 4769 2838 4813 et
2867 4752 2931 4813 in
2963 4759 3158 4815 terra?
3191 4753 3276 4813 Ex

679 4864 903 4946 quibus
953 4879 1155 4946 aperte
1207 4861 1531 4943 colligitur,
1593 4878 1816 4941 quanta
1864 4877 2157 4942 potestate
2203 4859 2523 4942 praecellat
2569 4860 2829 4940 dignitas
2873 4863 3283 4923 sacerdotum.

680 4979 805 5035 Aut
836 4971 973 5053 quis
1007 4990 1226 5033 eorum
1260 4985 1458 5051 potest
1489 4969 1757 5049 aliquem
1789 4968 2081 5030 clericum
2113 4968 2174 5029 in
2194 4984 2397 5029 sancta
2418 4966 2671 5029 ecclesia
2692 4967 3013 5029 ordinare?
3047 4981 3276 5048 quanto
