3684 5416
1612 364 1930 421 Ordinatio.
2553 447 2574 450 -
2599 447 2612 450 -
2787 449 2802 452 -
2967 370 3066 442 385

946 613 1070 668 168.
1112 613 1525 670 CONCILIUM
1565 616 2112 673 TRIBENTINUM
2151 618 2584 686 (lm-1563).

1062 775 1102 831 S
1121 793 1150 830 e
1168 795 1193 830 s
1211 776 1321 831 sio
1364 776 1564 830 XXIV.
1606 779 1672 831 de
1707 785 2053 833 sacramento
2091 783 2449 836 matrimonii.

670 903 699 932 ‘
747 903 993 957 Canones
1028 906 1086 955 et
1116 902 1262 956 decr.
1305 903 1463 956 Cone.
1516 902 1655 956 Trt'd.
1696 902 1784 956 ed.
1825 902 2149 957 Richter.
2204 921 2257 974 p.
2299 903 2417 958 216.

670 1033 823 1094 Can.
858 1033 958 1095 IX.
1023 1033 1087 1093 Si
1133 1031 1271 1113 quis
1317 1033 1549 1112 dixerit,
1600 1033 1854 1095 clericos
1886 1034 1948 1094 in
1981 1034 2164 1095 sacris
2197 1035 2523 1097 ordinibus
2556 1037 2942 1111 constitutos,
2982 1039 3072 1098 vel

379 1166 398 1207 ς
458 1142 763 1223 regulares
808 1141 1144 1202 castitatem
1187 1141 1521 1202 solenniter
1574 1141 1884 1222 professos
1932 1163 2115 1223 posse
2165 1143 2636 1205 matrimonium
2688 1145 3070 1221 contrahere,

459 1266 967 1330 contractumque
1017 1249 1287 1310 validum
1341 1269 1472 1310 esse
1518 1269 1647 1310 non
1698 1251 1981 1311 obstante
2030 1250 2165 1327 lege
2217 1250 2623 1311 ecclesiastica
2657 1250 2752 1311 vel
2786 1267 2965 1324 voto;
3019 1267 3077 1312 et

458 1357 819 1438 oppositum
872 1356 958 1416 nil
1008 1355 1175 1417 aliud
1224 1376 1354 1417 esse
1401 1375 1593 1437 quam
1642 1357 1938 1416 damnare
1988 1356 2480 1433 matrimonium,
2518 1375 2825 1437 posseque
2857 1376 3075 1418 omnes

457 1463 815 1525 contrahere
847 1462 1330 1540 matrimonium,
1364 1463 1471 1543 qui
1506 1481 1636 1523 non
1672 1462 1945 1523 sentiunt
1978 1483 2042 1523 se
2076 1462 2377 1541 castitatis,
2411 1464 2598 1524 etiam
2629 1463 2677 1523 si
2712 1482 2848 1524 eam
2885 1483 3071 1524 vove-

458 1569 593 1645 rint,
647 1569 870 1629 habere
922 1569 1197 1630 donum:
1265 1570 1593 1629 anathema
1641 1568 1733 1644 sit,
1781 1588 1978 1648 quum
2018 1569 2187 1630 Deus
2233 1569 2292 1630 id
2345 1585 2502 1631 recte
2549 1570 2900 1651 petentibus
2948 1588 3074 1630 non

356 1706 403 1736 t)
459 1676 741 1756 deneget,
772 1695 887 1736 nec
919 1676 1179 1757 patiatur
1214 1694 1327 1736 nos
1359 1695 1544 1756 supra
1579 1676 1658 1753 id,
1691 1675 1866 1756 quod
1902 1694 2235 1756 possumus
2267 1676 2494 1738 tentari.

614 5058 654 5103 G
672 5059 765 5100 ala
782 5066 908 5101 nte:
940 5058 1108 5101 Fontes
1134 5058 1217 5111 jur.
1247 5070 1343 5099 can.
2721 5054 2785 5103 25
