3684 5416
564 1583 615 1616 10

566 2117 612 2161 ¹5

560 2651 614 2684 20

561 3183 613 3227 ²5

561 3715 615 3761 30

559 4248 610 4292 35

557 4783 613 4823 40

663 405 773 478 438
1686 401 1954 458 Pontifex
1993 416 2292 458 romanus,

665 588 795 651 licis
826 588 1162 670 impositas,
1213 586 1435 668 pariter
1467 587 1608 667 ipso
1643 586 1802 649 facto
1838 588 2174 666 incurrant,
2208 608 2242 648 a
2276 607 2419 668 qua,
2450 585 2607 646 sicut
2638 585 2715 646 ab
2747 583 2862 644 alia
2893 600 3292 663 quacumque

664 696 731 757 in
766 697 878 757 hac
911 693 1351 757 constitutione
1383 692 1669 774 imposita
1703 711 1759 755 et
1790 693 2079 775 irrogata,
2119 713 2229 755 seu
2266 692 2421 754 infra
2455 689 2832 773 imponenda
2867 704 2926 750 et
2958 689 3288 770 irroganda

664 822 867 885 poena
913 800 1591 877 excommunicationis,
1639 815 1763 861 tarn
1811 800 1928 882 ipsi
1961 820 2153 881 quam
2191 799 2450 880 quilibet
2482 798 2657 875 aliuS,
2688 798 2815 858 sive
2848 795 2910 857 S.
2946 796 3022 860 R.
3054 795 3124 856 E.
3160 813 3288 855 car-

665 909 903 986 dinalis,
959 908 1084 969 sive
1134 909 1249 968 alia
1298 926 1559 988 persona
1608 906 2061 988 cuiuscumque
2119 908 2369 986 gradus,
2427 903 2818 975 conditionis,
2871 901 3182 984 dignitatis
3232 916 3290 961 et

665 1015 1197 1099 praeeminentiae,
1228 1035 1261 1076 a
1294 1014 1493 1091 nulle,
1529 1033 1731 1094 neque
1764 1013 1946 1074 etiam
1983 1035 2016 1074 a
2051 1013 2270 1075 maiori
2302 1011 2802 1095 poenitentiariO,
2833 1009 3284 1089 cuiuscumque

666 1123 964 1186 facultatis
1010 1123 1240 1201 vigore,
1289 1137 1717 1202 praeterquam
1765 1141 1799 1181 a
1833 1121 2127 1182 Romano
2163 1118 2479 1194 pontifice,
2531 1118 2648 1179 nisi
2680 1117 2745 1180 in
2776 1117 2992 1178 mortis
3025 1115 3282 1177 articulo

665 1230 898 1292 absolvi
933 1229 1144 1311 possit,
1178 1244 1236 1289 et
1266 1243 1391 1288 tam
1424 1228 1573 1308 ipse,
1608 1228 1869 1308 eiusque
1901 1226 2232 1310 complices
2265 1242 2322 1287 et
2357 1227 2645 1302 fautores,
2667 1244 2856 1305 quarn
2878 1223 2977 1285 alii
2999 1224 3281 1303 quicum-

667 1357 789 1419 que
822 1336 1001 1399 etiam
1036 1335 1096 1397 S.
1132 1337 1204 1397 R.
1237 1335 1306 1395 E.
1344 1335 1682 1395 cardinales
1715 1335 1901 1395 huius
1934 1333 2413 1396 Constitutionis
2446 1334 2507 1394 in
2540 1333 2754 1413 aliquo
2786 1346 3281 1410 transgressores,

667 1443 798 1505 aliis
830 1441 1200 1522 gravissimis
1233 1441 1452 1523 poenis
1482 1456 1820 1518 teneantur,
1855 1440 2042 1502 futuri
2076 1439 2385 1502 Pontificis
2405 1438 2700 1501 canonice
2732 1437 3012 1500 intrantis
3043 1434 3288 1497 arbitrio

669 1548 1032 1630 irrogandis.

882 1666 911 1726 s
950 1675 1049 1717 20.
1111 1656 1430 1717 Postremo
1482 1653 1808 1715 statuimus
1858 1670 1915 1714 et
1964 1653 2231 1714 districte
2286 1652 2725 1735 praecipiendo
2777 1650 3169 1726 mandamus,
3220 1662 3287 1708 ut

669 1764 729 1826 S.
766 1766 835 1827 R.
869 1764 937 1825 E.
973 1761 1332 1840 cardinales,
1377 1780 1817 1842 quaecumque
1864 1778 2167 1821 secretum
2214 1760 2442 1821 violare
2476 1755 2952 1839 quomodolibet
2985 1770 3285 1838 poterunt,
3359 1747 3362 1752 ’

668 1870 880 1932 omnia
925 1870 1145 1930 evitare
1192 1884 1249 1929 et
1281 1887 1493 1929 cavere
1524 1868 1786 1929 omnino
1818 1882 2164 1944 teneantur,
2202 1885 2349 1927 cum
2383 1865 2646 1927 intentio
2681 1881 2739 1925 et
2771 1884 2946 1925 mens
2980 1878 3185 1925 nostra
3216 1863 3285 1923 sit

669 1978 841 2058 quod
888 1976 1205 2037 electionis
1251 1974 1613 2036 huiusmodi
1655 1989 1780 2035 tam
1827 1991 2108 2034 sanctum
2152 1972 2494 2052 negotium,
2542 1971 2591 2032 si
2623 1970 2727 2032 fiat
2760 1990 2867 2052 per
2899 1970 3281 2044 scrutinium,

669 2103 779 2145 seu
826 2082 1192 2145 scrutinium
1239 2097 1298 2142 et
1329 2101 1665 2160 accessum,
1701 2096 1769 2142 ut
1801 2080 2159 2161 praefertur,
2194 2079 2592 2141 secretissime
2624 2078 3009 2159 transigatur,
3044 2097 3113 2138 ac
3143 2096 3280 2158 pro-

668 2191 811 2252 inde
858 2191 1077 2252 iisdem
1123 2189 1418 2251 omnibus
1463 2204 1520 2249 et
1565 2187 1823 2266 singulis
1859 2187 1919 2248 S.
1955 2188 2026 2247 R.
2061 2187 2128 2247 E.
2165 2185 2583 2247 cardinalibus
2614 2202 2673 2246 et
2704 2204 2925 2246 eorum
2956 2203 3130 2245 sacro
3163 2182 3283 2245 col-

668 2297 833 2378 legio
865 2297 1238 2374 inhibemuS,
1274 2314 1352 2356 ne
1384 2310 1598 2356 contra
1632 2295 1781 2355 haec
1813 2294 1908 2354 vel
1944 2294 2176 2354 horum
2208 2292 2465 2374 aliquod
2496 2308 2777 2368 statuere,
2810 2291 3158 2373 disponere,
3193 2290 3282 2350 vel

671 2403 976 2481 ordinare,
1007 2423 1118 2464 seu
1152 2405 1214 2465 in
1246 2404 1459 2484 aliquo
1494 2403 1817 2482 corrigere,
1853 2403 2128 2479 alterare,
2163 2417 2420 2480 mutare,
2455 2420 2564 2463 seu
2599 2400 2811 2482 aliquo
2845 2400 3041 2461 modo
3077 2400 3285 2475 facere,

667 2525 938 2588 tractare,
973 2510 1197 2589 moliri,
1231 2511 1326 2570 vel
1359 2525 1653 2592 attentare
1686 2524 2099 2590 praesumant,
2122 2508 2345 2588 quovis
2367 2523 2699 2589 praetextu,
2722 2527 2922 2583 causa,
2942 2506 3040 2567 vel
3073 2506 3285 2587 exqui-

667 2616 785 2679 sito
818 2618 1044 2695 colore,
1075 2618 1191 2677 sub
1225 2616 1442 2678 eadem
1473 2614 2136 2678 excommunicationis
2171 2634 2376 2696 poena
2410 2614 2545 2695 ipso
2580 2615 2741 2676 facto
2773 2614 3161 2674 incurrenda.

886 2736 914 2796 S
953 2747 1051 2787 21.
1086 2726 1169 2789 Ut
1189 2741 1395 2786 autem
1427 2724 1792 2787 huiusmodi
1826 2739 2039 2786 nostra
2071 2724 2434 2785 constitutio
2467 2723 2885 2784 inviolabilius
2916 2725 3290 2799 observetur,

670 2851 790 2897 tres
840 2833 1194 2909 cardinaleS,
1256 2832 1365 2912 qui
1413 2831 1673 2911 singulis
1724 2831 1942 2891 diebus
2002 2830 2594 2910 congregationibus
2658 2829 2910 2909 agendis
2960 2828 3288 2911 praepositi

668 2958 832 3017 sunt,
870 2956 926 3000 et
958 2958 1103 3001 cum
1137 2938 1209 3000 iis
1241 2938 1300 2998 S.
1337 2939 1410 2999 R.
1446 2939 1513 2999 E.
1548 2937 1920 2998 camerarius
1967 2937 2134 2999 illam
2167 2938 2230 2998 in
2264 2937 2560 2999 omnibus
2592 2951 2650 2996 et
2685 2956 2791 3017 per
2822 2937 3034 2998 omnia
3068 2939 3274 3000 obser-

669 3047 794 3107 vari
828 3062 1157 3127 procurent
1188 3061 1245 3105 et
1280 3044 1516 3107 faciant.

886 3161 914 3223 S
952 3171 1054 3213 22.
1119 3152 1434 3214 Volumus
1485 3149 1669 3211 etiam
1713 3165 1772 3211 et
1821 3150 2234 3236 decernimus,
2269 3169 2671 3211 censurarum
2703 3168 2761 3211 et
2793 3152 3288 3214 excommunica-

668 3261 916 3323 tionum
948 3261 1395 3342 praedictarum
1427 3275 1485 3321 et
1516 3259 1773 3320 aliarum
1809 3278 2362 3341 quarumcumque
2396 3276 2710 3342 praetextu
2757 3261 2851 3321 vel
2885 3280 3066 3322 causa
3098 3260 3288 3320 cardi·-

671 3368 839 3430 nales
890 3389 923 3428 a
972 3369 1200 3429 summi
1248 3367 1565 3429 Pontificis
1611 3366 1912 3427 electione
1959 3367 2151 3428 activa
2199 3382 2258 3428 et
2306 3366 2542 3448 passiva
2588 3367 2828 3428 excludi
2877 3368 3054 3429 nullo
3101 3367 3287 3428 modo

667 3496 867 3559 posse,
900 3497 1057 3558 quas
1089 3477 1347 3557 quidem
1380 3494 1667 3537 censuras
1700 3491 1757 3536 et
1792 3476 2462 3537 excommunicationes
2495 3477 2572 3537 ad
2605 3476 2892 3537 effectum
2929 3472 3286 3537 huiusmodi

668 3584 985 3646 electionis
1031 3599 1296 3661 tantum,
1341 3582 1454 3644 illis
1501 3582 1648 3643 alias
1680 3582 1745 3642 in
1778 3602 1896 3643 suo
1931 3584 2151 3643 robore
2187 3584 2624 3663 permansuris,
2656 3583 3130 3665 suspendimus:
3185 3582 3287 3642 de·

669 3706 989 3752 cernentes
1035 3691 1281 3751 easdem
1326 3688 1993 3750 excommunicationes
2041 3705 2097 3750 et
2143 3708 2432 3751 censuras
2483 3710 2591 3751 eos
2641 3691 2848 3751 solum
2880 3688 3142 3766 afficere,
3176 3687 3285 3768 qui

669 3797 1061 3878 deliquerint,
1098 3817 1226 3860 non
1257 3813 1463 3858 autem
1493 3797 1663 3875 alios,
1685 3797 1962 3858 conclavi
1986 3798 2263 3875 durante,
2288 3798 2396 3877 qui
2423 3816 2567 3858 cum
2590 3797 2663 3857 iis
2688 3796 3028 3858 conversati
3054 3794 3290 3856 fuerint.

882 3914 911 3974 s
950 3924 1048 3985 23.
1081 3906 1395 3982 Ceterum,
1426 3904 1535 3966 etsi
1568 3924 1731 3985 opus
1766 3924 1896 3966 non
1930 3924 2060 3966 esse
2092 3905 2158 3964 in
2196 3904 2476 3965 Domino
2510 3903 2909 3980 confidimus,
2944 3917 3150 3964 tamen
3183 3920 3291 3983 pro

667 4010 853 4072 officii
886 4012 1080 4073 nostri
1113 4011 1338 4090 debite,
1374 4028 1431 4072 et
1464 4011 1551 4072 rei
1584 4011 1659 4072 de
1691 4031 1815 4091 qua
1850 4011 2049 4090 agitur
2079 4010 2390 4091 gravitate,
2425 4011 2861 4089 admonemus,
2882 4012 3203 4071 hortamur
3233 4024 3291 4069 et

667 4118 731 4178 in
755 4117 1031 4179 Domino
1064 4120 1466 4179 obsecramus
1499 4118 1557 4179 S.
1592 4119 1665 4180 R.
1699 4119 1764 4179 E.
1798 4117 2156 4198 cardinaleS,
2193 4134 2262 4178 ut
2297 4132 2521 4178 attente
2553 4117 2946 4178 considerent
2979 4135 3292 4198 personae,

667 4243 856 4304 quam
907 4224 1230 4299 sustinent,
1279 4223 1556 4285 officium
1607 4240 1666 4285 et
1716 4224 2095 4304 dignitatem,
2132 4244 2322 4305 quam
2358 4242 2608 4286 sacrum
2642 4239 2953 4305 praeterea
2985 4238 3044 4285 et
3076 4222 3287 4304 quanti

668 4330 972 4390 momenti
1022 4331 1097 4391 sit
1147 4351 1307 4411 opus
1354 4332 1527 4411 quod
1575 4347 1851 4409 tractant,
1900 4347 1957 4392 et
2005 4332 2160 4393 nihil
2212 4332 2386 4412 quod
2435 4352 2499 4392 se
2549 4350 2677 4392 non
2713 4332 2944 4408 deceat,
2978 4330 3132 4392 nihil
3165 4352 3197 4391 a
3230 4349 3292 4391 re

667 4436 941 4497 alienum
975 4438 1377 4517 committant,
1410 4440 1514 4499 sed
1549 4439 1842 4520 cogitent,
1866 4458 2054 4519 quam
2090 4440 2517 4520 perniciosum
2555 4439 2836 4500 futurum
2869 4439 2946 4501 sit
2977 4439 3293 4499 universae

667 4543 991 4619 Ecclesiae,
1042 4545 1271 4607 Christi
1321 4546 1623 4625 sanguine
1675 4545 2028 4626 acquisitae,
2081 4546 2131 4607 si
2179 4546 2336 4607 male
2384 4546 2877 4616 administretur;
2931 4563 3001 4606 ac
3034 4544 3290 4626 proinde

666 4667 893 4713 exuant
924 4671 1144 4713 omnes
1177 4654 1527 4714 mundanas
1561 4672 1757 4731 curas,
1794 4669 1852 4714 et
1883 4652 2147 4715 induant
2174 4655 2383 4714 solum
2408 4654 2761 4715 Dominum
2783 4668 3064 4714 nostrum
3090 4652 3291 4713 Iesum

666 4759 1006 4836 Christum,
1041 4778 1350 4821 memores
1381 4760 1539 4821 nihil
1570 4761 1864 4842 prodesse
1899 4761 2145 4821 homini
2179 4762 2228 4821 si
2266 4761 2626 4821 universum
2663 4760 2975 4820 mundum
3007 4760 3293 4835 lucretur,

667 4867 907 4928 animae
954 4886 1101 4927 vero
1147 4887 1294 4928 suae
1328 4867 1765 4928 detrimentum
1801 4868 2079 4949 patiatur.
2146 4868 2432 4947 Denique
2472 4866 2749 4927 animum
2786 4867 3102 4927 advertant
3134 4885 3196 4925 se
3229 4864 3293 4924 in

665 4974 940 5034 conclavi
972 4974 1214 5034 clausos
1246 4973 1578 5034 editissima
1613 4974 1675 5033 in
1709 4975 1954 5055 specula
1989 4974 2364 5036 constitutos
2399 4992 2548 5050 esse,
2581 4989 2638 5034 et
2661 4972 2852 5035 factos
2872 4972 3293 5053 spectaculum
