<?xml version="1.0" encoding="UTF-8"?>
<!DOCTYPE html PUBLIC "-//W3C//DTD XHTML 1.0 Transitional//EN"
    "http://www.w3.org/TR/xhtml1/DTD/xhtml1-transitional.dtd">
<html xmlns="http://www.w3.org/1999/xhtml" xml:lang="en" lang="en">
 <head>
  <title>
</title>
<meta http-equiv="Content-Type" content="text/html;charset=utf-8" />
  <meta name='ocr-system' content='tesseract 3.04.00' />
  <meta name='ocr-capabilities' content='ocr_page ocr_carea ocr_par ocr_line ocrx_word'/>
</head>
<body>
  <div class='ocr_page' id='page_1' title='image "./fontesiuriscano00unkngoog/fontesiuriscano00unkngoog_0529.png"; bbox 0 0 3684 5416; ppageno 0'>
   <div class='ocr_carea' id='block_1_1' title="bbox 379 1514 426 1545">
    <p class='ocr_par' dir='ltr' id='par_1_1' title="bbox 379 1514 426 1545">
     <span class='ocr_line' id='line_1_1' title="bbox 379 1514 426 1545; baseline -0.021 0"><span class='ocrx_word' id='word_1_1' title='bbox 379 1514 426 1545; x_wconf 81' lang='lat' dir='ltr'>to</span> 
     </span>
    </p>
   </div>
   <div class='ocr_carea' id='block_1_2' title="bbox 378 2055 422 2098">
    <p class='ocr_par' dir='ltr' id='par_1_2' title="bbox 378 2055 422 2098">
     <span class='ocr_line' id='line_1_2' title="bbox 378 2055 422 2098; baseline 0 0"><span class='ocrx_word' id='word_1_2' title='bbox 378 2055 422 2098; x_wconf 83' lang='lat'>¹5</span> 
     </span>
    </p>
   </div>
   <div class='ocr_carea' id='block_1_3' title="bbox 374 2586 427 2619">
    <p class='ocr_par' dir='ltr' id='par_1_3' title="bbox 374 2586 427 2619">
     <span class='ocr_line' id='line_1_3' title="bbox 374 2586 427 2619; baseline -0.038 0"><span class='ocrx_word' id='word_1_3' title='bbox 374 2586 427 2619; x_wconf 79' lang='lat'>20</span> 
     </span>
    </p>
   </div>
   <div class='ocr_carea' id='block_1_4' title="bbox 374 3121 423 3163">
    <p class='ocr_par' dir='ltr' id='par_1_4' title="bbox 374 3121 423 3163">
     <span class='ocr_line' id='line_1_4' title="bbox 374 3121 423 3163; baseline 0 0"><span class='ocrx_word' id='word_1_4' title='bbox 374 3121 423 3163; x_wconf 83' lang='lat'>²5</span> 
     </span>
    </p>
   </div>
   <div class='ocr_carea' id='block_1_5' title="bbox 373 3654 425 3699">
    <p class='ocr_par' dir='ltr' id='par_1_5' title="bbox 373 3654 425 3699">
     <span class='ocr_line' id='line_1_5' title="bbox 373 3654 425 3699; baseline 0 -15"><span class='ocrx_word' id='word_1_5' title='bbox 373 3654 425 3699; x_wconf 70' lang='lat'>30</span> 
     </span>
    </p>
   </div>
   <div class='ocr_carea' id='block_1_6' title="bbox 373 4188 421 4234">
    <p class='ocr_par' dir='ltr' id='par_1_6' title="bbox 373 4188 421 4234">
     <span class='ocr_line' id='line_1_6' title="bbox 373 4188 421 4234; baseline -0.063 0"><span class='ocrx_word' id='word_1_6' title='bbox 373 4188 421 4234; x_wconf 81' lang='lat'>35</span> 
     </span>
    </p>
   </div>
   <div class='ocr_carea' id='block_1_7' title="bbox 482 346 3100 428">
    <p class='ocr_par' dir='ltr' id='par_1_7' title="bbox 482 346 3100 428">
     <span class='ocr_line' id='line_1_7' title="bbox 482 346 3100 428; baseline 0.002 -29"><span class='ocrx_word' id='word_1_7' title='bbox 482 419 531 424; x_wconf 63' lang='lat'>—</span> <span class='ocrx_word' id='word_1_8' title='bbox 1549 346 1718 401; x_wconf 86' lang='lat' dir='ltr'>Curia</span> <span class='ocrx_word' id='word_1_9' title='bbox 1758 365 2019 403; x_wconf 87' lang='lat' dir='ltr'>romana.</span> <span class='ocrx_word' id='word_1_10' title='bbox 2984 374 3100 428; x_wconf 81' lang='lat'>493</span> 
     </span>
    </p>
   </div>
   <div class='ocr_carea' id='block_1_8' title="bbox 478 527 3105 4995">
    <p class='ocr_par' dir='ltr' id='par_1_8' title="bbox 479 527 3105 1146">
     <span class='ocr_line' id='line_1_8' title="bbox 695 527 3104 620; baseline 0.005 -32"><span class='ocrx_word' id='word_1_11' title='bbox 695 536 724 596; x_wconf 77' lang='lat' dir='ltr'>s</span> <span class='ocrx_word' id='word_1_12' title='bbox 770 548 860 606; x_wconf 84' lang='lat'>¹5·</span> <span class='ocrx_word' id='word_1_13' title='bbox 911 528 984 588; x_wconf 87' lang='lat' dir='ltr'>Et</span> <span class='ocrx_word' id='word_1_14' title='bbox 1028 527 1171 608; x_wconf 86' lang='lat' dir='ltr'>quia</span> <span class='ocrx_word' id='word_1_15' title='bbox 1223 548 1403 610; x_wconf 86' lang='lat' dir='ltr'>saepe</span> <span class='ocrx_word' id='word_1_16' title='bbox 1450 528 1513 590; x_wconf 92' lang='lat' dir='ltr'>in</span> <span class='ocrx_word' id='word_1_17' title='bbox 1547 532 2015 594; x_wconf 87' lang='lat' dir='ltr'>Advocatorum</span> <span class='ocrx_word' id='word_1_18' title='bbox 2047 533 2337 613; x_wconf 88' lang='lat' dir='ltr'>absentia,</span> <span class='ocrx_word' id='word_1_19' title='bbox 2372 554 2589 597; x_wconf 91' lang='lat' dir='ltr'>causae</span> <span class='ocrx_word' id='word_1_20' title='bbox 2622 536 2686 597; x_wconf 94' lang='lat' dir='ltr'>in</span> <span class='ocrx_word' id='word_1_21' title='bbox 2720 536 2962 615; x_wconf 91' lang='lat' dir='ltr'>judiciis</span> <span class='ocrx_word' id='word_1_22' title='bbox 2997 560 3104 620; x_wconf 91' lang='lat' dir='ltr'>per</span> 
     </span>
     <span class='ocr_line' id='line_1_9' title="bbox 483 633 3105 723; baseline 0.005 -29"><span class='ocrx_word' id='word_1_23' title='bbox 483 634 917 696; x_wconf 82' lang='lat' dir='ltr'>Procuratores</span> <span class='ocrx_word' id='word_1_24' title='bbox 966 649 1256 716; x_wconf 83' lang='lat' dir='ltr'>aguntur,</span> <span class='ocrx_word' id='word_1_25' title='bbox 1304 653 1362 696; x_wconf 91' lang='lat' dir='ltr'>et</span> <span class='ocrx_word' id='word_1_26' title='bbox 1392 633 1827 714; x_wconf 88' lang='lat' dir='ltr'>defenduntur,</span> <span class='ocrx_word' id='word_1_27' title='bbox 1862 639 2292 702; x_wconf 81' lang='lat' dir='ltr'>Procuratores</span> <span class='ocrx_word' id='word_1_28' title='bbox 2325 642 2438 723; x_wconf 92' lang='lat' dir='ltr'>ipsi</span> <span class='ocrx_word' id='word_1_29' title='bbox 2471 645 2548 703; x_wconf 92' lang='lat' dir='ltr'>ab</span> <span class='ocrx_word' id='word_1_30' title='bbox 2581 643 2822 720; x_wconf 87' lang='lat' dir='ltr'>injuriis</span> <span class='ocrx_word' id='word_1_31' title='bbox 2853 660 2910 706; x_wconf 92' lang='lat' dir='ltr'>et</span> <span class='ocrx_word' id='word_1_32' title='bbox 2943 665 3105 706; x_wconf 91' lang='lat' dir='ltr'>con-</span> 
     </span>
     <span class='ocr_line' id='line_1_10' title="bbox 479 731 3100 828; baseline 0.005 -29"><span class='ocrx_word' id='word_1_33' title='bbox 479 740 821 802; x_wconf 88' lang='lat' dir='ltr'>tumeliosis</span> <span class='ocrx_word' id='word_1_34' title='bbox 870 741 1090 818; x_wconf 79' lang='lat' dir='ltr'>verbiS,</span> <span class='ocrx_word' id='word_1_35' title='bbox 1140 756 1199 803; x_wconf 92' lang='lat' dir='ltr'>et</span> <span class='ocrx_word' id='word_1_36' title='bbox 1232 742 1396 804; x_wconf 88' lang='lat' dir='ltr'>malo</span> <span class='ocrx_word' id='word_1_37' title='bbox 1429 731 1622 804; x_wconf 88' lang='lat' dir='ltr'>modo</span> <span class='ocrx_word' id='word_1_38' title='bbox 1656 745 1921 822; x_wconf 89' lang='lat' dir='ltr'>dicendi,</span> <span class='ocrx_word' id='word_1_39' title='bbox 1971 761 2030 807; x_wconf 91' lang='lat' dir='ltr'>et</span> <span class='ocrx_word' id='word_1_40' title='bbox 2063 748 2360 828; x_wconf 89' lang='lat' dir='ltr'>loquendi</span> <span class='ocrx_word' id='word_1_41' title='bbox 2395 767 2651 828; x_wconf 88' lang='lat' dir='ltr'>cessent,</span> <span class='ocrx_word' id='word_1_42' title='bbox 2683 766 2741 811; x_wconf 86' lang='lat' dir='ltr'>et</span> <span class='ocrx_word' id='word_1_43' title='bbox 2774 770 2918 812; x_wconf 91' lang='lat' dir='ltr'>cum</span> <span class='ocrx_word' id='word_1_44' title='bbox 2952 753 3100 813; x_wconf 90' lang='lat' dir='ltr'>haec</span> 
     </span>
     <span class='ocr_line' id='line_1_11' title="bbox 480 849 3102 937; baseline 0.005 -31"><span class='ocrx_word' id='word_1_45' title='bbox 480 863 691 927; x_wconf 78' lang='lat' dir='ltr'>agunt,</span> <span class='ocrx_word' id='word_1_46' title='bbox 734 849 952 910; x_wconf 89' lang='lat' dir='ltr'>eadem</span> <span class='ocrx_word' id='word_1_47' title='bbox 996 849 1285 911; x_wconf 90' lang='lat' dir='ltr'>studeant</span> <span class='ocrx_word' id='word_1_48' title='bbox 1330 852 1675 930; x_wconf 87' lang='lat' dir='ltr'>observare,</span> <span class='ocrx_word' id='word_1_49' title='bbox 1724 873 1884 932; x_wconf 87' lang='lat' dir='ltr'>quae</span> <span class='ocrx_word' id='word_1_50' title='bbox 1937 854 2014 914; x_wconf 95' lang='lat' dir='ltr'>de</span> <span class='ocrx_word' id='word_1_51' title='bbox 2061 854 2394 916; x_wconf 85' lang='lat' dir='ltr'>Advocatis</span> <span class='ocrx_word' id='word_1_52' title='bbox 2455 856 2740 937; x_wconf 85' lang='lat' dir='ltr'>superius</span> <span class='ocrx_word' id='word_1_53' title='bbox 2805 858 3102 920; x_wconf 85' lang='lat' dir='ltr'>duximus</span> 
     </span>
     <span class='ocr_line' id='line_1_12' title="bbox 480 954 3099 1046; baseline 0.005 -32"><span class='ocrx_word' id='word_1_54' title='bbox 480 955 817 1016; x_wconf 88' lang='lat' dir='ltr'>statuenda.</span> <span class='ocrx_word' id='word_1_55' title='bbox 883 954 1078 1031; x_wconf 91' lang='lat' dir='ltr'>Quod</span> <span class='ocrx_word' id='word_1_56' title='bbox 1111 955 1161 1016; x_wconf 92' lang='lat' dir='ltr'>si</span> <span class='ocrx_word' id='word_1_57' title='bbox 1194 957 1574 1019; x_wconf 87' lang='lat' dir='ltr'>contrarium</span> <span class='ocrx_word' id='word_1_58' title='bbox 1627 959 1896 1037; x_wconf 80' lang='lat' dir='ltr'>fecerint,</span> <span class='ocrx_word' id='word_1_59' title='bbox 1953 960 2446 1023; x_wconf 84' lang='lat' dir='ltr'>formidabilibus</span> <span class='ocrx_word' id='word_1_60' title='bbox 2494 964 2726 1044; x_wconf 89' lang='lat' dir='ltr'>poenis,</span> <span class='ocrx_word' id='word_1_61' title='bbox 2771 983 2882 1046; x_wconf 94' lang='lat' dir='ltr'>per</span> <span class='ocrx_word' id='word_1_62' title='bbox 2925 965 3099 1026; x_wconf 92' lang='lat' dir='ltr'>Judi-</span> 
     </span>
     <span class='ocr_line' id='line_1_13' title="bbox 480 1061 2925 1146; baseline 0.004 -25"><span class='ocrx_word' id='word_1_63' title='bbox 480 1080 613 1122; x_wconf 90' lang='lat' dir='ltr'>cem</span> <span class='ocrx_word' id='word_1_64' title='bbox 648 1080 867 1122; x_wconf 88' lang='lat' dir='ltr'>causae</span> <span class='ocrx_word' id='word_1_65' title='bbox 900 1061 1095 1123; x_wconf 87' lang='lat' dir='ltr'>taliter</span> <span class='ocrx_word' id='word_1_66' title='bbox 1126 1062 1484 1143; x_wconf 84' lang='lat' dir='ltr'>puniantur,</span> <span class='ocrx_word' id='word_1_67' title='bbox 1534 1080 1603 1125; x_wconf 94' lang='lat' dir='ltr'>ut</span> <span class='ocrx_word' id='word_1_68' title='bbox 1634 1085 1740 1146; x_wconf 90' lang='lat' dir='ltr'>per</span> <span class='ocrx_word' id='word_1_69' title='bbox 1771 1067 1892 1126; x_wconf 89' lang='lat' dir='ltr'>hoc</span> <span class='ocrx_word' id='word_1_70' title='bbox 1925 1068 2142 1128; x_wconf 87' lang='lat' dir='ltr'>caeteri</span> <span class='ocrx_word' id='word_1_71' title='bbox 2177 1089 2210 1129; x_wconf 90' lang='lat' dir='ltr'>a</span> <span class='ocrx_word' id='word_1_72' title='bbox 2243 1067 2554 1131; x_wconf 88' lang='lat' dir='ltr'>similibus</span> <span class='ocrx_word' id='word_1_73' title='bbox 2586 1086 2925 1132; x_wconf 80' lang='lat' dir='ltr'>arceantur.</span> 
     </span>
    </p>

    <p class='ocr_par' dir='ltr' id='par_1_9' title="bbox 480 1167 3102 1467">
     <span class='ocr_line' id='line_1_14' title="bbox 693 1167 3102 1256; baseline 0.005 -29"><span class='ocrx_word' id='word_1_74' title='bbox 693 1176 723 1236; x_wconf 82' lang='lat' dir='ltr'>s</span> <span class='ocrx_word' id='word_1_75' title='bbox 768 1169 859 1228; x_wconf 88' lang='lat'>16.</span> <span class='ocrx_word' id='word_1_76' title='bbox 895 1168 967 1229; x_wconf 88' lang='lat' dir='ltr'>Et</span> <span class='ocrx_word' id='word_1_77' title='bbox 997 1167 1250 1251; x_wconf 89' lang='lat' dir='ltr'>insuper</span> <span class='ocrx_word' id='word_1_78' title='bbox 1281 1170 1641 1250; x_wconf 88' lang='lat' dir='ltr'>dignitatem</span> <span class='ocrx_word' id='word_1_79' title='bbox 1673 1172 1738 1232; x_wconf 92' lang='lat' dir='ltr'>in</span> <span class='ocrx_word' id='word_1_80' title='bbox 1759 1172 2111 1234; x_wconf 88' lang='lat' dir='ltr'>Cathedrali</span> <span class='ocrx_word' id='word_1_81' title='bbox 2149 1173 2450 1252; x_wconf 89' lang='lat' dir='ltr'>majorem</span> <span class='ocrx_word' id='word_1_82' title='bbox 2484 1190 2623 1256; x_wconf 91' lang='lat' dir='ltr'>post</span> <span class='ocrx_word' id='word_1_83' title='bbox 2654 1176 3102 1254; x_wconf 79' lang='lat' dir='ltr'>pontificalem,</span> 
     </span>
     <span class='ocr_line' id='line_1_15' title="bbox 482 1273 3102 1363; baseline 0.003 -30"><span class='ocrx_word' id='word_1_84' title='bbox 482 1274 572 1334; x_wconf 90' lang='lat' dir='ltr'>vel</span> <span class='ocrx_word' id='word_1_85' title='bbox 620 1274 685 1334; x_wconf 93' lang='lat' dir='ltr'>in</span> <span class='ocrx_word' id='word_1_86' title='bbox 718 1273 1054 1353; x_wconf 86' lang='lat' dir='ltr'>Collegiata</span> <span class='ocrx_word' id='word_1_87' title='bbox 1086 1276 1353 1338; x_wconf 81' lang='lat' dir='ltr'>Ecclesia</span> <span class='ocrx_word' id='word_1_88' title='bbox 1399 1278 1804 1360; x_wconf 85' lang='lat' dir='ltr'>principalem</span> <span class='ocrx_word' id='word_1_89' title='bbox 1850 1280 2215 1356; x_wconf 73' lang='lat' dir='ltr'>obtinente8‚</span> <span class='ocrx_word' id='word_1_90' title='bbox 2265 1282 2344 1342; x_wconf 89' lang='lat' dir='ltr'>ad</span> <span class='ocrx_word' id='word_1_91' title='bbox 2376 1281 2656 1343; x_wconf 83' lang='lat' dir='ltr'>officium</span> <span class='ocrx_word' id='word_1_92' title='bbox 2689 1283 2916 1363; x_wconf 90' lang='lat' dir='ltr'>publici</span> <span class='ocrx_word' id='word_1_93' title='bbox 2954 1285 3102 1344; x_wconf 86' lang='lat' dir='ltr'>Pro·</span> 
     </span>
     <span class='ocr_line' id='line_1_16' title="bbox 480 1381 2559 1467; baseline 0.003 -24"><span class='ocrx_word' id='word_1_94' title='bbox 480 1381 773 1443; x_wconf 89' lang='lat' dir='ltr'>curatoris</span> <span class='ocrx_word' id='word_1_95' title='bbox 806 1381 872 1443; x_wconf 92' lang='lat' dir='ltr'>in</span> <span class='ocrx_word' id='word_1_96' title='bbox 903 1382 1062 1444; x_wconf 91' lang='lat' dir='ltr'>dicta</span> <span class='ocrx_word' id='word_1_97' title='bbox 1095 1383 1284 1445; x_wconf 85' lang='lat' dir='ltr'>Curia</span> <span class='ocrx_word' id='word_1_98' title='bbox 1317 1385 1729 1467; x_wconf 89' lang='lat' dir='ltr'>praecipimus</span> <span class='ocrx_word' id='word_1_99' title='bbox 1762 1387 1837 1447; x_wconf 92' lang='lat' dir='ltr'>de</span> <span class='ocrx_word' id='word_1_100' title='bbox 1870 1403 2111 1449; x_wconf 86' lang='lat' dir='ltr'>caetero</span> <span class='ocrx_word' id='word_1_101' title='bbox 2144 1403 2275 1450; x_wconf 93' lang='lat' dir='ltr'>non</span> <span class='ocrx_word' id='word_1_102' title='bbox 2308 1388 2559 1450; x_wconf 85' lang='lat' dir='ltr'>assumi.</span> 
     </span>
    </p>

    <p class='ocr_par' dir='ltr' id='par_1_10' title="bbox 479 1490 3102 2102">
     <span class='ocr_line' id='line_1_17' title="bbox 695 1490 3102 1572; baseline 0.003 -23"><span class='ocrx_word' id='word_1_103' title='bbox 695 1497 723 1558; x_wconf 85' lang='lat' dir='ltr'>S</span> <span class='ocrx_word' id='word_1_104' title='bbox 769 1510 862 1567; x_wconf 89' lang='lat'>17.</span> <span class='ocrx_word' id='word_1_105' title='bbox 910 1490 1209 1551; x_wconf 89' lang='lat' dir='ltr'>Jubemus</span> <span class='ocrx_word' id='word_1_106' title='bbox 1259 1491 1445 1552; x_wconf 90' lang='lat' dir='ltr'>etiam</span> <span class='ocrx_word' id='word_1_107' title='bbox 1494 1491 1727 1553; x_wconf 83' lang='lat' dir='ltr'>eisdem</span> <span class='ocrx_word' id='word_1_108' title='bbox 1776 1494 2305 1572; x_wconf 77' lang='lat' dir='ltr'>ProcuratoribuS,</span> <span class='ocrx_word' id='word_1_109' title='bbox 2352 1511 2411 1556; x_wconf 91' lang='lat' dir='ltr'>et</span> <span class='ocrx_word' id='word_1_110' title='bbox 2456 1496 2727 1557; x_wconf 90' lang='lat' dir='ltr'>Notariis</span> <span class='ocrx_word' id='word_1_111' title='bbox 2773 1515 3102 1558; x_wconf 86' lang='lat' dir='ltr'>causarum</span> 
     </span>
     <span class='ocr_line' id='line_1_18' title="bbox 479 1597 3102 1677; baseline 0.002 -20"><span class='ocrx_word' id='word_1_112' title='bbox 479 1597 621 1658; x_wconf 89' lang='lat' dir='ltr'>dicti</span> <span class='ocrx_word' id='word_1_113' title='bbox 656 1597 884 1676; x_wconf 86' lang='lat' dir='ltr'>Palatii,</span> <span class='ocrx_word' id='word_1_114' title='bbox 934 1614 991 1659; x_wconf 86' lang='lat' dir='ltr'>et</span> <span class='ocrx_word' id='word_1_115' title='bbox 1024 1598 1153 1661; x_wconf 91' lang='lat' dir='ltr'>aliis</span> <span class='ocrx_word' id='word_1_116' title='bbox 1186 1598 1442 1661; x_wconf 88' lang='lat' dir='ltr'>Clericis</span> <span class='ocrx_word' id='word_1_117' title='bbox 1476 1600 1540 1660; x_wconf 95' lang='lat' dir='ltr'>in</span> <span class='ocrx_word' id='word_1_118' title='bbox 1572 1601 1731 1662; x_wconf 88' lang='lat' dir='ltr'>dicta</span> <span class='ocrx_word' id='word_1_119' title='bbox 1764 1603 1954 1664; x_wconf 89' lang='lat' dir='ltr'>Curia</span> <span class='ocrx_word' id='word_1_120' title='bbox 1988 1620 2132 1665; x_wconf 87' lang='lat' dir='ltr'>actu</span> <span class='ocrx_word' id='word_1_121' title='bbox 2166 1625 2277 1665; x_wconf 88' lang='lat' dir='ltr'>sua</span> <span class='ocrx_word' id='word_1_122' title='bbox 2310 1604 2510 1666; x_wconf 85' lang='lat' dir='ltr'>officia</span> <span class='ocrx_word' id='word_1_123' title='bbox 2544 1604 2983 1677; x_wconf 80' lang='lat' dir='ltr'>exercentibus,</span> <span class='ocrx_word' id='word_1_124' title='bbox 3022 1622 3102 1664; x_wconf 91' lang='lat' dir='ltr'>ne</span> 
     </span>
     <span class='ocr_line' id='line_1_19' title="bbox 479 1704 3092 1793; baseline 0.002 -28"><span class='ocrx_word' id='word_1_125' title='bbox 479 1704 875 1766; x_wconf 87' lang='lat' dir='ltr'>Concubinas</span> <span class='ocrx_word' id='word_1_126' title='bbox 921 1705 1161 1786; x_wconf 91' lang='lat' dir='ltr'>publice</span> <span class='ocrx_word' id='word_1_127' title='bbox 1203 1721 1468 1784; x_wconf 86' lang='lat' dir='ltr'>teneant,</span> <span class='ocrx_word' id='word_1_128' title='bbox 1517 1707 1884 1770; x_wconf 88' lang='lat' dir='ltr'>mandantes</span> <span class='ocrx_word' id='word_1_129' title='bbox 1929 1711 2103 1791; x_wconf 92' lang='lat' dir='ltr'>quod</span> <span class='ocrx_word' id='word_1_130' title='bbox 2152 1731 2252 1771; x_wconf 86' lang='lat' dir='ltr'>eas</span> <span class='ocrx_word' id='word_1_131' title='bbox 2286 1712 2362 1772; x_wconf 89' lang='lat' dir='ltr'>de</span> <span class='ocrx_word' id='word_1_132' title='bbox 2397 1712 2699 1793; x_wconf 87' lang='lat' dir='ltr'>praesenti</span> <span class='ocrx_word' id='word_1_133' title='bbox 2734 1711 2976 1791; x_wconf 90' lang='lat' dir='ltr'>publice</span> <span class='ocrx_word' id='word_1_134' title='bbox 3009 1726 3092 1771; x_wconf 93' lang='lat' dir='ltr'>te-</span> 
     </span>
     <span class='ocr_line' id='line_1_20' title="bbox 481 1810 3097 1897; baseline 0.004 -27"><span class='ocrx_word' id='word_1_135' title='bbox 481 1826 695 1871; x_wconf 86' lang='lat' dir='ltr'>nentes</span> <span class='ocrx_word' id='word_1_136' title='bbox 744 1810 900 1872; x_wconf 90' lang='lat' dir='ltr'>infra</span> <span class='ocrx_word' id='word_1_137' title='bbox 953 1831 1233 1873; x_wconf 89' lang='lat' dir='ltr'>mensem</span> <span class='ocrx_word' id='word_1_138' title='bbox 1284 1834 1319 1874; x_wconf 89' lang='lat' dir='ltr'>a</span> <span class='ocrx_word' id='word_1_139' title='bbox 1365 1812 1464 1874; x_wconf 92' lang='lat' dir='ltr'>die</span> <span class='ocrx_word' id='word_1_140' title='bbox 1511 1814 1947 1894; x_wconf 89' lang='lat' dir='ltr'>publicationis</span> <span class='ocrx_word' id='word_1_141' title='bbox 2009 1817 2359 1897; x_wconf 89' lang='lat' dir='ltr'>praedictae</span> <span class='ocrx_word' id='word_1_142' title='bbox 2406 1817 2710 1879; x_wconf 86' lang='lat' dir='ltr'>dimittere</span> <span class='ocrx_word' id='word_1_143' title='bbox 2755 1833 3097 1880; x_wconf 88' lang='lat' dir='ltr'>teneantur.</span> 
     </span>
     <span class='ocr_line' id='line_1_21' title="bbox 484 1917 3102 1999; baseline 0.003 -22"><span class='ocrx_word' id='word_1_144' title='bbox 484 1917 782 1997; x_wconf 85' lang='lat' dir='ltr'>Alioquin</span> <span class='ocrx_word' id='word_1_145' title='bbox 858 1918 1224 1980; x_wconf 87' lang='lat' dir='ltr'>sententiam</span> <span class='ocrx_word' id='word_1_146' title='bbox 1284 1920 1943 1982; x_wconf 84' lang='lat' dir='ltr'>excommunicationis</span> <span class='ocrx_word' id='word_1_147' title='bbox 1994 1921 2332 1999; x_wconf 86' lang='lat' dir='ltr'>incurrant,</span> <span class='ocrx_word' id='word_1_148' title='bbox 2396 1938 2456 1983; x_wconf 91' lang='lat' dir='ltr'>et</span> <span class='ocrx_word' id='word_1_149' title='bbox 2519 1923 2647 1984; x_wconf 91' lang='lat' dir='ltr'>suis</span> <span class='ocrx_word' id='word_1_150' title='bbox 2711 1923 2928 1984; x_wconf 88' lang='lat' dir='ltr'>officiis</span> <span class='ocrx_word' id='word_1_151' title='bbox 2978 1923 3102 1984; x_wconf 89' lang='lat' dir='ltr'>sint</span> 
     </span>
     <span class='ocr_line' id='line_1_22' title="bbox 481 2021 710 2102; baseline -0.004 -19"><span class='ocrx_word' id='word_1_152' title='bbox 481 2021 710 2102; x_wconf 86' lang='lat' dir='ltr'>privati.</span> 
     </span>
    </p>

    <p class='ocr_par' dir='ltr' id='par_1_11' title="bbox 480 2130 3101 2436">
     <span class='ocr_line' id='line_1_23' title="bbox 694 2130 3098 2214; baseline 0.002 -24"><span class='ocrx_word' id='word_1_153' title='bbox 694 2139 722 2198; x_wconf 81' lang='lat' dir='ltr'>s</span> <span class='ocrx_word' id='word_1_154' title='bbox 768 2131 860 2191; x_wconf 84' lang='lat'>18.</span> <span class='ocrx_word' id='word_1_155' title='bbox 894 2130 1250 2192; x_wconf 84' lang='lat' dir='ltr'>Honestum</span> <span class='ocrx_word' id='word_1_156' title='bbox 1283 2147 1591 2214; x_wconf 85' lang='lat' dir='ltr'>praeterea</span> <span class='ocrx_word' id='word_1_157' title='bbox 1622 2150 1838 2212; x_wconf 86' lang='lat' dir='ltr'>gerant</span> <span class='ocrx_word' id='word_1_158' title='bbox 1872 2134 2171 2211; x_wconf 90' lang='lat' dir='ltr'>habitum,</span> <span class='ocrx_word' id='word_1_159' title='bbox 2207 2149 2659 2211; x_wconf 80' lang='lat' dir='ltr'>congruentem</span> <span class='ocrx_word' id='word_1_160' title='bbox 2691 2134 2933 2196; x_wconf 90' lang='lat' dir='ltr'>Clerico</span> <span class='ocrx_word' id='word_1_161' title='bbox 2967 2155 3098 2197; x_wconf 87' lang='lat' dir='ltr'>sae-</span> 
     </span>
     <span class='ocr_line' id='line_1_24' title="bbox 480 2236 3101 2321; baseline 0.002 -26"><span class='ocrx_word' id='word_1_162' title='bbox 480 2236 688 2305; x_wconf 83' lang='lat' dir='ltr'>culari,</span> <span class='ocrx_word' id='word_1_163' title='bbox 725 2255 840 2297; x_wconf 90' lang='lat' dir='ltr'>nec</span> <span class='ocrx_word' id='word_1_164' title='bbox 869 2238 1151 2298; x_wconf 88' lang='lat' dir='ltr'>tabernas</span> <span class='ocrx_word' id='word_1_165' title='bbox 1186 2236 1596 2317; x_wconf 90' lang='lat' dir='ltr'>frequentent,</span> <span class='ocrx_word' id='word_1_166' title='bbox 1633 2253 1693 2299; x_wconf 93' lang='lat' dir='ltr'>et</span> <span class='ocrx_word' id='word_1_167' title='bbox 1721 2240 1771 2300; x_wconf 93' lang='lat' dir='ltr'>si</span> <span class='ocrx_word' id='word_1_168' title='bbox 1805 2241 2186 2301; x_wconf 90' lang='lat' dir='ltr'>contrarium</span> <span class='ocrx_word' id='word_1_169' title='bbox 2222 2239 2496 2321; x_wconf 88' lang='lat' dir='ltr'>fecerint,</span> <span class='ocrx_word' id='word_1_170' title='bbox 2531 2245 2607 2301; x_wconf 92' lang='lat' dir='ltr'>ab</span> <span class='ocrx_word' id='word_1_171' title='bbox 2640 2260 2859 2302; x_wconf 90' lang='lat' dir='ltr'>eorum</span> <span class='ocrx_word' id='word_1_172' title='bbox 2881 2241 3101 2303; x_wconf 81' lang='lat' dir='ltr'>officiis</span> 
     </span>
     <span class='ocr_line' id='line_1_25' title="bbox 480 2343 3099 2436; baseline 0.002 -33"><span class='ocrx_word' id='word_1_173' title='bbox 480 2362 588 2422; x_wconf 92' lang='lat' dir='ltr'>per</span> <span class='ocrx_word' id='word_1_174' title='bbox 618 2343 825 2424; x_wconf 91' lang='lat' dir='ltr'>ipsum</span> <span class='ocrx_word' id='word_1_175' title='bbox 860 2343 1445 2406; x_wconf 80' lang='lat' dir='ltr'>vicecancellarium</span> <span class='ocrx_word' id='word_1_176' title='bbox 1477 2345 1553 2405; x_wconf 88' lang='lat' dir='ltr'>ad</span> <span class='ocrx_word' id='word_1_177' title='bbox 1587 2361 1850 2428; x_wconf 74' lang='lat' dir='ltr'>tempus,</span> <span class='ocrx_word' id='word_1_178' title='bbox 1875 2348 1959 2436; x_wconf 22' lang='lat' dir='ltr'>‘de</span> <span class='ocrx_word' id='word_1_179' title='bbox 1994 2368 2124 2427; x_wconf 94' lang='lat' dir='ltr'>quo</span> <span class='ocrx_word' id='word_1_180' title='bbox 2157 2349 2274 2410; x_wconf 89' lang='lat' dir='ltr'>sibi</span> <span class='ocrx_word' id='word_1_181' title='bbox 2295 2349 2602 2409; x_wconf 87' lang='lat' dir='ltr'>videbitur</span> <span class='ocrx_word' id='word_1_182' title='bbox 2622 2349 3099 2429; x_wconf 89' lang='lat' dir='ltr'>suspendantur.</span> 
     </span>
    </p>

    <p class='ocr_par' dir='ltr' id='par_1_12' title="bbox 478 2452 3102 3924">
     <span class='ocr_line' id='line_1_26' title="bbox 695 2452 3098 2539; baseline 0.002 -27"><span class='ocrx_word' id='word_1_183' title='bbox 695 2461 724 2521; x_wconf 84' lang='lat' dir='ltr'>s</span> <span class='ocrx_word' id='word_1_184' title='bbox 768 2471 864 2529; x_wconf 85' lang='lat'>19.</span> <span class='ocrx_word' id='word_1_185' title='bbox 902 2452 977 2514; x_wconf 88' lang='lat' dir='ltr'>Et</span> <span class='ocrx_word' id='word_1_186' title='bbox 1007 2455 1309 2534; x_wconf 90' lang='lat' dir='ltr'>quoniam</span> <span class='ocrx_word' id='word_1_187' title='bbox 1341 2453 1477 2516; x_wconf 90' lang='lat' dir='ltr'>lites</span> <span class='ocrx_word' id='word_1_188' title='bbox 1509 2475 1695 2536; x_wconf 89' lang='lat' dir='ltr'>super</span> <span class='ocrx_word' id='word_1_189' title='bbox 1726 2457 2052 2537; x_wconf 87' lang='lat' dir='ltr'>quibusvis</span> <span class='ocrx_word' id='word_1_190' title='bbox 2083 2457 2282 2519; x_wconf 88' lang='lat' dir='ltr'>causis</span> <span class='ocrx_word' id='word_1_191' title='bbox 2304 2456 2777 2536; x_wconf 88' lang='lat' dir='ltr'>beneficialibus,</span> <span class='ocrx_word' id='word_1_192' title='bbox 2799 2456 3098 2539; x_wconf 83' lang='lat' dir='ltr'>profanis,</span> 
     </span>
     <span class='ocr_line' id='line_1_27' title="bbox 480 2558 3098 2644; baseline 0.002 -26"><span class='ocrx_word' id='word_1_193' title='bbox 480 2573 537 2618; x_wconf 92' lang='lat' dir='ltr'>et</span> <span class='ocrx_word' id='word_1_194' title='bbox 568 2558 718 2636; x_wconf 83' lang='lat' dir='ltr'>aliis,</span> <span class='ocrx_word' id='word_1_195' title='bbox 752 2579 910 2640; x_wconf 90' lang='lat' dir='ltr'>quae</span> <span class='ocrx_word' id='word_1_196' title='bbox 946 2580 1058 2641; x_wconf 92' lang='lat' dir='ltr'>pro</span> <span class='ocrx_word' id='word_1_197' title='bbox 1090 2577 1369 2642; x_wconf 91' lang='lat' dir='ltr'>tempore</span> <span class='ocrx_word' id='word_1_198' title='bbox 1403 2581 1512 2642; x_wconf 91' lang='lat' dir='ltr'>per</span> <span class='ocrx_word' id='word_1_199' title='bbox 1543 2582 1975 2643; x_wconf 90' lang='lat' dir='ltr'>quascumque</span> <span class='ocrx_word' id='word_1_200' title='bbox 2009 2582 2322 2644; x_wconf 87' lang='lat' dir='ltr'>personas,</span> <span class='ocrx_word' id='word_1_201' title='bbox 2358 2563 2805 2624; x_wconf 73' lang='lat' dir='ltr'>Ecclesiasticus</span> <span class='ocrx_word' id='word_1_202' title='bbox 2836 2564 2933 2624; x_wconf 86' lang='lat' dir='ltr'>vel</span> <span class='ocrx_word' id='word_1_203' title='bbox 2963 2582 3098 2623; x_wconf 91' lang='lat' dir='ltr'>sae-</span> 
     </span>
     <span class='ocr_line' id='line_1_28' title="bbox 480 2665 3095 2751; baseline 0.002 -25"><span class='ocrx_word' id='word_1_204' title='bbox 480 2665 715 2727; x_wconf 89' lang='lat' dir='ltr'>culares</span> <span class='ocrx_word' id='word_1_205' title='bbox 767 2668 830 2728; x_wconf 91' lang='lat' dir='ltr'>in</span> <span class='ocrx_word' id='word_1_206' title='bbox 865 2667 1148 2730; x_wconf 90' lang='lat' dir='ltr'>Romana</span> <span class='ocrx_word' id='word_1_207' title='bbox 1182 2668 1372 2731; x_wconf 89' lang='lat' dir='ltr'>Curia</span> <span class='ocrx_word' id='word_1_208' title='bbox 1405 2688 1479 2730; x_wconf 84' lang='lat' dir='ltr'>ex</span> <span class='ocrx_word' id='word_1_209' title='bbox 1510 2670 1870 2751; x_wconf 87' lang='lat' dir='ltr'>Apostolica</span> <span class='ocrx_word' id='word_1_210' title='bbox 1904 2670 2346 2733; x_wconf 89' lang='lat' dir='ltr'>commissione</span> <span class='ocrx_word' id='word_1_211' title='bbox 2379 2687 2727 2746; x_wconf 88' lang='lat' dir='ltr'>moventur,</span> <span class='ocrx_word' id='word_1_212' title='bbox 2759 2687 2943 2751; x_wconf 89' lang='lat' dir='ltr'>atque</span> <span class='ocrx_word' id='word_1_213' title='bbox 2976 2684 3095 2730; x_wconf 90' lang='lat' dir='ltr'>tra-</span> 
     </span>
     <span class='ocr_line' id='line_1_29' title="bbox 479 2775 3096 2859; baseline 0.002 -25"><span class='ocrx_word' id='word_1_214' title='bbox 479 2789 738 2852; x_wconf 88' lang='lat' dir='ltr'>ctantur,</span> <span class='ocrx_word' id='word_1_215' title='bbox 790 2775 1169 2837; x_wconf 88' lang='lat' dir='ltr'>intendimus</span> <span class='ocrx_word' id='word_1_216' title='bbox 1222 2776 1350 2837; x_wconf 89' lang='lat' dir='ltr'>fieri</span> <span class='ocrx_word' id='word_1_217' title='bbox 1405 2777 1731 2855; x_wconf 78' lang='lat' dir='ltr'>brevioreS,</span> <span class='ocrx_word' id='word_1_218' title='bbox 1782 2793 1844 2838; x_wconf 94' lang='lat' dir='ltr'>et</span> <span class='ocrx_word' id='word_1_219' title='bbox 1889 2795 1953 2839; x_wconf 92' lang='lat' dir='ltr'>ut</span> <span class='ocrx_word' id='word_1_220' title='bbox 2001 2778 2304 2857; x_wconf 86' lang='lat' dir='ltr'>litigantes</span> <span class='ocrx_word' id='word_1_221' title='bbox 2350 2779 2424 2839; x_wconf 90' lang='lat' dir='ltr'>ad</span> <span class='ocrx_word' id='word_1_222' title='bbox 2459 2779 2656 2858; x_wconf 89' lang='lat' dir='ltr'>ipsam</span> <span class='ocrx_word' id='word_1_223' title='bbox 2687 2777 2942 2839; x_wconf 90' lang='lat' dir='ltr'>Curiam</span> <span class='ocrx_word' id='word_1_224' title='bbox 2977 2797 3096 2859; x_wconf 90' lang='lat' dir='ltr'>pro</span> 
     </span>
     <span class='ocr_line' id='line_1_30' title="bbox 480 2880 3096 2966; baseline 0.002 -25"><span class='ocrx_word' id='word_1_225' title='bbox 480 2880 840 2942; x_wconf 86' lang='lat' dir='ltr'>defensione</span> <span class='ocrx_word' id='word_1_226' title='bbox 887 2902 1145 2944; x_wconf 90' lang='lat' dir='ltr'>suorum</span> <span class='ocrx_word' id='word_1_227' title='bbox 1193 2883 1436 2945; x_wconf 89' lang='lat' dir='ltr'>Jurium</span> <span class='ocrx_word' id='word_1_228' title='bbox 1484 2885 1821 2962; x_wconf 85' lang='lat' dir='ltr'>venientes,</span> <span class='ocrx_word' id='word_1_229' title='bbox 1872 2900 1932 2945; x_wconf 91' lang='lat' dir='ltr'>et</span> <span class='ocrx_word' id='word_1_230' title='bbox 1976 2883 2338 2963; x_wconf 87' lang='lat' dir='ltr'>hujusmodi</span> <span class='ocrx_word' id='word_1_231' title='bbox 2385 2905 2598 2946; x_wconf 89' lang='lat' dir='ltr'>causas</span> <span class='ocrx_word' id='word_1_232' title='bbox 2630 2900 3096 2966; x_wconf 78' lang='lat' dir='ltr'>prosequenteS,</span> 
     </span>
     <span class='ocr_line' id='line_1_31' title="bbox 480 2988 3098 3073; baseline 0.002 -26"><span class='ocrx_word' id='word_1_233' title='bbox 480 2988 823 3050; x_wconf 87' lang='lat' dir='ltr'>releventur</span> <span class='ocrx_word' id='word_1_234' title='bbox 854 3010 886 3048; x_wconf 88' lang='lat' dir='ltr'>a</span> <span class='ocrx_word' id='word_1_235' title='bbox 921 2989 1256 3067; x_wconf 91' lang='lat' dir='ltr'>laboribus,</span> <span class='ocrx_word' id='word_1_236' title='bbox 1296 3005 1354 3050; x_wconf 87' lang='lat' dir='ltr'>et</span> <span class='ocrx_word' id='word_1_237' title='bbox 1375 2992 1674 3072; x_wconf 77' lang='lat' dir='ltr'>expensiS,</span> <span class='ocrx_word' id='word_1_238' title='bbox 1707 2991 2053 3069; x_wconf 87' lang='lat' dir='ltr'>statuimus,</span> <span class='ocrx_word' id='word_1_239' title='bbox 2102 3006 2162 3052; x_wconf 91' lang='lat' dir='ltr'>et</span> <span class='ocrx_word' id='word_1_240' title='bbox 2193 2993 2378 3053; x_wconf 90' lang='lat' dir='ltr'>etiam</span> <span class='ocrx_word' id='word_1_241' title='bbox 2411 2993 2791 3069; x_wconf 88' lang='lat' dir='ltr'>ordinamus,</span> <span class='ocrx_word' id='word_1_242' title='bbox 2824 2992 2998 3073; x_wconf 91' lang='lat' dir='ltr'>quod</span> <span class='ocrx_word' id='word_1_243' title='bbox 3033 2993 3098 3053; x_wconf 92' lang='lat' dir='ltr'>in</span> 
     </span>
     <span class='ocr_line' id='line_1_32' title="bbox 479 3095 3102 3181; baseline 0.003 -27"><span class='ocrx_word' id='word_1_244' title='bbox 479 3095 694 3169; x_wconf 85' lang='lat' dir='ltr'>causis,</span> <span class='ocrx_word' id='word_1_245' title='bbox 741 3096 805 3156; x_wconf 91' lang='lat' dir='ltr'>in</span> <span class='ocrx_word' id='word_1_246' title='bbox 839 3096 1068 3175; x_wconf 92' lang='lat' dir='ltr'>quibus</span> <span class='ocrx_word' id='word_1_247' title='bbox 1101 3096 1178 3157; x_wconf 93' lang='lat' dir='ltr'>de</span> <span class='ocrx_word' id='word_1_248' title='bbox 1210 3098 1369 3174; x_wconf 88' lang='lat' dir='ltr'>Jure,</span> <span class='ocrx_word' id='word_1_249' title='bbox 1415 3097 1512 3158; x_wconf 88' lang='lat' dir='ltr'>vel</span> <span class='ocrx_word' id='word_1_250' title='bbox 1543 3097 1689 3159; x_wconf 88' lang='lat' dir='ltr'>alias</span> <span class='ocrx_word' id='word_1_251' title='bbox 1722 3117 1831 3180; x_wconf 91' lang='lat' dir='ltr'>per</span> <span class='ocrx_word' id='word_1_252' title='bbox 1864 3098 2255 3180; x_wconf 89' lang='lat' dir='ltr'>rescriptum,</span> <span class='ocrx_word' id='word_1_253' title='bbox 2291 3100 2416 3161; x_wconf 86' lang='lat' dir='ltr'>sive</span> <span class='ocrx_word' id='word_1_254' title='bbox 2448 3118 2557 3181; x_wconf 91' lang='lat' dir='ltr'>per</span> <span class='ocrx_word' id='word_1_255' title='bbox 2589 3100 3102 3161; x_wconf 87' lang='lat' dir='ltr'>commissionem</span> 
     </span>
     <span class='ocr_line' id='line_1_33' title="bbox 480 3202 3098 3287; baseline 0.002 -25"><span class='ocrx_word' id='word_1_256' title='bbox 480 3203 851 3282; x_wconf 88' lang='lat' dir='ltr'>proceditur,</span> <span class='ocrx_word' id='word_1_257' title='bbox 884 3202 1232 3281; x_wconf 89' lang='lat' dir='ltr'>summarie,</span> <span class='ocrx_word' id='word_1_258' title='bbox 1264 3203 1638 3284; x_wconf 90' lang='lat' dir='ltr'>simpliciter,</span> <span class='ocrx_word' id='word_1_259' title='bbox 1674 3220 1733 3265; x_wconf 92' lang='lat' dir='ltr'>et</span> <span class='ocrx_word' id='word_1_260' title='bbox 1765 3206 1841 3266; x_wconf 90' lang='lat' dir='ltr'>de</span> <span class='ocrx_word' id='word_1_261' title='bbox 1875 3206 2082 3286; x_wconf 77' lang='lat' dir='ltr'>plane,</span> <span class='ocrx_word' id='word_1_262' title='bbox 2128 3206 2258 3266; x_wconf 91' lang='lat' dir='ltr'>sine</span> <span class='ocrx_word' id='word_1_263' title='bbox 2289 3207 2565 3287; x_wconf 90' lang='lat' dir='ltr'>strepitu,</span> <span class='ocrx_word' id='word_1_264' title='bbox 2602 3223 2659 3267; x_wconf 94' lang='lat' dir='ltr'>et</span> <span class='ocrx_word' id='word_1_265' title='bbox 2695 3207 2889 3286; x_wconf 84' lang='lat' dir='ltr'>figura</span> <span class='ocrx_word' id='word_1_266' title='bbox 2923 3207 3098 3268; x_wconf 85' lang='lat' dir='ltr'>Judi-</span> 
     </span>
     <span class='ocr_line' id='line_1_34' title="bbox 480 3308 3102 3394; baseline 0.002 -26"><span class='ocrx_word' id='word_1_267' title='bbox 480 3308 553 3369; x_wconf 90' lang='lat' dir='ltr'>cii</span> <span class='ocrx_word' id='word_1_268' title='bbox 587 3308 720 3369; x_wconf 86' lang='lat' dir='ltr'>talis</span> <span class='ocrx_word' id='word_1_269' title='bbox 752 3310 909 3369; x_wconf 91' lang='lat' dir='ltr'>ordo</span> <span class='ocrx_word' id='word_1_270' title='bbox 943 3325 1234 3385; x_wconf 88' lang='lat' dir='ltr'>servetur,</span> <span class='ocrx_word' id='word_1_271' title='bbox 1269 3310 1565 3371; x_wconf 86' lang='lat' dir='ltr'>videlicet.</span> <span class='ocrx_word' id='word_1_272' title='bbox 1607 3309 1800 3386; x_wconf 92' lang='lat' dir='ltr'>Quod</span> <span class='ocrx_word' id='word_1_273' title='bbox 1834 3312 1900 3372; x_wconf 93' lang='lat' dir='ltr'>in</span> <span class='ocrx_word' id='word_1_274' title='bbox 1933 3314 2128 3392; x_wconf 89' lang='lat' dir='ltr'>prima</span> <span class='ocrx_word' id='word_1_275' title='bbox 2151 3312 2442 3374; x_wconf 90' lang='lat' dir='ltr'>Instantia</span> <span class='ocrx_word' id='word_1_276' title='bbox 2475 3332 2693 3374; x_wconf 88' lang='lat' dir='ltr'>causae</span> <span class='ocrx_word' id='word_1_277' title='bbox 2726 3314 3102 3394; x_wconf 76' lang='lat' dir='ltr'>principaliS,</span> 
     </span>
     <span class='ocr_line' id='line_1_35' title="bbox 478 3415 3100 3498; baseline 0.002 -23"><span class='ocrx_word' id='word_1_278' title='bbox 478 3415 795 3492; x_wconf 90' lang='lat' dir='ltr'>terminus,</span> <span class='ocrx_word' id='word_1_279' title='bbox 843 3416 920 3477; x_wconf 90' lang='lat' dir='ltr'>ad</span> <span class='ocrx_word' id='word_1_280' title='bbox 965 3416 1364 3479; x_wconf 89' lang='lat' dir='ltr'>libellandum</span> <span class='ocrx_word' id='word_1_281' title='bbox 1397 3433 1671 3478; x_wconf 90' lang='lat' dir='ltr'>servetur</span> <span class='ocrx_word' id='word_1_282' title='bbox 1703 3419 1780 3478; x_wconf 94' lang='lat' dir='ltr'>ad</span> <span class='ocrx_word' id='word_1_283' title='bbox 1813 3418 2096 3498; x_wconf 88' lang='lat' dir='ltr'>primam.</span> <span class='ocrx_word' id='word_1_284' title='bbox 2159 3420 2259 3479; x_wconf 89' lang='lat' dir='ltr'>Ad</span> <span class='ocrx_word' id='word_1_285' title='bbox 2295 3419 2628 3494; x_wconf 89' lang='lat' dir='ltr'>jurandum</span> <span class='ocrx_word' id='word_1_286' title='bbox 2663 3419 2739 3479; x_wconf 91' lang='lat' dir='ltr'>de</span> <span class='ocrx_word' id='word_1_287' title='bbox 2787 3419 3100 3479; x_wconf 85' lang='lat' dir='ltr'>calumnia</span> 
     </span>
     <span class='ocr_line' id='line_1_36' title="bbox 480 3523 3093 3604; baseline 0.001 -21"><span class='ocrx_word' id='word_1_288' title='bbox 480 3523 554 3583; x_wconf 88' lang='lat' dir='ltr'>ad</span> <span class='ocrx_word' id='word_1_289' title='bbox 587 3523 869 3604; x_wconf 89' lang='lat' dir='ltr'>primam.</span> <span class='ocrx_word' id='word_1_290' title='bbox 907 3524 1007 3584; x_wconf 86' lang='lat' dir='ltr'>Ad</span> <span class='ocrx_word' id='word_1_291' title='bbox 1041 3524 1428 3604; x_wconf 88' lang='lat' dir='ltr'>ponendum,</span> <span class='ocrx_word' id='word_1_292' title='bbox 1465 3538 1522 3583; x_wconf 91' lang='lat' dir='ltr'>et</span> <span class='ocrx_word' id='word_1_293' title='bbox 1555 3523 2004 3585; x_wconf 90' lang='lat' dir='ltr'>articulandum</span> <span class='ocrx_word' id='word_1_294' title='bbox 2037 3525 2114 3585; x_wconf 90' lang='lat' dir='ltr'>ad</span> <span class='ocrx_word' id='word_1_295' title='bbox 2149 3524 2602 3586; x_wconf 89' lang='lat' dir='ltr'>duodecimam.</span> <span class='ocrx_word' id='word_1_296' title='bbox 2635 3525 2734 3585; x_wconf 86' lang='lat' dir='ltr'>Ad</span> <span class='ocrx_word' id='word_1_297' title='bbox 2755 3526 3093 3585; x_wconf 88' lang='lat' dir='ltr'>dicendum</span> 
     </span>
     <span class='ocr_line' id='line_1_37' title="bbox 482 3629 3101 3709; baseline 0.001 -21"><span class='ocrx_word' id='word_1_298' title='bbox 482 3645 690 3691; x_wconf 88' lang='lat' dir='ltr'>contra</span> <span class='ocrx_word' id='word_1_299' title='bbox 729 3630 1033 3691; x_wconf 87' lang='lat' dir='ltr'>Articulos</span> <span class='ocrx_word' id='word_1_300' title='bbox 1065 3629 1141 3689; x_wconf 91' lang='lat' dir='ltr'>ad</span> <span class='ocrx_word' id='word_1_301' title='bbox 1174 3630 1532 3689; x_wconf 90' lang='lat' dir='ltr'>secundam.</span> <span class='ocrx_word' id='word_1_302' title='bbox 1601 3629 1698 3690; x_wconf 85' lang='lat' dir='ltr'>Ad</span> <span class='ocrx_word' id='word_1_303' title='bbox 1734 3631 2214 3709; x_wconf 89' lang='lat' dir='ltr'>producendum</span> <span class='ocrx_word' id='word_1_304' title='bbox 2252 3630 2461 3691; x_wconf 91' lang='lat' dir='ltr'>omnia</span> <span class='ocrx_word' id='word_1_305' title='bbox 2496 3632 2573 3691; x_wconf 90' lang='lat' dir='ltr'>ad</span> <span class='ocrx_word' id='word_1_306' title='bbox 2608 3632 2966 3695; x_wconf 89' lang='lat' dir='ltr'>secundam.</span> <span class='ocrx_word' id='word_1_307' title='bbox 3001 3632 3101 3691; x_wconf 89' lang='lat' dir='ltr'>Ad</span> 
     </span>
     <span class='ocr_line' id='line_1_38' title="bbox 480 3736 3093 3819; baseline 0.001 -22"><span class='ocrx_word' id='word_1_308' title='bbox 480 3736 811 3797; x_wconf 89' lang='lat' dir='ltr'>dicendum</span> <span class='ocrx_word' id='word_1_309' title='bbox 845 3753 1053 3797; x_wconf 89' lang='lat' dir='ltr'>contra</span> <span class='ocrx_word' id='word_1_310' title='bbox 1088 3737 1385 3817; x_wconf 86' lang='lat' dir='ltr'>producta</span> <span class='ocrx_word' id='word_1_311' title='bbox 1417 3736 1491 3797; x_wconf 89' lang='lat' dir='ltr'>ad</span> <span class='ocrx_word' id='word_1_312' title='bbox 1526 3736 1884 3797; x_wconf 89' lang='lat' dir='ltr'>secundam.</span> <span class='ocrx_word' id='word_1_313' title='bbox 1948 3737 2046 3799; x_wconf 88' lang='lat' dir='ltr'>Ad</span> <span class='ocrx_word' id='word_1_314' title='bbox 2080 3738 2516 3799; x_wconf 88' lang='lat' dir='ltr'>declarandum</span> <span class='ocrx_word' id='word_1_315' title='bbox 2549 3739 2626 3799; x_wconf 88' lang='lat' dir='ltr'>ad</span> <span class='ocrx_word' id='word_1_316' title='bbox 2659 3738 2938 3819; x_wconf 87' lang='lat' dir='ltr'>primam.</span> <span class='ocrx_word' id='word_1_317' title='bbox 2997 3741 3093 3800; x_wconf 84' lang='lat' dir='ltr'>Ad</span> 
     </span>
     <span class='ocr_line' id='line_1_39' title="bbox 479 3843 1489 3924; baseline -0.002 -19"><span class='ocrx_word' id='word_1_318' title='bbox 479 3843 811 3906; x_wconf 90' lang='lat' dir='ltr'>dicendum</span> <span class='ocrx_word' id='word_1_319' title='bbox 846 3859 1061 3904; x_wconf 90' lang='lat' dir='ltr'>contra</span> <span class='ocrx_word' id='word_1_320' title='bbox 1092 3843 1170 3903; x_wconf 89' lang='lat' dir='ltr'>ad</span> <span class='ocrx_word' id='word_1_321' title='bbox 1203 3843 1489 3924; x_wconf 86' lang='lat' dir='ltr'>primam.</span> 
     </span>
    </p>

    <p class='ocr_par' dir='ltr' id='par_1_13' title="bbox 479 3950 3099 4354">
     <span class='ocr_line' id='line_1_40' title="bbox 694 3950 3099 4031; baseline 0.001 -21"><span class='ocrx_word' id='word_1_322' title='bbox 694 3960 723 4020; x_wconf 80' lang='lat' dir='ltr'>s</span> <span class='ocrx_word' id='word_1_323' title='bbox 760 3969 861 4012; x_wconf 90' lang='lat'>20.</span> <span class='ocrx_word' id='word_1_324' title='bbox 914 3951 982 4011; x_wconf 89' lang='lat' dir='ltr'>ln</span> <span class='ocrx_word' id='word_1_325' title='bbox 1014 3952 1286 4011; x_wconf 89' lang='lat' dir='ltr'>secunda</span> <span class='ocrx_word' id='word_1_326' title='bbox 1318 3970 1466 4012; x_wconf 90' lang='lat' dir='ltr'>vero</span> <span class='ocrx_word' id='word_1_327' title='bbox 1500 3950 1788 4011; x_wconf 89' lang='lat' dir='ltr'>Instantia</span> <span class='ocrx_word' id='word_1_328' title='bbox 1822 3950 2124 4012; x_wconf 90' lang='lat' dir='ltr'>terminus</span> <span class='ocrx_word' id='word_1_329' title='bbox 2158 3952 2234 4011; x_wconf 91' lang='lat' dir='ltr'>ad</span> <span class='ocrx_word' id='word_1_330' title='bbox 2265 3952 2675 4012; x_wconf 89' lang='lat' dir='ltr'>libellandum</span> <span class='ocrx_word' id='word_1_331' title='bbox 2707 3952 2781 4012; x_wconf 90' lang='lat' dir='ltr'>ad</span> <span class='ocrx_word' id='word_1_332' title='bbox 2816 3951 3099 4031; x_wconf 86' lang='lat' dir='ltr'>primam.</span> 
     </span>
     <span class='ocr_line' id='line_1_41' title="bbox 484 4056 3097 4137; baseline 0 -19"><span class='ocrx_word' id='word_1_333' title='bbox 484 4058 578 4118; x_wconf 78' lang='lat' dir='ltr'>Ad</span> <span class='ocrx_word' id='word_1_334' title='bbox 629 4056 962 4135; x_wconf 90' lang='lat' dir='ltr'>jurandum</span> <span class='ocrx_word' id='word_1_335' title='bbox 1013 4058 1091 4117; x_wconf 90' lang='lat' dir='ltr'>ad</span> <span class='ocrx_word' id='word_1_336' title='bbox 1142 4057 1422 4137; x_wconf 91' lang='lat' dir='ltr'>primam.</span> <span class='ocrx_word' id='word_1_337' title='bbox 1490 4059 1584 4118; x_wconf 84' lang='lat' dir='ltr'>Ad</span> <span class='ocrx_word' id='word_1_338' title='bbox 1618 4058 2074 4118; x_wconf 89' lang='lat' dir='ltr'>articulandum</span> <span class='ocrx_word' id='word_1_339' title='bbox 2121 4059 2196 4118; x_wconf 90' lang='lat' dir='ltr'>ad</span> <span class='ocrx_word' id='word_1_340' title='bbox 2245 4077 2543 4119; x_wconf 88' lang='lat' dir='ltr'>octavam.</span> <span class='ocrx_word' id='word_1_341' title='bbox 2610 4059 2706 4118; x_wconf 89' lang='lat' dir='ltr'>Ad</span> <span class='ocrx_word' id='word_1_342' title='bbox 2756 4058 3097 4119; x_wconf 88' lang='lat' dir='ltr'>dicendum</span> 
     </span>
     <span class='ocr_line' id='line_1_42' title="bbox 480 4164 3096 4247; baseline 0 -22"><span class='ocrx_word' id='word_1_343' title='bbox 480 4181 686 4225; x_wconf 89' lang='lat' dir='ltr'>contra</span> <span class='ocrx_word' id='word_1_344' title='bbox 738 4164 814 4224; x_wconf 91' lang='lat' dir='ltr'>ad</span> <span class='ocrx_word' id='word_1_345' title='bbox 866 4164 1145 4245; x_wconf 90' lang='lat' dir='ltr'>primam.</span> <span class='ocrx_word' id='word_1_346' title='bbox 1210 4167 1305 4227; x_wconf 73' lang='lat' dir='ltr'>Ad</span> <span class='ocrx_word' id='word_1_347' title='bbox 1360 4166 1840 4245; x_wconf 91' lang='lat' dir='ltr'>producendum</span> <span class='ocrx_word' id='word_1_348' title='bbox 1892 4166 2105 4227; x_wconf 86' lang='lat' dir='ltr'>omnia</span> <span class='ocrx_word' id='word_1_349' title='bbox 2155 4167 2231 4227; x_wconf 85' lang='lat' dir='ltr'>ad</span> <span class='ocrx_word' id='word_1_350' title='bbox 2279 4166 2560 4247; x_wconf 89' lang='lat' dir='ltr'>primam.</span> <span class='ocrx_word' id='word_1_351' title='bbox 2627 4167 2726 4227; x_wconf 89' lang='lat' dir='ltr'>Ad</span> <span class='ocrx_word' id='word_1_352' title='bbox 2759 4166 3096 4227; x_wconf 91' lang='lat' dir='ltr'>dicendum</span> 
     </span>
     <span class='ocr_line' id='line_1_43' title="bbox 479 4272 2371 4354; baseline 0.003 -24"><span class='ocrx_word' id='word_1_353' title='bbox 479 4287 688 4333; x_wconf 89' lang='lat' dir='ltr'>contra</span> <span class='ocrx_word' id='word_1_354' title='bbox 722 4273 800 4333; x_wconf 89' lang='lat' dir='ltr'>ad</span> <span class='ocrx_word' id='word_1_355' title='bbox 830 4272 1111 4353; x_wconf 90' lang='lat' dir='ltr'>primam.</span> <span class='ocrx_word' id='word_1_356' title='bbox 1178 4274 1273 4333; x_wconf 80' lang='lat' dir='ltr'>Ad</span> <span class='ocrx_word' id='word_1_357' title='bbox 1308 4272 1748 4333; x_wconf 89' lang='lat' dir='ltr'>declarandum</span> <span class='ocrx_word' id='word_1_358' title='bbox 1780 4274 1858 4333; x_wconf 89' lang='lat' dir='ltr'>ad</span> <span class='ocrx_word' id='word_1_359' title='bbox 1890 4274 2154 4354; x_wconf 89' lang='lat' dir='ltr'>primam</span> <span class='ocrx_word' id='word_1_360' title='bbox 2187 4274 2371 4336; x_wconf 91' lang='lat' dir='ltr'>diem.</span> 
     </span>
    </p>

    <p class='ocr_par' dir='ltr' id='par_1_14' title="bbox 478 4379 3098 4672">
     <span class='ocr_line' id='line_1_44' title="bbox 692 4379 3098 4461; baseline 0.001 -22"><span class='ocrx_word' id='word_1_361' title='bbox 692 4388 721 4448; x_wconf 85' lang='lat' dir='ltr'>s</span> <span class='ocrx_word' id='word_1_362' title='bbox 759 4399 858 4440; x_wconf 85' lang='lat'>21.</span> <span class='ocrx_word' id='word_1_363' title='bbox 907 4379 973 4439; x_wconf 88' lang='lat' dir='ltr'>In</span> <span class='ocrx_word' id='word_1_364' title='bbox 1026 4379 1193 4439; x_wconf 87' lang='lat' dir='ltr'>tertia</span> <span class='ocrx_word' id='word_1_365' title='bbox 1242 4394 1448 4439; x_wconf 86' lang='lat' dir='ltr'>autem</span> <span class='ocrx_word' id='word_1_366' title='bbox 1484 4380 1775 4442; x_wconf 85' lang='lat' dir='ltr'>Instantia</span> <span class='ocrx_word' id='word_1_367' title='bbox 1821 4396 2139 4441; x_wconf 89' lang='lat' dir='ltr'>serventur</span> <span class='ocrx_word' id='word_1_368' title='bbox 2185 4381 2416 4441; x_wconf 88' lang='lat' dir='ltr'>similes</span> <span class='ocrx_word' id='word_1_369' title='bbox 2462 4380 2723 4458; x_wconf 89' lang='lat' dir='ltr'>termini,</span> <span class='ocrx_word' id='word_1_370' title='bbox 2755 4381 2864 4461; x_wconf 90' lang='lat' dir='ltr'>qui</span> <span class='ocrx_word' id='word_1_371' title='bbox 2901 4380 2966 4440; x_wconf 88' lang='lat' dir='ltr'>in</span> <span class='ocrx_word' id='word_1_372' title='bbox 2999 4400 3098 4441; x_wconf 89' lang='lat' dir='ltr'>se-</span> 
     </span>
     <span class='ocr_line' id='line_1_45' title="bbox 478 4487 3097 4570; baseline 0.001 -24"><span class='ocrx_word' id='word_1_373' title='bbox 478 4488 681 4547; x_wconf 89' lang='lat' dir='ltr'>cunda</span> <span class='ocrx_word' id='word_1_374' title='bbox 714 4504 1033 4547; x_wconf 84' lang='lat' dir='ltr'>servantur</span> <span class='ocrx_word' id='word_1_375' title='bbox 1065 4487 1372 4566; x_wconf 87' lang='lat' dir='ltr'>Instantia,</span> <span class='ocrx_word' id='word_1_376' title='bbox 1421 4489 1495 4548; x_wconf 92' lang='lat' dir='ltr'>ad</span> <span class='ocrx_word' id='word_1_377' title='bbox 1547 4489 1829 4569; x_wconf 89' lang='lat' dir='ltr'>primam,</span> <span class='ocrx_word' id='word_1_378' title='bbox 1868 4504 2102 4570; x_wconf 89' lang='lat' dir='ltr'>praeter</span> <span class='ocrx_word' id='word_1_379' title='bbox 2134 4489 2474 4549; x_wconf 88' lang='lat' dir='ltr'>terminum</span> <span class='ocrx_word' id='word_1_380' title='bbox 2507 4489 2582 4549; x_wconf 87' lang='lat' dir='ltr'>ad</span> <span class='ocrx_word' id='word_1_381' title='bbox 2616 4490 3097 4566; x_wconf 88' lang='lat' dir='ltr'>articulandum,</span> 
     </span>
     <span class='ocr_line' id='line_1_46' title="bbox 479 4593 1485 4672; baseline 0.004 -20"><span class='ocrx_word' id='word_1_382' title='bbox 479 4593 587 4672; x_wconf 81' lang='lat' dir='ltr'>qui</span> <span class='ocrx_word' id='word_1_383' title='bbox 618 4610 892 4656; x_wconf 85' lang='lat' dir='ltr'>servatur</span> <span class='ocrx_word' id='word_1_384' title='bbox 923 4595 1000 4655; x_wconf 86' lang='lat' dir='ltr'>ad</span> <span class='ocrx_word' id='word_1_385' title='bbox 1033 4609 1261 4655; x_wconf 84' lang='lat' dir='ltr'>sextam</span> <span class='ocrx_word' id='word_1_386' title='bbox 1300 4594 1485 4656; x_wconf 90' lang='lat' dir='ltr'>diem.</span> 
     </span>
    </p>

    <p class='ocr_par' dir='ltr' id='par_1_15' title="bbox 479 4700 3098 4995">
     <span class='ocr_line' id='line_1_47' title="bbox 693 4700 3097 4777; baseline 0 -17"><span class='ocrx_word' id='word_1_387' title='bbox 693 4708 722 4767; x_wconf 76' lang='lat' dir='ltr'>S</span> <span class='ocrx_word' id='word_1_388' title='bbox 760 4719 858 4760; x_wconf 79' lang='lat'>22.</span> <span class='ocrx_word' id='word_1_389' title='bbox 908 4700 1144 4762; x_wconf 90' lang='lat' dir='ltr'>Verum</span> <span class='ocrx_word' id='word_1_390' title='bbox 1184 4719 1328 4761; x_wconf 91' lang='lat' dir='ltr'>cum</span> <span class='ocrx_word' id='word_1_391' title='bbox 1362 4701 1609 4761; x_wconf 90' lang='lat' dir='ltr'>termini</span> <span class='ocrx_word' id='word_1_392' title='bbox 1643 4701 1719 4761; x_wconf 88' lang='lat' dir='ltr'>ad</span> <span class='ocrx_word' id='word_1_393' title='bbox 1752 4701 2225 4777; x_wconf 86' lang='lat' dir='ltr'>articulandum,</span> <span class='ocrx_word' id='word_1_394' title='bbox 2262 4702 2596 4764; x_wconf 91' lang='lat' dir='ltr'>dicendum</span> <span class='ocrx_word' id='word_1_395' title='bbox 2630 4717 2841 4762; x_wconf 87' lang='lat' dir='ltr'>contra</span> <span class='ocrx_word' id='word_1_396' title='bbox 2876 4702 3097 4762; x_wconf 89' lang='lat' dir='ltr'>articu-</span> 
     </span>
     <span class='ocr_line' id='line_1_48' title="bbox 479 4806 3097 4889; baseline -0.001 -19"><span class='ocrx_word' id='word_1_397' title='bbox 479 4806 591 4883; x_wconf 82' lang='lat' dir='ltr'>los,</span> <span class='ocrx_word' id='word_1_398' title='bbox 640 4808 715 4866; x_wconf 89' lang='lat' dir='ltr'>ad</span> <span class='ocrx_word' id='word_1_399' title='bbox 765 4808 1237 4887; x_wconf 88' lang='lat' dir='ltr'>producendum</span> <span class='ocrx_word' id='word_1_400' title='bbox 1284 4807 1516 4879; x_wconf 86' lang='lat' dir='ltr'>omnia,</span> <span class='ocrx_word' id='word_1_401' title='bbox 1563 4822 1622 4868; x_wconf 92' lang='lat' dir='ltr'>et</span> <span class='ocrx_word' id='word_1_402' title='bbox 1668 4808 2001 4869; x_wconf 90' lang='lat' dir='ltr'>dicendum</span> <span class='ocrx_word' id='word_1_403' title='bbox 2052 4824 2263 4870; x_wconf 87' lang='lat' dir='ltr'>contra</span> <span class='ocrx_word' id='word_1_404' title='bbox 2299 4810 2616 4889; x_wconf 88' lang='lat' dir='ltr'>producta,</span> <span class='ocrx_word' id='word_1_405' title='bbox 2652 4810 2727 4869; x_wconf 91' lang='lat' dir='ltr'>de</span> <span class='ocrx_word' id='word_1_406' title='bbox 2760 4809 3097 4868; x_wconf 82' lang='lat' dir='ltr'>substantia</span> 
     </span>
     <span class='ocr_line' id='line_1_49' title="bbox 482 4911 3098 4995; baseline 0.001 -23"><span class='ocrx_word' id='word_1_407' title='bbox 482 4911 688 4988; x_wconf 90' lang='lat' dir='ltr'>judicii</span> <span class='ocrx_word' id='word_1_408' title='bbox 755 4929 1123 4975; x_wconf 91' lang='lat' dir='ltr'>censeantur</span> <span class='ocrx_word' id='word_1_409' title='bbox 1172 4913 1447 4991; x_wconf 85' lang='lat' dir='ltr'>existere,</span> <span class='ocrx_word' id='word_1_410' title='bbox 1501 4914 1839 4976; x_wconf 87' lang='lat' dir='ltr'>Statuimus</span> <span class='ocrx_word' id='word_1_411' title='bbox 1897 4931 2081 4995; x_wconf 84' lang='lat' dir='ltr'>atque</span> <span class='ocrx_word' id='word_1_412' title='bbox 2133 4916 2542 4993; x_wconf 77' lang='lat' dir='ltr'>decernimuS,</span> <span class='ocrx_word' id='word_1_413' title='bbox 2592 4916 2762 4995; x_wconf 87' lang='lat' dir='ltr'>quod</span> <span class='ocrx_word' id='word_1_414' title='bbox 2817 4916 3098 4994; x_wconf 87' lang='lat' dir='ltr'>ipsorum</span> 
     </span>
    </p>
   </div>
  </div>
 </body>
</html>
