3684 5416
640 372 714 438 ⁷4
1287 374 1551 429 Potestas
1590 374 1968 431 ecclesiastica
1995 389 2053 432 et
2089 375 2393 446 imperium
2431 375 2607 431 civile.

853 555 1252 618 Traianus
1298 557 1588 619 Plinio.
1651 564 1883 621 Actum
1928 578 2117 640 quem
2165 558 2449 638 debuisti,
2495 560 2581 621 mi
2613 559 2915 639 Secunde,
2963 561 3026 623 in
3057 581 3242 623 excu-

638 661 861 723 tiendis
893 663 1091 724 causis
1121 683 1361 742 eorum,
1396 666 1504 746 qui
1539 666 1873 728 Christiani
1905 666 1982 727 ad
2015 682 2073 728 te
2106 666 2288 728 delati
2322 667 2580 744 fuerant,
2614 683 2862 729 secutus
2892 688 2974 730 es.
3023 670 3244 750 Neque

638 768 808 830 enim
857 769 919 831 in
967 771 1324 832 universum
1377 773 1631 853 aliquid,
1684 774 1857 854 quod
1908 774 2084 855 quasi
2120 790 2345 834 certam
2379 773 2643 835 formam
2675 774 2912 851 habeat,
2955 776 3241 836 constitui

639 891 853 956 potest.
915 877 1343 957 Conquirendi
1391 899 1523 941 non
1558 895 1740 940 sunt:
1793 880 1844 941 si
1878 880 2233 942 deferantur
2265 896 2325 941 et
2353 897 2711 960 arguantur,
2747 881 3044 961 puniendi
3077 899 3245 958 sunt,

557 1005 578 1048 5
636 982 718 1044 ita
748 998 975 1060 tamen,
1025 999 1094 1045 ut
1138 985 1247 1065 qui
1282 986 1595 1065 negaverit
1633 1007 1699 1047 se
1734 985 2162 1049 Christianum
2196 1007 2328 1049 esse
2360 987 2549 1068 idque
2583 1007 2645 1048 re
2681 988 2810 1069 ipsa
2841 987 3241 1051 manifestum

638 1087 863 1167 fecerit,
911 1089 974 1150 id
1020 1106 1111 1151 est
1155 1092 1568 1172 supplicando
1615 1093 1710 1154 dis
1757 1093 2005 1169 nostris,
2058 1092 2341 1173 quamvis
2372 1110 2697 1174 suspectus
2726 1095 2794 1156 in
2826 1095 3245 1176 praeteritum,

636 1194 878 1256 veniam
912 1216 986 1257 ex
1018 1197 1394 1278 paenitentia
1415 1199 1720 1279 impetret.
1757 1198 1905 1261 Sine
1926 1214 2177 1261 auctore
2200 1218 2347 1260 vero
2380 1201 2679 1281 propositi
2700 1200 2889 1263 libelli
2924 1200 3030 1282 [in]
3066 1201 3247 1264 nullo

635 1300 891 1363 crimine
941 1303 1155 1365 locum
1207 1305 1431 1367 habere
1481 1307 1724 1368 debent.
1789 1307 1953 1367 Nam
2007 1322 2066 1368 et
2116 1306 2368 1387 pessimi
2418 1308 2683 1389 exempli
2736 1328 2849 1370 nec
2883 1309 3079 1371 nostri
3111 1328 3243 1369 sae·-

633 1407 756 1468 culi
790 1425 897 1471 est.
968 1407 1025 1488 [1.
1060 1429 1111 1471 c.
1148 1431 1285 1493 pag.
1322 1410 1710 1493 307—308.]

529 1628 577 1659 ιο
1477 1611 1565 1668 17.
1617 1612 1699 1667 Μ.
1738 1611 2112 1668 MINUCIUS
2150 1612 2409 1667 FELIX.

846 1727 874 1756 ‘
913 1728 989 1782 M.
1027 1727 1339 1783 Minucii
1376 1727 1680 1794 Felicis,
1717 1730 1999 1796 Octavius,
2039 1729 2129 1783 ed.
2166 1728 2393 1784 Halm.
2448 1729 2836 1784 Vindobonae
2884 1728 3016 1802 1867
3071 1728 3229 1797 (Cor-

619 1815 731 1881 pus
773 1812 958 1881 script.
999 1811 1128 1862 eccl.
1169 1809 1238 1863 T.
1273 1808 1353 1870 11).
1418 1808 1712 1878 Hartel,
1765 1808 1821 1864 in
1860 1809 2316 1881 Zeitschrzftfur
2352 1810 2438 1862 die
2471 1813 2669 1863 &stem
2708 1809 3066 1880 Gymnasien,
3118 1809 3239 1863 XX.

633 1887 895 1962 348—68.
923 1889 969 1942 B
987 1905 1018 1943 e
1035 1888 1072 1943 h
1088 1906 1140 1956 r,
1165 1891 1285 1944 Der
1306 1890 1569 1942 Octavius
1595 1890 1689 1943 des
1713 1890 1793 1943 M.
1814 1892 2089 1943 Minucius
2116 1890 2262 1943 Felix
2299 1892 2353 1944 in
2378 1891 2576 1942 seinem
2607 1890 2913 1944 Verhdltms
2937 1908 3002 1960 {u
3024 1890 3245 1944 Ciceros

631 1969 885 2023 Biia-bern
908 1971 975 2022 de
1000 1974 1203 2023 natura
1227 1971 1493 2022 Deorum.
1535 1969 1683 2023 Gera
1720 1967 1870 2041 1870.
1924 1971 1971 2023 D
1989 1985 2019 2024 e
2058 1969 2100 2024 F
2116 1967 2149 2023 ὁ
2167 1967 2213 2022 li
2231 1985 2261 2023 c
2279 1983 2311 2022 e
2327 2009 2343 2038 ‚
2380 1955 2551 2022 h‘tude
2574 1985 2675 2022 sur·
2697 1970 2738 2022 l’
2752 1970 3017 2022 Octavius
3040 1969 3107 2022 de
3132 1970 3240 2021 Mi-

528 2073 573 2117 ¹5
631 2053 820 2104 nuct'us
845 2049 1007 2104 Felix.
1037 2048 1192 2105 Blois
1227 2047 1376 2105 1880.
1433 2050 1482 2103 K
1503 2067 1538 2103 u
1554 2066 1586 2104 e
1602 2066 1637 2103 n
1653 2089 1669 2118 ‚
1706 2051 1824 2104 Der
1850 2052 2111 2104 Octavius
2148 2051 2245 2102 des
2282 2051 2559 2102 Minucius
2583 2049 2750 2117 Felix,
2786 2052 2901 2103 eine
2938 2049 3239 2103 heidm'sch·

620 2129 1050 2203 philosoplusche
1087 2131 1432 2202 Auffassung
1469 2148 1588 2184 vom
1628 2129 2055 2184 Christentltum.
2091 2127 2330 2199 Leipzig
2377 2126 2524 2182 1882.
2593 2128 3007 2200 Waltzing‚
3043 2130 3238 2183 Biblio-

622 2209 860 2282 graphie
910 2213 1193 2265 raisonnde
1241 2213 1308 2264 de
1357 2212 1637 2265 Minucius
1675 2211 1819 2264 Felix
1872 2210 1948 2274 (in
1986 2213 2056 2264 Le
2090 2213 2284 2264 Muse‘e
2319 2211 2505 2279 Belge,
2569 2227 2715 2281 ¹902·
2755 2225 2885 2279 pag.
2925 2209 3243 2272 216—261).

628 2291 1214 2359 Bardenhewer,
1253 2293 1288 2360 ξ
1317 2308 1401 2360 24.

1735 2366 1792 2429 O
1811 2388 1842 2427 c
1860 2384 1882 2428 t
1897 2389 1931 2428 a
1947 2389 1983 2427 v
2001 2368 2018 2428 i
2039 2388 2079 2428 u
2096 2388 2142 2427 s,

521 2520 575 2552 20
1675 2493 1768 2569 [C
1767 2494 1989 2554 acilius
2029 2495 2150 2570 ait]
2163 2516 2189 2554 .·

843 2601 990 2683 Cap.
1026 2623 1082 2668 7.
1145 2603 1274 2662 Nec
1319 2618 1523 2662 tamen
1570 2617 1797 2662 temere
1841 2599 2056 2677 (ausim
2090 2601 2255 2662 enim
2290 2601 2534 2661 interim
2567 2617 2623 2661 et
2655 2600 2782 2681 ipse
2815 2602 3150 2662 concedere
3183 2618 3243 2663 et

628 2710 716 2769 sic
761 2708 978 2770 melius
1025 2711 1241 2786 errare)
1294 2710 1557 2771 maiores
1592 2710 1784 2771 nostri
1818 2724 1923 2770 aut
1954 2708 2360 2770 obseruandis
2392 2708 2663 2789 auguriis
2694 2723 2799 2769 aut
2830 2710 2979 2770 extis
3011 2729 3239 2771 consu—

629 2816 828 2877 lendis
873 2833 977 2877 aut
1024 2816 1408 2877 instituendis
1451 2817 1634 2877 sacris
1680 2832 1785 2877 aut
1830 2816 2102 2877 delubris
2147 2816 2503 2878 dedicandis
2550 2835 2801 2898 operam
2836 2832 3239 2878 nauauerunt.

628 2939 832 3008 specta
883 2925 959 2984 de
1003 2923 1171 2985 libris
1220 2923 1616 2984 memoriam:
1671 2923 1792 2984 iam
1841 2943 1949 2985 eos
1996 2923 2418 3004 deprehendes
2464 2923 2735 2984 initiasse
2765 2923 2917 2985 ritus
2950 2925 3238 2985 omnium

521 3056 572 3099 25
630 3030 1021 3109 religionum,
1052 3032 1149 3093 uel
1186 3047 1250 3091 ut
1282 3045 1771 3091 remuneraretur
1801 3030 2009 3090 diuina
2042 3029 2447 3110 indulgentia,
2482 3031 2582 3091 uel
2616 3047 2681 3092 ut
2713 3045 3088 3092 auerteretur
3120 3031 3237 3090 im-

628 3137 874 3197 minens
920 3137 1003 3197 ira
1036 3153 1138 3198 aut
1169 3137 1290 3198 iam
1324 3154 1569 3198 tumens
1606 3152 1664 3197 et
1696 3137 1982 3197 saeuiens
2013 3135 2369 3217 placaretur.
2432 3136 2597 3197 testis
2630 3152 2822 3198 mater
2854 3137 3047 3215 Idaea,
3081 3156 3238 3217 quae

626 3244 896 3304 aduentu
928 3263 1048 3305 suo
1081 3260 1139 3304 et
1170 3243 1455 3324 probauit
1488 3259 1811 3304 matronae
1833 3243 2164 3304 castitatem
2188 3259 2246 3304 et
2268 3245 2481 3304 urbem
2515 3259 2683 3304 metu
2705 3243 2908 3305 hostili
2927 3243 3235 3304 liberauit:

628 3367 804 3412 testes
836 3350 1212 3430 equestrium
1249 3351 1501 3412 fratrum
1536 3351 1599 3411 in
1632 3350 1785 3428 lacu,
1818 3350 1973 3411 sicut
2004 3370 2069 3411 se
2100 3352 2511 3427 ostenderant,
2560 3366 2793 3412 statuae
2824 3365 3231 3425 consecratae,

628 3458 736 3538 qui
781 3458 984 3519 anheli
1033 3458 1460 3538 spumantibus
1505 3457 1680 3537 equis
1712 3473 1896 3537 atque
1930 3456 2308 3517 fumantibus
2340 3458 2417 3518 de
2449 3458 2630 3518 Perse
2665 3457 2987 3519 uictoriam
3018 3457 3233 3517 eadem

521 3591 573 3634 30
628 3564 725 3625 die
757 3585 877 3645 qua
913 3565 1179 3626 fecerant
1213 3565 1650 3625 nuntiauerunt
1676 3585 1690 3624 :
1723 3564 1890 3624 testis
1922 3564 2213 3625 ludorum
2236 3563 2457 3625 offensi
2478 3564 2641 3625 louis
2660 3564 2738 3624 de
2757 3564 3006 3625 somnio
3040 3562 3238 3645 plebei

628 3673 899 3734 hominis
946 3672 1206 3740 iteratio:
1262 3687 1318 3731 et
1352 3671 1684 3732 Deciorum
1734 3671 1987 3733 deuotio
2019 3687 2142 3732 rata
2175 3669 2340 3731 testis
2372 3685 2491 3731 est:
2538 3671 2705 3732 testis
2736 3685 2796 3731 et
2826 3670 3095 3747 Curtius,
3131 3669 3236 3750 qui

626 3780 847 3859 equitis
892 3779 987 3840 sui
1035 3778 1134 3839 uel
1181 3777 1342 3838 mole
1392 3778 1490 3838 uel
1539 3777 1776 3839 honore
1823 3777 2057 3838 hiatum
2106 3776 2450 3858 profundae
2498 3778 2811 3855 uoraginis
2857 3776 3235 3857 coaequauit.

627 3886 1010 3965 frequentius
1043 3886 1222 3946 etiam
1258 3904 1445 3964 quarn
1481 3884 1845 3946 nolebamus
1877 3883 2140 3944 deorum
2175 3883 2577 3964 praesentiam
2599 3899 2950 3965 contempta
2972 3883 3235 3964 auspicia

625 4008 958 4054 contestata
992 4007 1154 4067 sunt.
1207 3992 1290 4051 sic
1324 3991 1481 4051 Allia
1517 4010 1748 4053 nomen
1780 3989 2137 4063 infaustum,
2170 3991 2255 4050 sic
2276 3990 2495 4052 Claudi
2528 4006 2587 4051 et
2617 3990 2748 4051 Iuni
2780 4009 2912 4052 non
2934 3989 3234 4072 proelium

518 4122 567 4166 35
627 4100 689 4159 in
721 4100 986 4173 PoenOS,
1029 4099 1137 4160 sed
1178 4098 1359 4160 ferale
1395 4097 1783 4177 naufragium
1821 4113 1930 4174 est,
1979 4113 2037 4157 et
2068 4113 2134 4158 ut
2166 4097 2590 4178 Trasymenus
2626 4097 3058 4159 Romanorum
3093 4116 3234 4156 san-

623 4207 814 4286 guine
861 4221 919 4267 et
970 4206 1166 4268 maior
1211 4221 1366 4265 esset
1411 4220 1470 4265 et
1515 4204 1785 4276 decolor,
1831 4204 2060 4285 spreuit
2107 4204 2359 4283 auguria
2393 4203 2751 4281 Flaminius,
2782 4220 2840 4265 et
2873 4220 2939 4265 ut
2971 4204 3234 4264 Parthos

624 4314 798 4391 signa
831 4327 1263 4394 repeteremus,
1299 4312 1569 4372 dirarum
1602 4311 2047 4393 inprecationes
2070 4312 2327 4373 Crassus
2360 4327 2419 4373 et
2451 4311 2673 4372 meruit
2692 4326 2750 4371 et
2770 4310 2979 4372 inrisit.
3016 4310 3237 4371 omitto

624 4433 829 4479 uetera
862 4438 1018 4499 quae
1054 4419 1243 4479 multa
1277 4434 1439 4494 sunt,
1489 4434 1546 4478 et
1579 4419 1654 4478 de
1688 4418 1955 4478 deorum
1989 4417 2309 4489 natalibus,
2344 4417 2545 4494 donis,
2581 4417 2939 4477 muneribus
2971 4416 3235 4496 neglego

623 4525 889 4586 carmina
924 4541 1264 4606 poetarum,
1312 4525 1616 4605 praedicta
1651 4524 1834 4585 etiam
1871 4525 1946 4584 de
1979 4523 2245 4584 oraculis
2280 4522 2394 4584 fata
2427 4523 2723 4598 transili0,
2758 4543 2835 4585 ne
2866 4523 3047 4585 uobis
3080 4523 3231 4584 anti·

513 4655 569 4696 40
623 4632 821 4712 quitas
853 4632 1117 4694 nimium
1152 4631 1427 4693 fabulosa
1461 4631 1758 4692 uideatur.
1808 4630 2059 4692 intende
2094 4629 2340 4711 templis
2371 4649 2441 4691 ac
2472 4630 2745 4691 delubris
2776 4630 3059 4708 deorum,
3094 4629 3231 4709 qui—

622 4742 736 4800 bus
770 4741 1046 4801 Romana
1081 4740 1289 4800 ciuitas
1322 4754 1377 4798 et
1411 4738 1748 4818 protegitur
1778 4754 1836 4798 et
1869 4753 2151 4800 ornatur:
2187 4738 2382 4817 magis
2413 4751 2559 4798 sunt
2591 4752 2848 4815 augusta
2869 4736 3231 4797 numinibus

623 4846 858 4923 incoliS,
904 4845 1334 4927 praesentibus,
1382 4845 1694 4925 inquilinis
1741 4865 1929 4925 quam
1978 4844 2166 4921 cultu,
2215 4843 2557 4924 insignibus
2589 4860 2646 4904 et
2681 4843 3043 4904 muneribus
3074 4862 3231 4923 opu·

620 4953 798 5014 lenta.
833 4953 976 5013 inde
1009 4952 1164 5011 adeo
1198 4950 1363 5032 pleni
1395 4967 1453 5011 et
1485 4951 1649 5011 mixti
1685 4951 1802 5012 deo
1836 4966 2007 5012 uates
2042 4951 2242 5011 futura
2277 4965 2703 5031 praecerpunt,
2748 4950 2899 5010 dant
2930 4947 3229 5009 cautelam
