3684 5416
493 1493 557 1525 ·to

493 2025 553 2070 ⁷¹⁵

487 2569 559 2602 ·²o

487 3102 556 3146 ,5

486 3648 557 3693 ,30

501 4183 551 4227 35

611 323 721 394 526
1685 327 1856 382 Curia
1896 345 2154 384 romana.

613 526 671 571 et
704 511 1069 591 exequendi,
1107 511 1374 593 plenam,
1408 513 1662 573 liberam
1699 530 1758 573 et
1787 513 2060 593 amplam
2095 514 2462 594 facultatem,
2511 517 2934 579 auctoritatem
2966 536 3024 580 et
3055 536 3229 600 pote·-

613 634 847 695 statem,
893 619 1225 699 apostolica
1271 620 1645 696 auctoritate,
1691 622 2049 682 earumdem
2099 637 2315 684 tenore
2362 624 2793 704 praesentium,
2829 625 3226 687 concedimus

612 740 672 785 et
702 725 1106 806 impertimur.

827 841 856 902 s
890 853 949 911 4.
1000 833 1082 894 Ut
1130 852 1274 894 vero
1322 853 1416 894 res
1461 835 1610 895 tanti
1658 836 1979 911 momenti,
2013 836 2077 896 in
2108 856 2301 918 quam
2335 855 2597 918 magnos
2630 855 2918 919 sumptus
2950 838 3080 900 fieri
3117 857 3226 900 ne-

612 958 780 1001 cesse
813 957 919 1014 est,
954 960 1061 1021 per
1092 943 1529 1023 temporalium
1562 963 1708 1005 cum
1741 943 2160 1024 spiritualibus
2194 945 2434 1006 felicem
2456 945 3031 1023 commutationem,
3052 945 3227 1007 nullo

612 1048 906 1109 retardata
960 1049 1426 1129 impedimento,
1476 1049 1711 1112 facilius
1758 1067 1816 1112 et
1847 1052 2106 1112 celerius
2140 1053 2450 1133 procedat,
2486 1053 2640 1113 ultra
2675 1072 2762 1128 ea,
2796 1072 2958 1133 quae
2990 1072 3062 1113 ex
3095 1070 3229 1112 arca

611 1170 818 1216 nostra
851 1155 1081 1236 privata
1114 1158 1492 1238 suppeditari
1524 1158 1648 1218 iam
1680 1158 2134 1235 mandavimuS,
2165 1174 2225 1220 et
2257 1160 2536 1240 priorum
2570 1158 2846 1221 fidelium
2878 1159 3228 1221 liberalitate

612 1261 829 1322 collata
862 1279 1026 1338 sunt,
1076 1279 1137 1325 et
1182 1264 1246 1324 in
1282 1280 1600 1346 posterum
1634 1285 1764 1327 non
1797 1265 2082 1327 defutura
2114 1265 2387 1327 subsidia
2424 1266 2487 1326 in
2521 1266 2799 1328 Domino
2834 1265 3226 1343 confidimus,

612 1386 757 1428 cum
811 1384 1095 1431 nostrum
1146 1387 1204 1432 et
1259 1370 1447 1433 huius
1492 1389 1733 1433 sanctae
1766 1371 1942 1434 Sedis
1989 1372 2310 1454 proprium
2357 1373 2433 1433 sit
2481 1374 2824 1454 negotium,
2857 1388 3056 1435 certos
3088 1372 3229 1433 huic

612 1476 782 1555 operi
830 1477 1104 1539 redditus
1151 1498 1223 1539 ex
1271 1497 1508 1540 camera
1556 1496 1762 1541 nostra
1796 1480 2132 1561 apostolica
2165 1480 2229 1541 in
2262 1497 2628 1561 perpetuum
2663 1482 3089 1557 attribuemus,
3122 1497 3225 1539 eo·

614 1599 879 1662 rumque
926 1584 1518 1647 administrationem
1569 1586 1789 1648 iisdem
1822 1587 2234 1648 cardinalibus
2266 1588 2747 1666 committemus,
2781 1603 2968 1670 prout
2999 1588 3065 1647 in
3097 1585 3230 1646 aliis

615 1691 840 1751 nostris
873 1691 1266 1773 expediendis
1299 1693 1509 1754 litteris
1543 1694 1787 1774 plenius
1821 1694 2254 1756 continebitur.

824 1806 854 1867 S
896 1818 948 1878 5.
1000 1800 1358 1862 Cardinales
1403 1816 1629 1874 autem,
1678 1821 1839 1881 quos
1889 1819 2103 1862 sancto
2155 1800 2298 1861 huic
2346 1801 2597 1882 negotio
2647 1801 3051 1882 praeficimus,
3084 1815 3229 1862 sunt

613 1905 724 1985 qui
757 1923 1136 1986 sequuntur:
1188 1909 1505 1969 Antonius
1537 1908 1840 1970 Ostiensis
1872 1908 2136 1987 Saulius,
2170 1909 2503 1969 Odoardus
2522 1908 2878 1970 Sabinensis
2900 1907 3222 1969 Farnesius

614 2011 907 2074 Octavius
941 2014 1393 2093 Praenestinus,
1441 2016 1747 2097 episcopi;
1800 2015 2123 2078 Bandinus
2156 2015 2517 2077 Franciscus
2560 2033 2799 2077 sanctae
2833 2014 3116 2076 Praxedis
3148 2014 3223 2074 de

614 2120 849 2198 Surdis,
887 2122 1229 2202 Maphaeus
1260 2124 1452 2185 sancti
1487 2124 1847 2204 Honuphrii
1882 2124 2270 2201 Barberinus,
2303 2123 2563 2184 Ioannes
2585 2123 2835 2185 Garzias
2865 2136 3227 2183 sanctorum

613 2225 900 2302 Quatuor
932 2227 1395 2290 Coronatorum
1434 2230 1731 2308 Millinus,
1756 2231 1993 2311 Gaspar
2024 2245 2267 2291 sanctae
2301 2229 2521 2292 Crucis
2553 2230 2614 2292 in
2652 2228 3038 2291 Hierusalem
3076 2230 3228 2289 Bor-

612 2333 726 2412 gia,
781 2334 1088 2397 Robertus
1138 2337 1331 2398 sancti
1381 2338 1577 2398 Alexii
1632 2338 2001 2414 Ubaldinus,
2065 2337 2273 2419 Scipio
2324 2352 2562 2398 sanctae
2616 2337 2954 2413 Susannae,
3009 2335 3225 2396 Petrus

613 2440 805 2501 sancti
838 2442 1169 2504 Salvatoris
1215 2444 1278 2504 in
1311 2445 1518 2506 Lauro
1556 2444 1851 2520 Valerius,
1895 2444 2100 2505 ltelius
2132 2445 2515 2506 Friedericus
2561 2445 2751 2505 sancti
2798 2442 3112 2504 Laurentii
3162 2442 3227 2501 in

614 2547 777 2610 Pane
824 2567 883 2611 et
916 2550 1109 2612 Perna
1155 2551 1230 2612 de
1277 2551 1576 2626 Zolleren,
1611 2551 1984 2628 Ludovicus,
2030 2568 2272 2613 sanctae
2307 2550 2534 2613 Mariae
2567 2550 3065 2631 Transpontinae
3098 2548 3224 2608 Lu-

612 2656 905 2735 dovisius,
939 2674 995 2719 et
1027 2657 1075 2718 F
1077 2658 1387 2720 ranciscus
1420 2659 1612 2722 sancti
1647 2660 1935 2722 Matthaei
1967 2659 2294 2722 titulorum
2328 2657 2661 2741 presbyteri
2694 2656 3063 2726 cardinales;
3118 2655 3228 2716 Sa-

611 2781 811 2825 cratus
858 2767 1230 2846 nuncupati;
1282 2768 1528 2848 praelati
1578 2787 1748 2845 ver0,
1781 2768 1984 2831 dilecti
2017 2767 2121 2828 filii
2156 2767 2415 2828 loannes
2451 2766 2712 2846 Baptista
2751 2763 2931 2825 Vives
2963 2764 3025 2824 in
3058 2778 3223 2824 utra-

613 2890 736 2951 que
769 2873 1078 2950 signatura
1111 2891 1315 2935 nostra
1337 2875 1804 2951 referendarius,
1840 2892 1898 2936 et
1915 2875 2179 2936 Ioannes
2203 2875 2464 2956 Baptista
2488 2871 2844 2953 Agucchius
2864 2870 3224 2931 secretarius

614 2996 822 3038 noster
871 3000 939 3039 ac
972 2980 1149 3041 Sedis
1183 2981 1576 3061 Apostolicae
1630 2982 1925 3061 notarius,
1977 2996 2037 3042 et
2071 2981 2441 3043 Dominicus
2491 3001 2523 3041 a
2571 2980 2704 3041 lesu
2742 2979 2933 3040 Maria
2965 2976 3220 3037 Ordinis

614 3085 1085 3146 Carmelitarum
1121 3086 1640 3149 Discalceatorum
1677 3087 1990 3169 professor
2009 3106 2066 3148 et
2086 3088 2347 3149 vicarius
2365 3086 2682 3167 generalis,
2702 3084 3060 3146 secretarius
3082 3101 3227 3143 vero

612 3211 646 3249 a
695 3192 876 3252 nobis
922 3193 1141 3272 pariter
1186 3195 1515 3275 deputatus
1561 3195 1818 3256 dilectus
1867 3195 2030 3257 filius
2062 3195 2427 3256 Franciscus
2457 3195 2712 3276 lngolus
2745 3194 3062 3274 presbyter
3094 3191 3214 3251 Ra-

611 3315 861 3376 vennas,
896 3299 1218 3381 utriusque
1254 3302 1402 3363 iuris
1435 3302 1670 3363 doctor.

825 3418 853 3478 S
890 3412 947 3471 6.
1002 3410 1432 3486 Decernentes‚
1481 3426 1823 3491 praesentes
1871 3410 2094 3470 litteras
2142 3429 2211 3469 ac
2242 3409 2453 3470 omnia
2486 3425 2546 3469 et
2577 3408 2819 3488 singula
2852 3407 2916 3468 in
2948 3406 3035 3467 eis
3067 3425 3220 3467 con-

610 3530 773 3577 tenta
819 3536 1063 3597 semper
1109 3532 1168 3578 et
1215 3533 1517 3598 perpetuo
1564 3517 1779 3593 valida,
1829 3516 2003 3577 firma
2052 3532 2111 3576 et
2143 3514 2409 3576 efficacia
2441 3535 2592 3591 esse,
2628 3535 2698 3575 ac
2731 3517 2806 3575 ab
2839 3515 3136 3576 omnibus
3168 3530 3228 3575 et

610 3624 888 3702 singulis,
934 3627 1009 3685 ad
1058 3643 1221 3705 quos
1254 3640 1485 3706 spectat
1517 3640 1575 3685 et
1609 3625 1674 3686 in
1711 3624 1989 3685 futurum
2024 3621 2499 3703 quomodolibet
2531 3621 2849 3703 spectabit,
2883 3622 3135 3683 firmiter
3167 3637 3226 3684 et

611 3731 1041 3793 inviolabiliter
1073 3748 1370 3813 perpetuo
1403 3731 1711 3792 observari
1746 3732 2000 3804 debere;
2036 3730 2247 3810 sicque
2281 3745 2339 3789 et
2372 3748 2504 3789 non
2536 3728 2723 3806 aliter,
2756 3748 2864 3810 per
2883 3747 3222 3809 quoscum-

613 3857 736 3917 que
787 3839 1018 3900 iudices
1053 3839 1398 3900 ordinarios
1432 3854 1488 3898 et
1522 3839 1853 3917 delegatos,
1886 3838 2065 3898 etiam
2102 3855 2431 3898 causarum
2463 3835 2664 3917 palatii
2697 3835 3017 3916 apostolici
3049 3835 3219 3896 audi-

610 3962 791 4019 tores,
838 3966 906 4007 ac
940 3947 998 4007 S.
1035 3946 1107 4007 R.
1140 3951 1207 4007 E.
1246 3945 1601 4023 cardinales,
1651 3945 1885 4026 ubique
1938 3944 2189 4006 iudicari
2240 3960 2298 4004 et
2330 3943 2572 4004 definiri
2605 3944 2848 4020 debere,
2881 3963 2950 4004 ac
2984 3944 3224 4003 irritum

610 4069 668 4113 et
712 4053 898 4114 inane
946 4053 1245 4135 quicquid
1294 4073 1470 4114 secus
1516 4072 1701 4133 super
1735 4053 1828 4113 his
1861 4074 1894 4113 a
1927 4072 2269 4134 quoquam,
2304 4051 2521 4132 quavis
2553 4050 2932 4129 auctoritate,
2965 4049 3227 4111 scienter

610 4161 702 4220 vel
738 4161 1087 4239 ignoranter
1120 4162 1442 4241 contigerit
1474 4161 1768 4223 attentari.

824 4276 854 4337 s
902 4288 959 4333 7.
1024 4269 1169 4328 Non
1222 4269 1603 4329 obstantibus
1657 4268 1976 4347 quibusvis
2028 4266 2571 4328 constitutionibus
2622 4282 2680 4327 et
2729 4262 3226 4326 ordinationibus

610 4373 981 4454 apostoliciS,
1031 4375 1358 4455 privilegiis
1406 4395 1684 4456 quoque,
1717 4375 1974 4436 indultis
2006 4391 2063 4435 et
2097 4374 2308 4436 litteris
2341 4372 2707 4453 apostolicis,
2741 4369 3063 4451 quibusvis
3096 4368 3214 4430 Or-

610 4482 877 4561 dinibus,
926 4483 1527 4564 congregationibus,
1574 4482 1961 4544 societatibus
2009 4498 2065 4543 et
2099 4481 2402 4559 institutis,
2435 4484 2551 4541 sub
2585 4480 3089 4561 quibuscumque
3129 4493 3216 4537 te·

612 4591 870 4652 noribus
924 4607 982 4651 et
1034 4590 1269 4667 formis,
1324 4611 1393 4652 ac
1444 4610 1588 4651 curn
1638 4590 1974 4670 quibusvis,
2021 4590 2202 4650 etiam
2235 4588 2770 4667 derogatoriarum
2802 4584 3220 4665 derogatoriis,

610 4697 865 4778 aliisque
915 4697 1359 4759 efficacioribus
1406 4714 1463 4759 et
1510 4698 1768 4759 insolitis
1815 4697 2109 4758 clausulis
2156 4717 2225 4757 ac
2270 4696 2660 4771 irritantibuS,
2707 4710 2765 4755 et
2798 4693 2927 4754 aliis
2961 4691 3219 4754 decretis

610 4803 674 4864 in
706 4823 930 4885 genere
966 4804 1058 4865 vel
1091 4804 1156 4864 in
1189 4804 1408 4885 specie,
1440 4825 1510 4865 ac
1542 4804 1688 4865 alias
1719 4804 1787 4863 in
1819 4803 2199 4865 contrarium
2232 4803 2712 4884 praemissorum
2745 4800 3223 4881 quomodolibet

610 4912 934 4990 concessis,
986 4910 1363 4973 confirmatis
1413 4927 1471 4972 et
1523 4911 1852 4972 innovatiS.
1933 4910 2183 4985 Quibus
2231 4911 2525 4972 omnibus
2573 4925 2630 4970 et
2677 4908 2954 4990 singulis,
3002 4926 3226 4969 eorum
