3684 5416
579 1566 628 1599 to

582 2119 628 2164 ¹5

579 3231 629 3276 ²5

691 380 787 453 136
1329 380 1592 437 Potestas
1632 382 2010 439 ecclesiastica
2037 396 2095 439 et
2129 383 2437 456 imperium
2475 385 2651 441 civile.

907 585 997 627 12.
1039 565 1477 647 Episcopis.
1529 567 1681 628 Item
1713 567 1774 629 in
1806 568 2031 630 eodem
2063 570 2346 648 concili0‚
2379 584 2449 630 ut
2479 570 2808 652 episcopus
2839 571 2970 632 eius
3004 571 3277 633 ecclesiae

682 692 894 736 curam
925 673 1141 735 habeat
1173 674 1251 734 ad
1281 692 1475 754 quam
1505 673 1824 736 ordinatus
1856 691 1963 737 est.
2038 673 2258 754 [Cone.
2292 676 2583 738 Antioch.
2616 697 2666 738 c.
2705 676 2822 758 21.]

905 803 924 842 1
945 799 998 859 3.
1044 780 1490 862 Episcopis.
1535 781 1686 842 Item
1718 782 1783 843 in
1814 782 2039 844 eodem
2071 783 2337 846 concilio
2370 800 2617 845 necnon
2648 798 2707 845 et
2739 784 2803 845 in
2822 785 3281 858 calcidonense,

685 903 751 948 ut
796 887 1200 969 provinciales
1246 888 1515 970 episcopi
1548 908 1693 952 cum
1724 909 1841 950 suo
1875 890 2351 971 metropolitano
2383 891 2476 952 bis
2506 891 2569 952 in
2600 910 2767 953 anno
2800 907 3050 973 propter
3081 912 3282 953 causas

683 993 973 1056 ecclesiae
1005 995 1260 1057 concilia
1292 996 1615 1057 celebrent.
1679 994 1897 1075 [Cone.
1933 997 2222 1060 Antioch.
2255 1018 2306 1059 c.
2346 1016 2460 1072 2o;
2511 998 2709 1061 Cone.
2741 1000 2955 1061 Chalc.
2990 1018 3040 1059 c.
3084 997 3194 1078 19·]

908 1122 1001 1181 14.
1065 1102 1502 1184 Episcopis.
1577 1103 1642 1164 In
1687 1103 1951 1166 concilio
1983 1104 2362 1166 Laudicense
2395 1124 2644 1167 necnon
2675 1106 2740 1167 in
2772 1106 3086 1168 Affricano
3119 1125 3282 1188 prae-

681 1209 920 1291 cipitur,
966 1225 1035 1270 ut
1081 1209 1372 1271 monachi
1416 1226 1475 1271 et
1504 1210 1704 1272 clerici
1735 1213 2014 1273 tabernas
2045 1231 2175 1273 non
2206 1212 2629 1291 ingrediantur
2659 1213 2883 1274 edendi
2916 1213 3013 1275 vel
3046 1213 3282 1275 bibendi

681 1335 883 1378 causa.
955 1315 1171 1396 [Cone.
1203 1317 1455 1378 Laodic.
1489 1337 1541 1378 c.
1580 1337 1697 1395 24:
1748 1319 1944 1380 Cone.
1976 1318 2165 1381 Afric.
2199 1339 2248 1381 c.
2284 1316 2364 1399 7.]

909 1453 1000 1512 ¹5·
1050 1437 1103 1493 Α
1123 1434 1160 1494 d
1208 1451 1496 1494 omneS.
1552 1434 1699 1495 Item
1730 1434 1795 1495 in
1827 1435 2052 1497 eodem
2085 1435 2366 1511 concilio,
2398 1451 2467 1496 ut
2496 1458 2530 1497 a
2563 1456 2813 1518 vespera
2843 1456 3045 1517 usque
3077 1438 3154 1497 ad
3185 1456 3284 1496 ve-

680 1558 924 1621 speram
956 1539 1084 1600 dies
1116 1540 1426 1601 dominica
1458 1557 1746 1603 servetur.
1812 1540 2029 1621 [Cone.
2061 1542 2307 1604 Laodic.
2344 1561 2392 1603 c.
2432 1540 2554 1622 29.]

914 1659 1007 1720 16.
1075 1657 1483 1720 Omnibus,
1552 1658 1702 1720 Item
1748 1660 1812 1721 in
1858 1661 2082 1723 eodem
2128 1661 2408 1738 concili0,
2439 1677 2507 1722 ut
2537 1660 2749 1740 ignota
2780 1661 3148 1741 angelorum
3179 1680 3285 1722 no-

684 1765 848 1826 mina
884 1784 997 1826 nec
1030 1764 1337 1846 fingantur
1367 1785 1479 1827 nec
1513 1765 1930 1845 nominentur,
1980 1767 2098 1828 nisi
2129 1767 2265 1828 illos
2298 1786 2459 1847 quos
2490 1766 2791 1828 habemus
2824 1767 2888 1828 in
2919 1767 3288 1840 auctoritate,

684 1873 747 1934 id
778 1888 923 1934 sunt
956 1873 1283 1953 Michahel‚
1318 1873 1630 1953 Gabrihel,
1666 1874 1945 1936 Rasahel.
2012 1872 2226 1955 [Cone.
2259 1875 2507 1937 Laodic.
2541 1895 2589 1939 c.
2628 1872 2747 1956 35.]

913 2009 1002 2056 17.
1067 1990 1412 2052 Clericis
1459 2007 1530 2051 et
1577 1990 2001 2054 nonnanis,
2076 1990 2230 2053 Item
2272 1990 2339 2052 in
2385 1991 2609 2052 eodem
2641 1989 2922 2064 concili0‚
2955 1991 3127 2071 quod
3163 2009 3288 2051 non

685 2111 964 2177 oporteat
994 2095 1280 2157 mulieres
1312 2098 1389 2158 ad
1420 2096 1605 2158 altare
1639 2097 1895 2177 ingredi.
1963 2094 2180 2177 [Cone.
2216 2096 2467 2159 Laodic.
2504 2115 2552 2157 c.
2585 2094 2713 2177 44.]

910 2212 1002 2273 18.
1035 2209 1625 2274 Sacerdotibus.
1689 2211 1841 2274 Item
1874 2213 1937 2275 in
1969 2214 2192 2274 eodem
2225 2214 2509 2292 concili0,
2543 2228 2611 2274 ut
2641 2211 2978 2287 cauclearii,
3010 2211 3285 2288 malefici,

684 2319 1091 2381 incantatores
1125 2319 1218 2380 vel
1251 2319 1671 2381 incantatrices
1704 2320 1832 2382 fieri
1869 2339 2001 2383 non
2034 2321 2326 2382 sinantur.
2388 2318 2605 2400 [Cone.
2635 2319 2826 2382 Laod.
2859 2338 2907 2379 c.
2943 2317 3062 2398 36.]

911 2455 1002 2512 19.
1038 2433 1444 2495 Omnibus,
1496 2436 1646 2496 Item
1677 2436 1743 2497 in
1777 2437 2001 2497 eodem
2033 2436 2296 2499 concilio
2330 2454 2578 2498 necnon
2613 2435 2675 2497 in
2709 2433 3087 2512 Sardicense‚
3124 2432 3289 2514 quod

685 2561 813 2603 non
844 2556 1123 2622 oporteat
1153 2541 1216 2601 in
1247 2539 1467 2602 villolis
1499 2542 1596 2603 vel
1627 2541 1689 2603 in
1721 2542 1881 2622 agris
1912 2544 2238 2625 episcopos
2270 2541 2575 2605 constitui.
2630 2540 2844 2622 [Cone.
2864 2540 3092 2603 Sardic.
3126 2560 3176 2601 c.
3212 2536 3287 2618 6.]

903 2677 1002 2721 20.
1065 2656 1657 2721 Sacerdotibus.
1721 2659 1873 2722 Item
1905 2660 1970 2721 in
2002 2660 2225 2722 eodem
2257 2658 2541 2737 concilio,
2576 2674 2642 2719 ut
2674 2654 2958 2720 canonici
2988 2653 3125 2716 libri
3157 2670 3288 2715 tan-

683 2780 818 2827 tum
850 2765 1136 2846 legantur
1169 2764 1231 2825 in
1264 2764 1531 2828 ecclesia.
1595 2765 1806 2846 [Cone.
1842 2767 2036 2831 Laod.
2069 2787 2116 2828 e.
2166 2763 2282 2855 59]

905 2902 1006 2944 21.
1075 2881 1420 2944 Clericis
1467 2899 1538 2944 et
1585 2885 2020 2947 monachis.
2095 2885 2158 2946 In
2210 2883 2471 2945 concilio
2523 2880 2994 2959 Calcidonense,
3044 2895 3114 2940 ut
3166 2898 3290 2939 non

686 3005 966 3070 oporteat
997 2989 1320 3070 episcopos
1353 3006 1456 3051 aut
1487 2991 1823 3071 quemlibet
1856 3012 1927 3053 ex
1959 2992 2122 3054 clero
2155 3011 2264 3073 per
2295 2990 2585 3073 pecunias
2617 2987 2917 3050 ordinari:
2971 2986 3114 3067 quia
3148 2984 3290 3046 utri·

685 3114 807 3176 que
840 3095 1194 3177 deponendi
1226 3113 1390 3175 sunt,
1423 3113 1481 3158 et
1512 3098 1618 3178 qui
1651 3099 1891 3160 ordinat
1922 3114 1979 3160 et
2011 3099 2116 3179 qui
2149 3099 2483 3171 ordinatur,
2514 3115 2763 3158 necnon
2792 3110 2851 3156 et
2871 3094 2978 3175 qui
2996 3093 3293 3156 mediator

686 3219 776 3265 est
808 3220 967 3265 mter
997 3223 1123 3265 eoS.

906 3341 1007 3384 22.
1058 3321 1342 3384 Omnib
1361 3342 1465 3383 us.
1502 3323 1651 3384 Item
1683 3323 1760 3384 de
1792 3323 2011 3385 eadem
2044 3342 2107 3383 re
2138 3322 2203 3384 in
2238 3321 2578 3384 canonibus
2599 3319 3027 3402 apostolorum
3044 3315 3289 3397 legitur:

688 3449 878 3510 quam
925 3428 1189 3490 heresim
1234 3428 1352 3490 iam
1388 3429 1516 3511 ipse
1549 3430 1826 3512 princeps
1859 3430 2285 3511 apostolorum
2330 3428 2393 3491 in
2424 3428 2678 3490 Simone
2729 3443 2914 3506 mago
2958 3421 3294 3484 terribiliter

690 3537 1018 3600 damnavit.
1093 3534 1307 3616 [Conc.
1341 3536 1553 3598 Chalc.
1588 3557 1638 3600 c.
1677 3557 1745 3611 23
1797 3538 1951 3600 Can.
1985 3544 2198 3618 Apost.
2234 3533 2354 3617 3o.]

907 3675 1008 3736 23.
1060 3653 1472 3715 Omnibus.
1537 3653 1689 3714 Item
1733 3652 1797 3714 in
1840 3654 2065 3714 eodem
2111 3652 2373 3715 concilio
2406 3650 2560 3713 infra
2592 3650 2721 3713 duo
2754 3647 3016 3730 capitula
3048 3662 3294 3707 necnon

687 3778 747 3823 et
792 3761 855 3823 in
901 3760 1155 3823 decretis
1186 3761 1414 3823 Leonis
1459 3780 1665 3843 papae,
1718 3776 1784 3821 ut
1816 3780 1931 3822 nec
1963 3761 2306 3823 monachus
2338 3779 2450 3820 nec
2482 3758 2736 3820 clericus
2767 3757 2830 3817 in
2863 3752 3154 3818 secularia
3189 3770 3293 3812 ne-

687 3869 851 3949 gotia
882 3884 1161 3935 transeat.
1228 3869 1299 3930 Et
1333 3883 1399 3929 ut
1428 3887 1677 3929 servum
1709 3867 1957 3928 alterius
1992 3867 2200 3928 nullus
2230 3865 2514 3928 sollicitet
2544 3865 2619 3926 ad
2660 3861 2999 3925 clericalem
3030 3858 3129 3921 vel
3161 3876 3294 3920 mo·

688 3976 1013 4038 nachicum
1047 3976 1332 4036 ordinem
1365 3976 1496 4038 sine
1529 3975 1841 4036 voluntate
1876 3990 1935 4035 et
1966 3974 2201 4035 licentia
2234 3972 2473 4035 domini
2505 3971 2618 4033 sui.
2669 3968 2881 4050 [Cone.
2902 3967 3116 4047 Chalc.
3136 3985 3184 4027 c.
3215 3960 3293 4044 4.]

907 4111 1008 4171 24.
1040 4091 1455 4153 Sacerdoti
1475 4094 1633 4152 bus.
1680 4091 1831 4152 Item
1862 4091 1924 4152 in
1956 4090 2180 4151 eodem
2213 4089 2475 4150 concilio
2507 4086 2660 4150 infra
2692 4087 2822 4148 duo
2856 4084 3118 4166 capitula
3150 4101 3292 4144 nec-

691 4184 819 4258 non
862 4213 921 4258 et
958 4196 1021 4258 in
1053 4196 1432 4273 Sardicense‚
1479 4212 1547 4258 ut
1577 4217 1690 4259 nec
1721 4195 1991 4277 episcopi
2026 4214 2139 4257 nec
2172 4194 2367 4256 clerici
2402 4213 2529 4255 non
2561 4192 3073 4272 transmigrentur
3105 4189 3181 4251 de
3213 4187 3293 4248 ci-

585 4334 637 4381 35
692 4303 871 4364 vitate
903 4303 966 4365 in
997 4304 1321 4365 civitatem.
1388 4302 1598 4383 [Cone.
1633 4303 1845 4367 Chalc.
1877 4323 1926 4364 c.
1970 4323 2035 4382 5;
2086 4304 2283 4364 Cone.
2318 4300 2674 4371 Sardicense
2708 4320 2758 4362 c.
2802 4295 2869 4377 1.]
2948 4318 2951 4319 ⁷

585 4873 641 4913 40

911 4440 1012 4499 25.
1046 4419 1277 4481 Omni
1297 4421 1455 4480 bus.
1492 4419 1642 4480 Item
1674 4420 1737 4481 in
1770 4420 1996 4481 eodem
2028 4419 2293 4501 synodo,
2331 4435 2396 4481 ut
2428 4417 2640 4479 nullus
2672 4415 2949 4478 absolute
2982 4412 3293 4475 ordinetur

693 4527 824 4589 sine
857 4526 1356 4609 pronuntiatione
1390 4542 1447 4587 et
1479 4526 1800 4587 stabilitate
1829 4526 1949 4588 loci
1981 4525 2058 4586 ad
2092 4544 2280 4606 quem
2301 4524 2634 4585 ordinatur.
2673 4521 2889 4602 [Cone.
2912 4520 3125 4584 Chalc.
3147 4538 3195 4579 c.
3216 4513 3289 4594 6.]

912 4643 1011 4705 26.
1059 4641 1480 4703 Monachis
1529 4657 1599 4703 et
1646 4641 1857 4704 omni
1906 4643 2140 4703 clero.
2202 4640 2354 4701 Item
2398 4640 2464 4700 in
2508 4639 2734 4701 eodem
2766 4636 3046 4711 concilio,
3078 4650 3147 4696 ut
3176 4632 3292 4694 cle-

692 4748 796 4810 rici
829 4764 891 4810 et
920 4748 1211 4810 monachi
1245 4748 1311 4809 in
1342 4768 1459 4810 suo
1492 4748 1811 4830 proposito
1845 4763 1903 4809 et
1930 4763 2078 4810 voto
2099 4747 2270 4828 quod
2295 4747 2429 4808 Deo
2450 4745 2863 4827 promiserunt
2880 4747 3291 4825 permaneant.

693 4856 906 4938 [Cone.
940 4857 1151 4919 Chalc.
1186 4876 1235 4917 c.
1271 4857 1357 4933 7.]

913 4991 1012 5038 27.
1056 4972 1144 5033 Sa
1164 4971 1650 5034 cerdotibus.
1713 4970 1865 5032 Item
1897 4970 1959 5031 in
1992 4970 2249 5033 decretis
2282 4967 2599 5030 Innocenti
2632 4986 2823 5048 papae
2855 4967 2933 5028 de
2964 4965 3180 5026 eadem
3209 4980 3289 5029 re,
