3684 5416
297 989 319 1034 5

275 1522 321 1555 lo

273 2069 319 2115 ι5

272 3137 318 3183 ²5

271 3671 321 3716 30

273 4204 319 4249 35

1011 357 1275 411 Potestas
1316 355 1696 412 ecclesiastica
1734 369 1791 412 et
1827 353 2131 424 imperium
2171 349 2351 432 civile.
2780 427 2801 428 ἶ
2880 349 2972 417 165

373 539 579 601 minus
623 560 737 621 pro
782 540 984 622 aliqua
1018 541 1197 622 culpa
1230 560 1378 602 eum
1409 541 1736 623 deponere.
1798 540 2087 620 Namque
2119 536 2181 599 in
2213 533 2627 597 ecclesiasticis
2660 531 2979 595 ordinibus

371 645 618 707 maioris
649 663 738 707 est
769 647 1098 727 potestatiS,
1137 647 1448 728 deponere
1481 666 1671 728 quam
1704 646 2008 708 ordinare.
2035 641 2328 726 Episcopi
2361 641 2528 703 enim
2550 654 2807 722 possunt
2829 636 2980 697 alios

371 751 694 833 episcopos
724 752 1029 830 ordinare,
1061 753 1169 814 sed
1204 754 1379 814 nullo
1411 753 1605 816 modo
1638 755 1771 816 sine
1805 753 2160 814 auctoritate
2192 748 2563 832 apostolicae
2594 745 2755 807 sedis
2786 745 2981 826 depo-

368 877 533 920 nere.
595 855 754 933 Quis
785 858 988 938 igitur,
1032 861 1127 921 vel
1161 860 1424 922 tenuiter
1454 859 1701 937 sciolus,
1732 858 2077 921 sacerdotes
2110 855 2349 917 dubitet
2381 853 2628 935 regibus
2663 849 2982 913 anteferri?

369 964 616 1041 Quodsi
648 985 819 1046 reges
853 987 969 1048 pro
1001 967 1265 1049 peccatis
1299 969 1426 1030 suis
1458 990 1492 1029 a
1525 967 1951 1030 sacerdotibus
1983 980 2127 1025 sunt
2158 961 2487 1040 iudicandi,
2537 981 2570 1021 a
2604 979 2732 1042 quo
2765 958 2985 1020 rectius

370 1090 560 1152 quam
591 1092 626 1131 a
660 1072 952 1135 Romano
986 1073 1277 1155 pontifice
1309 1073 1563 1136 iudicari
1594 1074 1860 1155 debent?

587 1181 686 1241 Ad
718 1201 1049 1260 summam,
1084 1184 1392 1263 quoslibet
1422 1186 1626 1244 bonos
1658 1181 2017 1243 christianos
2050 1180 2248 1241 multo
2280 1176 2766 1253 convenientiuS,
2798 1193 2987 1256 quam

372 1286 566 1349 malos
617 1286 943 1369 principes,
989 1309 1163 1370 reges
1195 1289 1453 1371 intelligi
1486 1290 1675 1352 decet.
1738 1289 1835 1350 Isti
1869 1288 2057 1366 enim,
2105 1286 2367 1367 gloriam
2399 1284 2513 1346 Dei
2547 1283 2890 1365 querendo,
2922 1301 2987 1342 se

369 1392 534 1475 ipsos
565 1407 815 1455 strenue
852 1412 1105 1475 regun13
1140 1412 1199 1457 at
1229 1396 1334 1475 illi,
1366 1415 1499 1458 non
1531 1415 1689 1477 quae
1723 1396 1837 1457 Dei
1870 1411 2015 1457 sunt
2045 1395 2153 1456 sed
2186 1413 2295 1454 sua
2330 1406 2713 1473 quaerentes,
2747 1389 2989 1451 sibimet

370 1500 602 1579 hostes,
634 1500 786 1562 alios
815 1501 1129 1584 tyrannice
1163 1502 1538 1585 opprimunt.
1571 1501 1652 1563 Hi
1686 1501 1812 1563 veri
1845 1501 2003 1581 regis
2027 1499 2275 1579 Christi,
2306 1498 2392 1560 illi
2423 1518 2570 1561 vero
2592 1496 2820 1559 diaboli
2852 1516 2986 1558 cor-

370 1627 486 1688 pus
517 1624 686 1670 sunt.
749 1608 850 1670 lsti
882 1610 957 1670 ad
993 1611 1114 1671 hoc
1144 1610 1257 1671 sibi
1290 1610 1611 1691 imperant,
1648 1625 1714 1669 ut
1745 1628 1893 1669 curn
1923 1627 2181 1669 summo
2214 1607 2578 1688 imperatore
2612 1602 2990 1665 aeternaliter

369 1732 659 1796 regnent;
696 1715 946 1777 illorum
979 1735 1126 1777 vero
1159 1716 1221 1778 id
1254 1731 1519 1797 potestas
1551 1715 1692 1794 agit,
1728 1731 1795 1775 ut
1827 1734 1987 1796 cum
2019 1716 2413 1775 tenebrarum
2433 1711 2724 1794 principe,
2759 1709 2866 1791 qui
2887 1728 2988 1770 rex

369 1840 455 1885 est
485 1842 676 1904 super
706 1842 927 1884 omnes
961 1823 1119 1885 filios
1151 1821 1453 1904 superbie,
1483 1836 1726 1883 aeterna
1760 1820 2203 1903 dampnatione
2236 1820 2598 1901 dispereant.

583 1930 717 1991 Nec
762 1929 935 1990 valde
985 1950 1133 1990 sane
1178 1929 1531 1990 mirandum
1577 1945 1685 2006 est,
1730 1928 1907 2008 quod
1941 1926 2086 1988 mali
2125 1926 2450 2007 pontifices
2482 1925 2697 2007 iniquo
2732 1924 2857 2004 regi
2903 1958 2989 1967 —

371 2055 578 2117 quem,
603 2035 835 2117 adeptis
856 2036 1013 2096 male
1037 2054 1144 2117 per
1164 2053 1311 2097 eum
1332 2033 1698 2112 honoribus,
1721 2032 1990 2114 diligunt
2011 2047 2434 2112 metuuntque
2455 2065 2543 2076 —-
2564 2030 2987 2102 consentiunt;

370 2143 492 2226 qui,
540 2143 900 2226 symoniace
947 2142 1264 2224 quoslibet
1315 2142 1692 2222 ordinandO,
1724 2142 1932 2203 Deum
1980 2160 2091 2222 pro
2124 2140 2225 2201 vili
2258 2141 2441 2201 etiam
2474 2140 2666 2221 pretio
2701 2141 2991 2202 vendunt.

370 2253 551 2329 Nam,
598 2251 754 2313 sicut
799 2251 974 2311 electi
1021 2250 1426 2312 insolubiliter
1470 2270 1588 2311 suo
1635 2249 1819 2331 capiti
1867 2248 2183 2320 uniuntur.
2230 2247 2309 2309 ita
2342 2265 2400 2309 et
2432 2248 2694 2330 reprobi,
2729 2247 2991 2309 maxime

369 2376 582 2421 contra
603 2360 829 2436 bonOS,
859 2357 932 2435 ei,
966 2357 1073 2439 qui
1095 2357 1354 2419 malitiae
1378 2373 1560 2439 caput
1581 2373 1690 2436 est,
1725 2357 2112 2438 pertinaciter
2133 2356 2544 2417 foederantur.
2577 2357 2810 2417 Contra
2833 2372 2992 2433 quos

372 2466 652 2549 profecto
686 2485 818 2527 non
848 2461 1439 2547 tam'ffdisserendum
1471 2483 1661 2544 quam
1695 2482 1807 2546 pro
1842 2462 1930 2525 eis
1963 2480 2051 2524 est
2082 2462 2421 2525 lacrimosis
2455 2460 2795 2543 planctibus
2817 2459 2990 2538 inge-

370 2575 705 2636 mendum:
742 2590 810 2635 ut
831 2573 1227 2654 omnipotens
1251 2573 1420 2632 Deus
1439 2570 1576 2632 illos
1595 2571 1830 2652 laqueis
1853 2571 2165 2649 sathanae,
2198 2571 2424 2652 quibus
2445 2568 2661 2650 captivi
2683 2583 2992 2644 tenentur,

370 2681 581 2765 eripiat
627 2696 707 2758 et,
756 2680 852 2742 vel
885 2695 1026 2762 post
1058 2678 1343 2762 pericula,
1375 2677 1452 2739 ad
1485 2678 1872 2757 agnitionem
1904 2677 2168 2740 veritatis
2199 2678 2452 2739 tandem
2485 2675 2821 2757 aliquando
2855 2693 2991 2756 per-

373 2791 575 2851 ducat.

588 2897 758 2957 Haec
792 2896 867 2957 de
899 2896 1147 2976 regibus
1178 2911 1238 2957 et
1258 2893 1753 2976 imperatoribus,
1790 2892 1918 2973 qui,
1949 2892 2239 2954 saeculari
2258 2892 2449 2972 gloria
2470 2890 2734 2953 nimium
2753 2887 2991 2966 tumidi,

370 3025 498 3067 non
533 3006 673 3066 Deo
719 3006 825 3066 sed
859 3004 970 3066 sibi
1004 3020 1276 3084 regnant.
1343 3002 1465 3064 Sed
1504 3000 1647 3081 quia
1678 2999 1879 3062 nostri
1912 3014 2002 3061 est
2035 2999 2238 3077 officii,
2272 2999 2613 3080 unicuique
2639 2996 2990 3059 secundum

371 3111 657 3173 ordinem
689 3112 785 3173 vel
815 3111 1195 3193 dignitatem,
1229 3130 1351 3191 qua
1384 3108 1626 3169 videtur
1659 3106 1884 3186 vigere,
1933 3105 2424 3167 exhortationem
2457 3106 2837 3181 distribuere,
2873 3104 2991 3164 im·

372 3217 755 3299 peratoribus
788 3233 847 3278 et
879 3217 1125 3298 regibus
1158 3216 1495 3296 ceterisque
1530 3211 1928 3296 principibus,
1963 3226 2030 3273 ut
2063 3212 2356 3273 elationes
2387 3212 2571 3274 maris
2591 3228 2650 3274 et
2668 3210 2989 3293 superbiae

370 3323 596 3385 fluctus
642 3324 1048 3405 comprimere
1095 3325 1351 3398 valeant,
1399 3340 1567 3382 arma
1611 3318 1968 3381 humilitatis
2002 3318 2138 3380 Deo
2170 3335 2421 3381 auctore
2455 3319 2779 3400 providere
2813 3338 2988 3380 cura-

370 3450 526 3491 muS.
579 3429 825 3492 Scimus
856 3432 1056 3507 enim;
1093 3431 1237 3512 quia
1268 3429 1582 3492 mundana
1613 3426 1807 3507 gloria
1839 3442 1897 3486 et
1930 3425 2252 3487 saecularis
2294 3445 2442 3487 cura
2463 3447 2570 3488 eos
2592 3427 2990 3508 permaxime,

367 3538 473 3618 qui
517 3554 828 3620 praesunt,
873 3540 950 3600 ad
996 3539 1322 3601 elationem
1352 3537 1588 3598 trahere
1620 3534 1810 3608 solet;
1864 3553 1986 3614 qua
2019 3551 2282 3614 semper,
2312 3532 2588 3611 neglecta
2622 3532 2986 3603 humilitate,

371 3644 683 3726 propriam
715 3646 1072 3726 quaerendo
1102 3645 1382 3726 gloriam,
1416 3643 1697 3703 fratribus
1734 3640 1987 3721 cupiant
2018 3639 2417 3722 praeminere.
2455 3639 2715 3700 Proinde
2750 3640 2989 3700 videtur

371 3750 513 3811 utile
547 3750 813 3811 maxime
847 3750 1316 3833 imperatoribus
1348 3766 1406 3810 et
1438 3747 1717 3828 regibus:
1753 3762 1839 3813 ut,
1873 3764 2017 3806 cum
2049 3764 2226 3806 mens
2260 3744 2510 3806 illorum
2541 3765 2604 3805 se
2637 3746 2714 3806 ad
2733 3746 2850 3806 alta
2872 3746 2987 3807 eri-

369 3876 508 3936 gere
543 3872 606 3918 et
638 3877 751 3938 pro
783 3858 1075 3938 singulari
1107 3858 1236 3942 vult
1268 3855 1461 3936 gloria
1495 3853 1820 3930 oblectare,
1874 3852 2158 3929 inveniat,
2191 3851 2417 3933 quibus
2448 3871 2512 3911 se
2545 3851 2748 3912 modis
2781 3852 2987 3912 humi-

368 3963 513 4042 liet„
547 3979 734 4045 atque
766 3967 934 4026 unde
965 3967 1289 4046 gaudebat,
1321 3963 1538 4026 sentiat
1559 3962 1698 4044 plus
1719 3960 2086 4023 timendum.
2120 3959 2448 4041 Perspiciat
2473 3978 2621 4038 ergo
2644 3959 2986 4039 diligenter,

371 4091 561 4151 quam
595 4072 933 4154 periculosa
968 4091 1232 4152 quamve
1265 4071 1537 4132 timenda
1569 4069 1643 4129 sit
1676 4067 2065 4151 imperatoria
2097 4067 2192 4128 vel
2226 4067 2387 4148 regia
2423 4066 2712 4147 dignitas3
2762 4067 2827 4127 in
2862 4088 2985 4148 qua

371 4177 722 4259 paucissimi
754 4179 1081 4257 salvantur,
1111 4195 1168 4240 et
1187 4178 1292 4257 illi,
1327 4178 1436 4259 qui
1456 4178 1590 4239 Deo
1614 4177 1940 4238 miserante
1962 4176 2036 4236 ad
2059 4175 2318 4236 salutem
2338 4174 2609 4244 veniunt,
2641 4193 2768 4235 non
2787 4192 2983 4253 aeque

371 4304 439 4349 ut
470 4287 651 4349 multi
684 4306 1028 4369 pauperum
1061 4287 1286 4349 iudicio
1318 4287 1515 4349 sancti
1535 4285 1794 4368 Spiritus
1824 4285 1890 4346 in
1923 4299 2132 4345 sancta
2166 4283 2418 4345 ecclesia
2450 4282 2874 4345 clarificantur.
2924 4287 2982 4343 Α

372 4394 590 4456 mundi
622 4396 789 4456 enim
822 4394 1117 4477 principio
1150 4415 1349 4475 usque
1381 4396 1458 4456 ad
1493 4397 1640 4456 haec
1674 4410 1885 4456 nostra
1917 4409 2194 4473 tempora
2229 4392 2292 4451 in
2323 4406 2450 4452 tota
2469 4390 2771 4451 autentica
2791 4389 2981 4471 scrip—

371 4515 505 4563 tura
538 4522 669 4567 non
706 4502 1056 4563 invenimus
1089 4519 1326 4583 septem
1359 4502 1754 4584 imperatores
1787 4502 1883 4562 vel
1917 4518 2112 4579 regeS,
2159 4517 2433 4579 quorum
2464 4498 2581 4558 vita
2614 4498 2769 4559 adeo
2800 4496 2982 4559 fuerit

373 4607 665 4688 religione
699 4608 1023 4689 praecipua
1055 4623 1116 4669 et
1148 4608 1364 4669 virtute
1396 4608 1718 4688 signorum
1752 4608 2053 4684 decorata,
2088 4605 2245 4666 sicut
2276 4604 2739 4666 innumerabilis
2770 4604 2979 4665 multi-

373 4714 600 4776 tudinis
632 4715 859 4776 saeculi
892 4731 1432 4796 contemptorum;
1480 4715 1617 4776 licet
1647 4714 1853 4796 plures
1886 4732 2104 4775 eorum
2137 4713 2458 4774 credamus
2489 4714 2653 4795 apud
2688 4712 2979 4794 omnipo-

373 4836 600 4903 tentem
637 4823 841 4884 Deum
887 4823 1336 4885 misericordiae
1368 4823 1630 4884 salutem
1661 4822 1983 4883 invenisse.
2049 4821 2353 4900 Namque,
2386 4836 2454 4882 ut
2485 4821 2562 4882 de
2594 4819 2888 4901 apostolis
2920 4825 2977 4884 et

375 4931 738 5014 martyribus
771 4947 1100 5008 taceamus,
1135 4930 1271 5012 quis
1292 4932 1735 5012 imperatorum
1768 4931 1865 4992 vel
1885 4948 2102 5010 regum
2121 4948 2314 5010 aeque
2336 4944 2404 4990 ut
2422 4930 2634 4989 beatus
2654 4927 2979 5008 Martinus,
