3684 5416
584 2062 635 2106 ¹5

576 2598 640 2631 '0

578 3132 638 3176 ⁴³5

574 4202 633 4248 35

683 352 802 417 {33
1622 339 1625 340 ⁷
1712 338 1980 395 Pontifex
2021 358 2311 396 romanus.

695 517 857 579 fiant.
920 520 995 580 Et
1040 521 1089 581 si
1140 521 1291 602 quid
1338 522 1455 583 tale
1488 524 1950 604 deprehensum
1983 523 2179 602 fuerit,
2213 542 2496 589 auctores
2531 528 2890 610 privationis
2923 530 3304 606 officiorum,

686 641 752 686 et
797 626 1268 707 beneficiorum,
1318 649 1387 691 ac
1418 629 1547 691 aliis
1579 631 1763 692 etiam
1794 633 2237 712 corporalibus,
2268 650 2326 695 et
2357 637 2760 699 severissimis
2794 638 3033 720 poenis,
3069 639 3312 700 Guber-

694 749 940 796 natores
971 755 1042 796 ac
1074 736 1259 797 etiam
1292 735 1478 798 futuri
1514 736 1825 798 pontificis
1859 739 2110 801 arbitrio
2142 740 2507 820 afficiantur,
2558 759 2616 805 et
2647 745 2878 807 conscii
2912 745 2987 806 de
3022 745 3312 826 praemis-

694 841 776 902 sis
821 842 1056 904 eisdem
1106 844 1325 924 poenis
1372 860 1710 923 teneantur,
1759 845 1876 907 nisi
1923 846 2147 923 statim,
2181 847 2232 908 si
2263 847 2418 910 intra
2453 851 2764 914 Conclave
2797 852 3045 930 fuerint,
3080 853 3309 914 eisdem

694 951 1126 1012 Cardinalibus
1176 953 1500 1034 deputatis,
1550 954 1601 1014 si
1652 973 1801 1016 vero
1853 970 2017 1016 extra
2071 957 2406 1032 Conclave,
2460 960 2875 1024 Gubernatori
2920 977 2979 1024 et
3029 961 3314 1023 Praelatis

693 1060 1054 1142 praepositis
1098 1062 1513 1124 revelaverint.
1576 1061 1706 1137 Qui
1754 1063 2012 1143 quidem
2044 1063 2458 1145 Gubernator,
2504 1083 2563 1129 et
2607 1069 2861 1131 Praelati
2905 1072 3022 1130 sub
3070 1068 3314 1151 perjurii

691 1187 893 1250 poena
926 1168 993 1229 in
1024 1169 1147 1229 hoc
1178 1168 1516 1250 invigilare,
1550 1183 1608 1230 et
1638 1184 1991 1251 opportune
2023 1171 2346 1250 providere
2378 1173 2658 1236 debeant.

907 1285 936 1345 5
981 1278 1075 1338 16.
1142 1275 1421 1351 Quilibet
1468 1292 1676 1338 autem
1726 1277 2075 1339 Cardinalis
2125 1277 2190 1339 in
2240 1280 2540 1342 Conclavi
2591 1281 2841 1343 duobus
2886 1282 3312 1362 servientibus,

692 1384 950 1446 Clericis
996 1385 1093 1446 vel
1125 1385 1323 1446 Laicis
1368 1399 1698 1446 contentus
1742 1386 1836 1448 sit.
1901 1385 2164 1448 Infirmis
2208 1403 2435 1467 autem,
2466 1405 2526 1450 et
2555 1389 2817 1469 graviter
2845 1390 3075 1452 affectis
3107 1412 3140 1451 a
3176 1411 3306 1452 ma-

698 1490 809 1568 jori
843 1508 1006 1573 parte
1039 1492 1301 1571 Collegii
1335 1511 1440 1574 per
1469 1508 1698 1553 secreta
1733 1493 2024 1574 suffragia
2057 1495 2271 1556 tertius
2302 1496 2376 1557 ad
2414 1515 2736 1558 summum
2769 1497 3073 1576 indulgeri
3104 1498 3314 1580 possit.

912 1609 941 1669 5
986 1621 1077 1666 17.
1127 1599 1254 1675 Qui
1302 1601 1629 1661 servientes
1677 1601 2002 1662 familiares
2048 1603 2390 1678 domestici,
2436 1619 2495 1665 et
2542 1604 2820 1666 continui
2865 1606 3314 1668 commensales

699 1707 890 1789 ipsius
923 1707 1286 1787 Cardinalis,
1321 1724 1379 1769 et
1413 1709 1489 1769 ab
1524 1726 1694 1769 anno
1726 1725 1867 1769 ante
1904 1709 2108 1784 fuisse,
2140 1725 2200 1771 et
2229 1726 2378 1772 tunc
2409 1731 2542 1772 esse
2581 1713 2863 1791 debeant,
2896 1730 2955 1774 et
2989 1733 3120 1776 non
3151 1733 3312 1775 mer-

693 1831 927 1877 catores
960 1815 1218 1877 ministri
1252 1815 1630 1898 Principum,
1685 1816 1943 1877 Domini
1990 1818 2367 1898 temporales
2398 1835 2458 1880 et
2489 1818 2969 1896 jurisdictionem
3005 1822 3314 1898 habentes,

699 1943 904 2004 neque
956 1924 1181 2001 fratres,
1236 1938 1341 1984 aut
1391 1940 1649 2003 nepotes
1681 1924 2128 2004 Cardinalium,
2177 1925 2413 1987 etiamsi
2459 1927 2744 2007 expensis
2776 1947 2997 1990 eorum
3029 1929 3312 1991 viverent.

694 2033 770 2093 Et
815 2032 892 2092 de
938 2031 1333 2112 qualitatibus
1366 2030 1907 2092 Conclavistarum
1939 2032 2299 2094 Cardinales
2345 2032 2617 2114 deputati
2664 2052 2804 2096 ante
2849 2036 3174 2098 Conclavis
3218 2035 3314 2097 in-

695 2158 976 2222 gressum
1022 2138 1346 2218 diligenter
1394 2139 1864 2219 inquisitionem
1911 2141 2156 2218 habere,
2191 2158 2248 2201 et
2280 2160 2388 2203 eos
2420 2144 2777 2224 approbare,
2810 2163 2880 2204 ac
2914 2160 3052 2225 post
3082 2144 3313 2222 ingres-

694 2267 834 2308 sum
869 2246 1082 2308 denuo
1115 2246 1437 2325 diligenter
1469 2246 1793 2327 providere
1828 2247 2105 2308 debeant.

909 2363 938 2423 5
985 2355 1076 2416 18.
1124 2351 1382 2414 Sacrista
1430 2372 1687 2433 quoque
1736 2373 1880 2414 cum
1930 2372 2060 2414 uno
2111 2353 2334 2415 clerico
2380 2353 2740 2430 coadjutore
2772 2353 2836 2416 in
2869 2355 3081 2417 officio
3115 2355 3310 2418 Sacri-

694 2462 875 2532 stiae;
925 2461 1054 2522 duo
1105 2481 1363 2541 quoque
1399 2460 1671 2540 Magistri
1720 2462 2252 2522 caeremoniarum
2286 2463 2599 2525 Conclave
2646 2462 3064 2542 ingrediantur
3111 2464 3311 2526 Missis

697 2568 1096 2645 celebrandis,
1131 2583 1190 2629 et
1222 2568 1353 2629 aliis
1386 2589 1548 2649 quae
1582 2568 1658 2629 ad
1693 2568 1861 2648 ipsos
1893 2568 2204 2649 pertinent
2237 2569 2521 2632 vacaturi.
2587 2569 2762 2630 Adsit
2808 2586 3116 2650 praeterea
3150 2590 3329 2631 unus·

695 2678 1047 2759 Religiosus
1094 2698 1207 2761 pro
1241 2676 1757 2740 Confessionibus
1804 2674 2128 2737 audiendis
2174 2697 2207 2736 a
2256 2675 2471 2752 majori
2519 2691 2686 2758 parte
2733 2675 3161 2739 Cardinalium
3208 2697 3314 2759 per

694 2804 923 2848 secreta
956 2786 1241 2866 suffragia
1276 2785 1629 2863 eligendus:
1682 2803 1849 2844 unus
1882 2783 2146 2861 Collegii
2178 2784 2553 2845 Secretarius
2583 2799 2858 2855 tantum:
2893 2785 3020 2845 duo
3056 2783 3309 2855 Medici;

696 2913 860 2953 unus
908 2893 1286 2969 Chirurgus;
1338 2910 1504 2951 unus
1552 2891 1994 2968 Aromatarius,
2048 2909 2190 2952 cum
2245 2910 2376 2951 uno
2427 2907 2531 2952 aut
2583 2891 2833 2952 duobus
2882 2891 3310 2961 servientibus3

695 3017 860 3060 unus
894 2998 1087 3059 Faber
1116 2998 1442 3076 lignarius;
1480 3016 1644 3057 unus
1676 2998 2137 3072 Cementarius;
2190 2998 2317 3058 duo
2350 2998 2835 3076 Barbitonsores,
2866 3016 3011 3059 cum
3043 3016 3174 3059 uno
3206 3014 3310 3060 aut

696 3107 945 3167 duobus
995 3104 1422 3165 servientibus.
1488 3102 1639 3164 Item
1688 3118 1832 3164 octo
1879 3120 1985 3164 aut
2032 3105 2246 3165 decem
2281 3103 2610 3164 servientes
2643 3104 2927 3185 publicae
2959 3103 3220 3183 utilitati,
3254 3120 3313 3164 et

695 3211 1121 3273 commoditati
1166 3211 1474 3287 omnium,
1524 3210 1714 3273 veluti
1762 3230 1875 3292 pro
1905 3211 2087 3291 lignis
2122 3212 2460 3293 portandiS,
2497 3230 2611 3292 pro
2643 3210 2948 3272 verrendo
2980 3212 3310 3285 Conclave,

695 3333 752 3378 et
801 3318 1107 3379 similibus
1157 3317 1512 3379 necessariis
1565 3318 1998 3396 ministrandis,
2047 3319 2155 3399 qui
2204 3337 2426 3380 omnes
2457 3339 2491 3379 a
2528 3317 2816 3398 Collegio
2860 3316 3305 3395 Cardinalium,

693 3445 823 3488 non
871 3441 1080 3486 tamen
1127 3445 1199 3486 ex
1247 3424 1474 3487 familia
1524 3425 1786 3503 alicujus
1819 3426 2184 3503 cardinalis,
2235 3446 2343 3507 per
2388 3425 2557 3487 fabas
2589 3439 2849 3486 secretas
2881 3425 3202 3505 eligantur,
3232 3424 3312 3485 ita

692 3549 898 3594 tamen
934 3549 1000 3594 ut
1031 3533 1081 3593 is
1114 3533 1407 3612 obtineat,
1442 3534 1551 3614 qui
1585 3535 1762 3615 plura
1795 3550 1936 3595 vota
1970 3534 2192 3609 tulerit,
2228 3549 2288 3594 et
2320 3534 2404 3594 eis
2436 3532 2649 3594 salaria
2682 3532 2758 3593 de
2792 3531 3043 3613 publico
3075 3530 3308 3613 persol-

691 3656 929 3704 vantur.
993 3640 1189 3716 Quod
1220 3642 1270 3702 si
1305 3641 1461 3702 ultra
1494 3641 1791 3723 praefatas
1826 3660 2145 3722 personas,
2178 3639 2240 3700 in
2273 3639 2571 3701 Conclavi
2604 3636 2826 3718 aliquis
2858 3637 3143 3698 inventus
3178 3636 3309 3697 fue-

692 3746 783 3825 rit,
828 3747 1047 3829 expelli
1092 3747 1293 3809 statim
1332 3747 1565 3811 debeat.
1628 3749 1702 3809 Et
1735 3748 1785 3809 si
1818 3749 1959 3829 quis
1993 3747 2236 3828 uspiam
2271 3745 2693 3807 deoccultasse
2726 3743 3309 3826 comprehendatur,

693 3854 1109 3933 ignominiose
1156 3855 1507 3936 expellatur,
1555 3871 1616 3916 et
1662 3855 1910 3917 infamia
1962 3870 2210 3915 notetur
2240 3868 2300 3915 et
2349 3851 2568 3913 officiis
2614 3868 2798 3933 atque
2845 3850 3156 3912 beneficiis
3191 3848 3311 3931 pri-

691 3981 886 4041 vetur,
923 3965 1153 4025 conscii
1187 3982 1335 4024 vero
1366 3966 1482 4024 sub
1516 3964 1732 4025 eadem
1766 3983 1968 4045 poena
2002 3963 2138 4023 illos
2160 3961 2448 4041 Collegio
2482 3961 2749 4022 revelare
2763 3974 3111 4035 teneantur,
3134 3977 3311 4041 prae-

692 4071 888 4132 mium
926 4070 1291 4151 reportaturi
1325 4069 1374 4130 si
1407 4070 1829 4132 indicaverint.
3313 4076 3323 4083 ’

905 4185 933 4244 S
980 4197 1071 4254 ¹9·
1120 4176 1352 4239 Clauso
1385 4176 1683 4239 Conclavi
1729 4176 1885 4236 nulli
1922 4176 1999 4237 ad
2032 4174 2419 4254 colloquium
2453 4173 2635 4235 etiam
2667 4189 2829 4234 extra
2862 4189 3101 4254 portam
3135 4174 3306 4234 Con-

691 4282 876 4343 clavis
922 4282 1102 4342 etiam
1140 4283 1497 4364 Principum
1531 4282 1845 4363 Oratores,
1896 4282 2011 4345 nisi
2060 4302 2132 4343 ex
2178 4300 2402 4361 magna
2448 4296 2507 4342 et
2538 4281 2780 4360 urgenti
2811 4299 2994 4342 causa
3026 4300 3059 4341 a
3093 4276 3313 4354 majori

693 4404 860 4469 parte
893 4388 1155 4467 Collegii
1207 4390 1605 4471 approbanda
1656 4391 2072 4452 admittantur.
2135 4390 2188 4450 E
2235 4388 2286 4449 si
2332 4388 2471 4469 quis
2518 4387 2694 4466 forte,
2743 4387 2914 4466 quod
2948 4386 3119 4463 absit,
3151 4385 3312 4447 clam

692 4495 899 4576 ipsum
934 4495 1266 4577 Conclave,
1315 4513 1373 4558 et
1418 4497 1669 4559 aliunde
1716 4517 1904 4578 quam
1954 4517 2062 4578 per
2108 4496 2342 4558 ostium
2388 4493 2781 4574 ingrediatur,
2829 4495 3004 4556 omni
3048 4494 3311 4569 honore,

689 4602 907 4682 gradu,
944 4622 1013 4664 ac
1046 4602 1275 4681 offici0,
1320 4621 1378 4667 et
1410 4605 1712 4667 beneficio
1745 4604 1882 4686 ipso
1917 4605 2077 4667 facto
2112 4604 2384 4685 privatus
2416 4602 2647 4680 existat,
2689 4618 2749 4664 et
2778 4602 3050 4664 tradatur
3081 4598 3310 4661 Curiae

689 4711 984 4772 saeculari
1017 4713 1323 4774 acerrimis
1356 4714 1573 4795 poenis
1606 4713 1983 4795 puniendus.

905 4829 934 4889 5
972 4840 1072 4881 20.
1125 4819 1380 4881 Litteras
1424 4840 1572 4882 vero
1617 4837 1721 4881 aut
1766 4819 2036 4899 cujusvis
2080 4819 2323 4899 generis
2363 4818 2586 4899 scripta
2618 4819 2694 4880 ad
2728 4839 2854 4897 eoa,
2899 4814 3007 4897 qui
3041 4815 3106 4876 in
3138 4814 3315 4875 Con·

690 4925 843 4987 clavi
878 4943 1072 5006 erunt,
1117 4949 1227 4990 seu
1261 4928 1583 5005 nuncium,
1633 4929 1730 4990 vel
1763 4945 1998 5007 notam,
2033 4944 2141 4990 aut
2171 4929 2420 5009 signum
2455 4927 2711 5006 mittere,
2744 4946 2854 4988 seu
2888 4924 3173 5007 recipere,
3209 4936 3317 4983 aut
