3684 5416
610 1532 669 1563 ΚΟ

614 2065 667 2109 ι5

607 2611 671 2642 ‘20

607 3143 667 3187 ‘25

609 3678 672 3722 ‘30

609 4211 667 4256 35

711 355 828 409 ’2οό
1354 357 1619 411 Potestas
1658 356 2037 412 ecclesiastica
2079 372 2136 414 et
2173 358 2473 430 imperium
2514 359 2688 414 civile.

723 538 1176 600 universitatem
1212 560 1342 602 esse
1376 555 1479 602 aut
1508 540 1912 604 valentiorem
1943 542 2104 604 illius
2138 559 2392 624 partem.
2426 577 2513 589 --
2545 563 2595 604 c.
2630 565 2686 614 7.
2734 544 3201 606 Decretales
3232 545 3319 605 vel

722 645 963 707 decreta
995 645 1428 708 Romanorum
1474 661 1577 708 aut
1620 648 1883 710 aliorum
1919 650 2340 729 quorumlibet
2372 650 2756 731 pontificum,
2790 651 3200 714 communiter
3227 666 3322 711 aut

722 753 985 830 divisim,
1033 756 1268 836 absque
1315 755 1712 818 concessione
1757 755 2117 837 legislatoris
2149 759 2408 819 humani
2443 758 2789 837 constituta,
2824 758 3143 820 neminem
3174 757 3320 819 obli-

719 878 862 938 gare
895 860 1095 944 poena
1126 863 1222 924 vel
1255 862 1558 945 supplicio
1590 864 1914 945 temporali
1948 885 2056 926 seu
2090 865 2317 927 saeculi
2351 865 2557 927 huius.
2608 898 2693 908 —
2741 883 2793 928 c.
2830 865 2889 928 8.
2938 865 3007 926 ln
3042 865 3323 926 humanis

720 966 962 1047 legibus
1005 970 1212 1030 solum
1258 969 1671 1050 legislatorem
1717 970 1811 1032 vel
1859 970 2020 1032 illius
2058 973 2414 1035 auctoritate
2446 972 2710 1034 alterurn
2744 972 3101 1056 dispensare
3137 991 3324 1054 posse.

720 1108 807 1118 —
840 1095 889 1136 c.
911 1096 970 1155 9.
1007 1076 1428 1158 Principatum
1461 1078 1723 1139 electum
1757 1093 1865 1141 aut
1896 1079 2158 1140 alterum
2190 1079 2629 1160 qualecunque
2663 1078 2945 1142 officium
2978 1101 3009 1141 a
3044 1079 3175 1141 sola
3208 1081 3323 1141 ele·
3382 1130 3388 1135 .

720 1182 923 1244 ctione
968 1184 1392 1245 auctoritatem
1439 1185 1720 1246 habentis
1766 1186 1844 1247 ad
1877 1186 2064 1264 illam,
2100 1185 2396 1267 nullaque
2428 1187 2541 1249 alia
2574 1188 3049 1250 confirmatione
3080 1208 3192 1250 seu
3223 1207 3324 1269 ap-

724 1290 1086 1372 probatione
1119 1292 1408 1374 pendere.
1445 1325 1532 1337 -—
1564 1311 1615 1352 c.
1662 1311 1755 1371 ¹4·
1803 1294 2222 1376 Principatum
2258 1314 2364 1357 seu
2415 1296 3079 1358 iurisdictionem
3112 1296 3326 1358 coacti·

721 1419 861 1461 vam
896 1419 1077 1481 supra
1110 1418 1491 1480 quemquam
1523 1398 1815 1462 clericum
1846 1418 1952 1463 aut
1984 1403 2227 1483 laicum,
2260 1405 2497 1467 etiamsi
2517 1404 2858 1466 haereticus
2877 1419 3055 1481 extet,
3089 1404 3324 1466 nullum

724 1506 1087 1587 episcopum
1122 1506 1219 1567 vel
1250 1505 1650 1580 sacerdotem,
1685 1507 2060 1588 inquantum
2095 1510 2479 1590 huiusmodi,
2529 1511 2720 1573 ullam
2753 1511 2995 1572 habere.
3032 1544 3113 1554 -
3149 1529 3197 1573 c.
3242 1511 3327 1571 16.

723 1616 824 1676 Ex
843 1634 930 1675 co
948 1634 1009 1674 m
1030 1633 1090 1674 m
1113 1634 1151 1674 u
1173 1614 1346 1675 nica
1365 1633 1441 1675 re
1488 1633 1874 1696 quemquam
1919 1632 2024 1678 aut
2067 1617 2418 1680 divinorum
2466 1618 2668 1681 officia
2712 1618 3070 1681 interdicere
3103 1621 3329 1699 absque

723 1721 922 1785 fidelis
965 1720 1326 1800 legislatoris
1371 1722 1723 1783 auctoritate
1771 1723 1927 1784 nulli
1966 1723 2264 1805 episcopo
2297 1725 2394 1786 vel
2424 1726 2723 1788 sacerdoti
2755 1740 2860 1786 aut
2894 1725 3175 1807 ipsorum
3206 1723 3329 1786 col·

724 1829 887 1909 legio
919 1827 1117 1889 licere.
1161 1861 1236 1872 --
1270 1847 1318 1888 c.
1364 1847 1456 1894 ¹7.
1492 1827 1733 1890 Omnes
1763 1830 2202 1912 episcopos
2235 1832 2508 1913 aequalis
2538 1831 2913 1894 auctoritatis
2944 1852 3077 1894 esse
3110 1832 3329 1894 imme-

725 1936 885 1996 diate
919 1954 1031 2016 per
1059 1933 1378 1996 Christum
1418 1953 1624 2016 neque
1655 1937 2004 1999 secundum
2039 1936 2240 2016 legem
2275 1938 2546 2000 divinam
2578 1939 2863 2000 convinci
2898 1957 3081 2020 posse
3112 1937 3179 1999 in
3208 1936 3330 2018 spi-

726 2043 1042 2105 ritualibus
1076 2058 1179 2104 aut
1210 2042 1651 2124 temporalibus
1684 2062 1964 2125 praeesse
1996 2044 2260 2107 invicem
2293 2045 2391 2106 vel
2422 2049 2689 2108 subesse.
2723 2081 2808 2090 —
2840 2067 2891 2109 c.
2924 2047 3017 2108 ι8.
3054 2044 3331 2108 Auctori-

724 2165 843 2211 tate
865 2149 1089 2226 divina,
1111 2147 1470 2229 legislatoris
1493 2149 1752 2211 humani
1773 2147 1976 2210 fidelis
1995 2149 2438 2212 interveniente
2458 2170 2767 2213 consensu
2784 2170 2893 2212 seu
2916 2149 3332 2224 concessione,

723 2258 808 2318 sic
840 2257 992 2319 alios
1023 2256 1348 2337 episcopos
1379 2254 1795 2318 communiter
1825 2270 1932 2317 aut
1950 2256 2192 2318 divisim
2213 2257 2752 2320 excommunicare
2773 2278 2955 2340 posse
2976 2258 3331 2321 Romanum

725 2368 1086 2450 episcopum
1119 2381 1177 2426 et
1208 2364 1270 2425 in
1306 2364 1509 2444 ipsum
1545 2365 1967 2427 auctoritatem
2010 2366 2190 2428 aliam
2236 2386 2515 2429 exercere
2549 2367 3084 2449 quemadmodum
3118 2387 3151 2428 e
3183 2384 3332 2427 con·

726 2494 925 2536 verso,
961 2509 1044 2516 —
1078 2492 1130 2535 c.
1177 2493 1269 2550 ¹9·
1332 2471 1442 2533 Co
1462 2470 1735 2551 niugia
1775 2492 1888 2534 seu
1921 2472 2310 2535 matrimonia
2344 2473 2546 2536 diviua
2578 2473 2731 2553 lege,
2764 2492 2925 2534 nova
2958 2471 3333 2555 praesertim,

727 2580 1054 2665 prohibita,
1088 2598 1198 2662 per
1229 2578 1549 2641 mortalem
1586 2579 1899 2642 neminem
1934 2580 2275 2662 dispensari
2306 2601 2507 2663 posse,
2538 2582 2810 2643 humana
2843 2599 2989 2642 vero
3019 2580 3154 2661 lege
3191 2599 3331 2662 pro-

727 2689 916 2751 hibita
948 2688 1023 2750 ad
1057 2686 1249 2749 solius
1279 2686 1638 2767 legislatoris
1670 2689 1765 2750 vel
1799 2708 1909 2771 per
1941 2689 2132 2770 ipsius
2152 2688 2552 2771 principantis
2571 2689 2992 2753 auctoritatem
3016 2689 3334 2771 pertinere.

724 2829 810 2840 —-
833 2815 884 2856 c.
912 2814 1011 2857 20.
1044 2794 1236 2855 Natos
1268 2811 1397 2854 non
1429 2812 1499 2853 ex
1531 2791 1808 2872 legitimo
1840 2794 2025 2855 thoro
2057 2814 2165 2857 seu
2201 2796 2597 2858 matrimonio
2629 2796 3043 2875 legitimos
3077 2797 3242 2857 face
3261 2815 3334 2857 re

717 2906 830 2980 sic,
863 2919 930 2964 ut
961 2901 1355 2963 haereditarie
1387 2901 1711 2963 succedere
1746 2903 1982 2983 possint
2013 2904 2252 2984 aliaque
2287 2905 2596 2986 suscipere
2630 2904 2825 2967 civilia
2857 2921 2915 2967 et
2935 2905 3334 2967 ecclesiastica

725 3010 926 3073 officia
959 3023 1018 3070 et
1049 3005 1344 3069 beneficia
1375 3006 1452 3067 ad
1484 3008 1689 3069 solum
1721 3007 1965 3070 fidelem
1987 3010 2396 3090 legislatorem
2419 3012 2690 3074 noscitur
2711 3011 3031 3094 pertinere.
3049 3046 3137 3056 —-
3158 3031 3208 3073 c.
3236 3031 3271 3073 2
3290 3032 3335 3072 ι.

730 3117 826 3178 Ad
861 3114 1293 3177 ecclesiasticos
1325 3113 1576 3175 ordines
1623 3135 1661 3195 p
1682 3117 2224 3178 romovendos
2270 3118 2678 3199 ipsorumque
2709 3119 3140 3181 sufficientiam
3176 3118 3332 3180 iudi-

725 3242 862 3285 care
911 3219 1139 3282 iudicio
1186 3217 1457 3279 coactivo
1505 3219 1578 3280 ad
1613 3219 1818 3281 solum
1853 3221 2264 3302 legislatorem
2298 3223 2542 3286 fidelem
2576 3241 2847 3307 spectare
2881 3245 2950 3287 ac
2980 3225 3111 3286 sine
3145 3225 3334 3306 ipsius

726 3327 1079 3391 auctoritate
1124 3343 1502 3405 quemquam
1552 3344 1919 3407 promovere
1964 3330 2041 3390 ad
2089 3330 2209 3391 hoc
2254 3331 2544 3411 cuiquam
2579 3332 2879 3394 sacerdoti
2912 3332 3006 3393 vel
3041 3333 3333 3414 episcopo

720 3458 854 3500 non
888 3436 1087 3497 licere.
1136 3468 1224 3478 -—
1273 3452 1323 3495 c.
1361 3453 1463 3496 22.
1514 3435 1946 3497 Numerum
1995 3438 2523 3500 ecclesiarum
2568 3441 2694 3501 sive
2741 3440 3121 3521 templorum
3168 3440 3332 3501 acin

722 3547 872 3628 'ipsis
905 3544 1247 3606 ministrare
1279 3544 1657 3623 debentium,
1691 3547 2105 3624 sacerdotum,
2154 3547 2561 3610 diaconorum
2595 3564 2656 3611 et
2687 3549 3068 3630 reliquorum
3103 3548 3334 3611 officia·

725 3654 883 3715 lium
930 3652 1007 3712 ad
1053 3650 1256 3712 solum
1293 3650 1736 3731 principantem
1770 3653 2119 3714 secundum
2152 3654 2318 3731 leges
2350 3653 2629 3716 fidelium
2663 3655 2927 3737 pertinet
2958 3673 3333 3716 mensurare.

725 3793 810 3803 -—
864 3778 913 3820 c.
969 3777 1069 3837 23.
1121 3755 1594 3817 Ecclesiasti
1615 3774 1695 3816 ca
1747 3757 2033 3819 officia
2083 3760 2439 3840 separabilia
2488 3761 2679 3822 solius
2730 3760 2928 3822 fidelis
2975 3761 3333 3842 legislatoris

725 3864 1078 3926 auctoritate
1125 3862 1348 3923 debere
1394 3862 1659 3924 conferri
1691 3880 1749 3924 et
1780 3865 2054 3926 similiter
2096 3866 2317 3927 auferri
2352 3885 2532 3947 posse
2565 3867 2726 3927 sicut
2754 3886 3008 3947 quoque
3041 3866 3331 3928 beneficia

727 3986 784 4032 et
819 3984 1072 4051 propter
1103 3967 1233 4049 pias
1264 3988 1477 4030 causas
1510 3968 1741 4049 reliqua
1772 3969 2115 4032 constituta.
2151 4004 2236 4016 —
2268 3990 2317 4031 c.
2354 3991 2452 4050 25.
2502 3971 2615 4033 Do
2634 3991 2716 4032 ce
2735 3992 2776 4032 n
2795 3971 2868 4033 di
2900 3988 3005 4033 aut
3036 3972 3333 4054 operandi

726 4076 972 4160 publice
1022 4075 1369 4136 secundum
1418 4090 1610 4137 artem
1660 4093 1764 4138 aut
1815 4078 2203 4160 disciplinam
2254 4079 2525 4159 aliquam
2577 4079 2888 4141 neminem
2954 4079 3331 4161 episcopum,

727 4181 1142 4245 communiter
1173 4196 1278 4241 aut
1309 4181 1571 4259 divisim,
1606 4183 1980 4262 inquantum
2015 4184 2396 4257 huiusmodi,
2428 4186 2734 4247 licentiam
2770 4186 3108 4247 concedere
3131 4206 3330 4267 posse,

726 4294 833 4355 sed
884 4292 1034 4352 haec
1079 4289 1155 4349 ad
1202 4288 1610 4368 legislatorem
1655 4293 1870 4353 saltem
1919 4291 2163 4354 fidelem
2204 4310 2310 4355 aut
2342 4294 2474 4355 eius
2505 4294 2857 4354 auctoritate
2891 4293 3331 4374 principantem

725 4397 1163 4460 tantummodo
1184 4395 1501 4475 pertinere.
1533 4430 1620 4440 —
1651 4417 1699 4458 c.
1727 4418 1825 4464 27.
1865 4399 2295 4461 Ecclesiasticis
2315 4401 2772 4481 temporalibus,
2795 4400 3030 4480 expleta
3051 4402 3331 4462 sacerdo-

724 4522 863 4568 tum
903 4521 961 4566 et
991 4504 1251 4565 aliorum
1285 4504 1583 4583 evangelii
1629 4505 2058 4568 ministrorum
2091 4523 2149 4567 et
2181 4507 2276 4567 his
2310 4527 2468 4587 quae
2500 4508 2575 4568 ad
2610 4506 2848 4567 cultum
2881 4506 3163 4568 divinum
3195 4527 3330 4589 per-

725 4616 918 4677 tinent
951 4632 1019 4674 ac
1051 4612 1466 4694 impotentum
1500 4632 1846 4693 pauperum
1885 4615 2259 4692 necessitate,
2294 4615 2451 4675 licite
2483 4634 2552 4675 ac
2583 4614 2927 4676 secundum
2955 4615 3157 4695 legem
3180 4615 3331 4677 divi-

726 4743 868 4784 nam
919 4741 1030 4803 pro
1078 4718 1514 4780 communibus
1559 4737 1667 4779 seu
1713 4720 1970 4800 publicis
2004 4721 2361 4782 utilitatibus
2393 4738 2496 4783 aut
2530 4721 2995 4784 defensionibus
3030 4723 3116 4784 uti
3150 4742 3328 4803 posse

723 4830 1134 4911 legislatorem
1171 4827 1519 4887 humanum
1554 4826 1815 4887 totaliter
1848 4843 1905 4888 et
1941 4829 2003 4888 in
2038 4845 2223 4909 parte.
2258 4865 2345 4873 -—
2367 4850 2414 4891 c.
2441 4831 2544 4890 28.
2582 4830 2822 4892 Cuncta
2853 4830 3332 4911 temporalia

725 4955 882 5016 quae
929 4937 1018 4998 ad
1067 4935 1236 5015 pias
1270 4953 1547 4994 causas
1578 4952 1689 4993 seu
1723 4933 2174 4997 misericordiae
2210 4956 2396 5017 opera
2430 4950 2730 4997 statuta
2764 4953 2925 5015 sunt,
2959 4953 3025 4997 ut
3056 4957 3215 5018 quae
3246 4954 3333 4999 te-
