3684 5416
457 1082 479 1126 5

432 1491 482 1523 to

433 1888 481 1933 ¹5

415 2940 477 2985 ,25

418 3474 477 3520 ⁴30

420 4017 472 4063 35

1536 375 1806 432 Pontifex
1847 393 2141 434 romanus.
3055 393 3118 442 42
3138 393 3148 427 ι

1289 606 1417 661 187.
1471 605 1825 660 CLEMENS
1867 605 1936 662 V.
1976 605 2408 676 (1305-1814).

643 732 1000 787 Clemens
1039 732 1107 786 V.
1148 731 1215 786 in
1256 730 1613 787 Concilio
1652 730 2090 795 Viennensi,
2132 749 2176 788 c,
2219 751 2266 786 2.
2306 732 2486 787 Clem.
2525 734 2591 785 dv
2626 735 2895 787 elva-tione.
2939 734 2974 787 1.
3017 751 3065 806 3.

748 859 777 887 ⁶
823 859 985 928 Corp.
1013 861 1118 910 t'ur.
1148 876 1268 911 can.
1299 858 1385 910 ed.
1415 856 1577 911 Frie
1596 856 1631 908 d
1650 857 1735 910 be
1754 873 1834 926 rg.
1864 856 2039 912 Torn.
2068 856 2128 910 11.
2159 856 2266 911 col.
2305 875 2533 929 1135—1
2554 879 2566 912 ι
2585 858 2666 930 36.
2710 858 2761 911 H
2780 876 2810 913 e
2829 857 2995 924 fele,
3023 859 3160 913 Con-

534 939 1011 1008 cilt'engcsrlu‘clztc.
1040 938 1208 992 Tom.
1236 938 1329 992 vl.
1360 954 1413 1007 p.
1438 954 1561 1007 474.
1599 936 1650 990 H
1669 935 1683 990 i
1700 953 1778 991 ns
1797 953 1827 990 c
1845 936 1881 990 h
1898 935 1913 990 i
1932 954 1968 990 u
1985 954 2040 1000 s,
2082 936 2484 991 Kin-henreaht.
2514 938 2686 993 Tom.
2716 939 2755 992 1.
2782 957 2835 1009 p.
2863 940 2973 1011 269
2999 957 3159 1009 segg.

540 1064 757 1118 Coetus
800 1062 1170 1119 cardinalium
1214 1063 1350 1116 sede
1390 1075 1630 1116 vacante
1676 1060 2126 1116 iurisdictionem
2184 1061 2449 1133 papalem
2496 1081 2612 1117 non
2659 1076 2903 1132 exercet,
2953 1064 3056 1119 nisi
3104 1064 3159 1118 in

542 1157 822 1216 quantum
862 1141 1141 1215 permittit
1182 1140 1489 1197 concilium
1518 1142 1938 1213 Lugdunense3
1979 1158 2084 1195 nec
2112 1140 2248 1195 illud
2274 1140 2361 1196 vel
2389 1143 2506 1197 eius
2535 1155 2757 1213 partem
2783 1143 3021 1199 alterare
3049 1161 3156 1216 po-

540 1237 665 1278 test.
693 1225 887 1278 Ioann.
914 1223 1089 1278 Andr.
1132 1254 1201 1263 —
1240 1224 1277 1291 θ
1322 1242 1359 1277 ι.
1403 1221 1677 1277 Officium
1719 1221 2012 1276 camerarii
2052 1222 2140 1276 vel
2180 1222 2746 1293 poenitentiariorum
2773 1225 2964 1296 Papae
2994 1226 3159 1280 durat

541 1323 612 1360 eo
656 1318 906 1359 mortuo.
959 1303 1074 1372 Qui
1115 1303 1160 1359 si
1201 1302 1471 1359 deficiant
1512 1303 1719 1373 poterit
1760 1317 1963 1358 coetus
2007 1301 2379 1358 cardinalium
2420 1321 2524 1374 pro
2553 1315 2818 1376 tempore
2844 1305 3160 1360 vacationis

541 1386 680 1441 alios
708 1388 1043 1456 subrogare.
1097 1385 1292 1439 Ioann.
1322 1385 1499 1439 Andr.
1540 1416 1608 1424 —
1648 1386 1683 1452 ξ
1725 1402 1771 1438 2.
1812 1382 2188 1447 Detemninat,
2218 1383 2528 1439 dioecesim
2556 1382 2787 1455 intelligi
2814 1384 2887 1448 id,
2916 1386 3075 1457 quod
3103 1385 3159 1440 in

541 1466 784 1522 concilio
831 1466 1036 1521 dicitur
1076 1466 1147 1520 de
1193 1464 1478 1520 territorio
1522 1477 1576 1520 et
1620 1464 1892 1520 districtu.
1946 1463 2175 1532 Statuit,
2216 1463 2497 1518 moriente
2526 1463 2699 1534 Papa,
2741 1477 2898 1519 extra
2925 1465 3158 1528 curiam,

542 1547 714 1618 ipsius
756 1546 1101 1602 electionem
1146 1544 1267 1599 fieri
1308 1546 1518 1600 debere
1560 1545 1613 1599 in
1655 1546 1801 1606 loco,
1829 1545 1926 1599 ubi
1955 1557 2074 1599 erat
2102 1561 2402 1599 causarum
2432 1557 2490 1598 et
2516 1543 2830 1598 litterarum
2857 1543 3159 1608 audientia,
3239 1554 3248 1560 '

540 1629 669 1684 licet
697 1644 1005 1700 suspensa3
1047 1626 1153 1682 nisi
1181 1626 1337 1698 prius
1365 1626 1694 1682 ordinatum
1722 1639 1872 1682 esset
1901 1628 1972 1681 de
2000 1627 2154 1681 curia
2183 1626 2591 1682 transferenda.
2647 1627 2841 1681 Ioann.
2870 1627 3047 1681 Andr.
3092 1657 3153 1666 -

543 1712 578 1777 g
608 1728 652 1782 3.
683 1708 956 1764 Providet
983 1707 1156 1774 casui,
1182 1725 1302 1779 quo
1332 1706 1653 1779 contigeret
1680 1706 1994 1761 cardinales
2024 1724 2228 1762 omnes
2256 1707 2406 1762 exire
2435 1707 2724 1762 conclave.
2765 1739 2832 1747 —
2876 1711 2910 1775 ς’
2936 1726 2986 1777 4
3030 1707 3159 1762 Sta-

542 1791 663 1852 tuit,
692 1788 1005 1845 cardinales
1034 1807 1135 1860 per
1164 1786 1560 1859 exceptionem
1586 1787 2214 1850 excommunicationiS‚
2242 1787 2634 1858 suspensionis
2661 1787 2751 1842 vel
2776 1786 3059 1843 interdicti
3086 1789 3157 1841 ab

539 1871 817 1926 electione
846 1888 965 1924 non
993 1868 1202 1941 repelli.
1233 1869 1426 1924 Ioann.
1455 1869 1631 1922 Andr.
1682 1900 1741 1908 —
1788 1872 1822 1936 g
1854 1887 1899 1940 5.
1949 1868 2176 1923 Electos
2205 1881 2261 1923 et
2286 1868 2445 1930 alios,
2476 1867 2571 1940 qui
2601 1867 2823 1923 mittere
2850 1868 2940 1922 vel
2967 1867 3043 1922 ire
3072 1881 3157 1924 te-

763 1963 971 2005 nentur
997 1950 1068 2003 ad
1098 1948 1332 2012 curiam,
1360 1947 1660 2019 adstringit
1685 1949 1757 2002 ad
1786 1948 1841 2002 id
1869 1950 2004 2003 sede
2033 1961 2287 2003 vacante.
2339 1950 2409 2007 H.
2439 1949 2492 2002 d.
2522 1950 2717 2003 Ioann.
2745 1950 2922 2004 Andr.

751 2066 846 2126 Ne
896 2063 1166 2124 Romani
1217 2061 1499 2123 electioni
1550 2062 1865 2123 Pontificis
1913 2061 2377 2124 indeterminata
2425 2061 2802 2142 opinionum
2850 2062 3159 2124 diversitas

538 2174 791 2254 aliquod
840 2171 1032 2253 possit
1078 2170 1470 2230 obstaculum
1519 2169 1613 2229 vel
1647 2169 2010 2231 dilationem
2043 2169 2287 2230 afferre:
2338 2189 2469 2246 n05,
2503 2169 2659 2230 inter
2692 2185 2888 2231 cetera
2922 2171 3153 2250 praeci-

539 2302 660 2363 pue
707 2279 1103 2354 attendentes‚
1153 2276 1327 2357 quod
1374 2275 1471 2337 lex
1517 2276 1852 2357 superioris
1900 2296 2007 2356 per
2052 2276 2406 2338 inferiorem
2442 2276 2570 2337 tolli
2605 2295 2733 2337 non
2767 2292 2985 2357 potest,
3019 2278 3155 2358 opi·

538 2387 792 2449 nionem
840 2386 1176 2464 adstruere,
1227 2385 1385 2446 sicut
1430 2383 1781 2464 accepimus
1814 2399 2212 2463 satagentem,
2247 2384 2420 2464 quod
2454 2383 2806 2446 constitutio
2841 2381 3027 2445 felicis
3059 2404 3155 2445 re-

538 2494 914 2555 cordationis
946 2491 1231 2570 Gregorii
1264 2492 1460 2573 Papae
1495 2493 1570 2552 X.
1608 2492 2092 2573 praedecessoris
2139 2491 2347 2569 nostri,
2394 2491 2549 2553 circa
2583 2490 2948 2553 electionem
2981 2511 3153 2572 prae·

538 2600 720 2662 fatam
772 2601 928 2661 edita
980 2600 1044 2661 in
1095 2598 1361 2659 concilio
1414 2599 1841 2679 Lugdunensi,
1908 2617 2014 2679 per
2077 2613 2324 2658 coetum
2376 2597 2781 2658 cardinalium
2833 2599 3152 2659 Romanae

534 2708 822 2771 ecclesiae
856 2708 982 2789 ipsa
1017 2724 1264 2768 vacante
1300 2705 1639 2767 modificari
1676 2705 1886 2787 possit,
1934 2705 2151 2787 corrigi
2188 2707 2280 2767 vel
2314 2706 2646 2783 immutari,
2680 2722 2783 2768 aut
2815 2705 3154 2787 quicquam

536 2817 589 2878 ei
638 2816 873 2877 detrahi
920 2815 1043 2876 sive
1092 2814 1253 2889 addi,
1303 2813 1398 2873 vel
1433 2813 1768 2895 dispensari
1803 2814 2280 2894 quomodolibet
2314 2813 2469 2874 circa
2504 2813 2703 2894 ipsam
2737 2832 2846 2874 seu
2881 2814 3152 2894 aliquam

537 2926 666 2986 eius
713 2940 966 3006 partem,
1015 2938 1118 2982 aut
1166 2921 1367 2982 eidem
1415 2921 1598 2981 etiam
1645 2921 1993 2982 renunciari
2041 2940 2147 3003 per
2193 2941 2358 2999 eum,
2407 2938 2706 3001 tanquam
2753 2921 2987 2981 veritati
3023 2939 3154 2981 non

535 3050 878 3093 consonam
926 3031 1002 3091 de
1046 3029 1300 3090 fratrum
1349 3044 1631 3089 nostrum
1676 3029 1937 3090 consilio
1985 3033 2410 3111 reprobamuS,
2458 3030 2699 3092 irritum
2748 3028 3154 3091 nihilominus

534 3154 592 3199 et
637 3138 818 3199 inane
865 3137 1263 3197 decernentes
1310 3135 1610 3216 quicquid
1659 3136 1969 3216 potestatis
2015 3153 2119 3198 aut
2165 3137 2625 3218 iurisdictionis,
2662 3137 2739 3198 ad
2772 3136 3152 3212 Romanum,

533 3244 682 3304 dum
734 3242 894 3321 vivit,
934 3242 1295 3304 Pontificem
1330 3243 1703 3323 pertinentis,
1754 3243 1887 3318 (nisi
1935 3261 2242 3323 quatenus
2277 3245 2339 3305 in
2372 3244 2809 3307 constitutione
2844 3244 3149 3325 praedicta

531 3352 951 3435 permittitur,)
1030 3367 1241 3411 coetus
1308 3351 1437 3432 ipse
1505 3350 1742 3411 duxerit
1807 3351 2025 3411 eadem
2089 3368 2334 3412 vacante
2404 3352 2652 3413 ecclesia
2717 3353 3146 3413 exercendum.

531 3470 560 3530 s
605 3481 653 3520 ι.
693 3461 783 3520 Eo
815 3476 1019 3520 tamen
1055 3457 1320 3538 provise,
1354 3459 1526 3537 quod
1560 3458 1607 3517 si
1643 3456 1921 3517 eiusdem
1955 3458 2242 3518 ecclesiae
2276 3459 2699 3535 camerarium,
2722 3475 2824 3519 aut
2844 3460 3146 3519 maiorem

531 3566 628 3626 vel
674 3565 916 3645 aliquos
962 3564 1114 3624 alios
1163 3584 1232 3622 ex
1283 3563 1760 3644 poenitentiariis
1807 3564 2106 3643 (quorum
2142 3563 2416 3624 officium
2451 3584 2556 3644 per
2589 3563 2832 3625 obitum
2868 3564 3147 3625 eiusdem

532 3671 843 3733 Pontifieis
888 3671 1185 3732 nolumus
1233 3670 1544 3751 expirare,)
1596 3691 1704 3752 per
1749 3685 2016 3731 mortem
2063 3671 2157 3731 vel
2205 3670 2348 3731 alias
2395 3671 2654 3731 deficere
2702 3672 2923 3750 quovis
2958 3671 3150 3733 modo

532 3779 868 3858 contingat,
902 3778 1099 3838 valeat
1132 3778 1299 3838 idem
1336 3795 1547 3838 coetus
1580 3780 1655 3839 ad
1692 3794 1937 3859 tempus
1970 3776 2300 3838 vacationis
2334 3777 2695 3839 huiusmodi
2730 3797 2841 3859 pro
2886 3797 3149 3841 numero

531 3886 947 3963 deficentium,
996 3885 1091 3945 vel
1138 3885 1424 3965 ampliori
1460 3885 1661 3962 etiam,
1695 3900 2004 3964 quantum
2037 3885 2112 3945 ad
2150 3884 2673 3965 poenitentiarios,
2707 3885 2758 3945 si
2790 3885 2910 3945 hoc
2945 3884 3144 3946 eidem

530 3993 729 4054 coetui
764 3990 1152 4054 concorditer
1184 3992 1466 4073 expedire
1521 3992 1846 4066 videbitur,
1897 3992 2047 4052 alios
2097 3995 2451 4071 subrogare.
2533 4001 2562 4061 S
2615 4012 2672 4053 2.
2742 3992 2899 4052 Sane
2948 4010 3143 4070 quum

529 4101 690 4161 iuxta
725 4099 1227 4162 constitutionem
1262 4101 1659 4180 praedictam,
1691 4102 1856 4181 Papa
1888 4116 2051 4160 extra
2084 4100 2407 4177 civitatem,
2448 4100 2510 4160 in
2544 4119 2670 4179 qua
2702 4119 2844 4160 cum
2879 4119 2988 4160 sua
3023 4113 3148 4161 erat

530 4209 715 4281 curia,
761 4208 1081 4281 moriente,
1129 4207 1190 4268 in
1224 4208 1481 4281 civitate,
1530 4210 1593 4269 in
1627 4209 1805 4270 cuius
1838 4208 2111 4269 districtu
2146 4226 2252 4268 seu
2288 4206 2593 4268 territorio
2627 4206 2908 4286 moritur,
2943 4206 3018 4267 sit
3051 4224 3144 4266 re-

526 4314 817 4394 gulariter
865 4315 1235 4376 successoris
1285 4316 1502 4377 electio
1554 4316 1950 4376 celebranda:
2020 4316 2326 4376 districtus
2375 4320 2484 4376 seu
2537 4316 2821 4376 territorii
2884 4313 3140 4376 nomine

528 4422 862 4484 dioecesim
909 4424 1028 4483 hoc
1077 4443 1218 4484 casu
1269 4424 1729 4504 intelligendam
1780 4423 1908 4485 fore
1957 4444 2298 4501 censemuS‚
2332 4443 2407 4484 eo
2439 4438 2643 4485 tamen
2677 4423 2933 4503 adiecto,
2970 4423 3146 4504 quod

526 4530 594 4607 si,
626 4530 692 4590 in
727 4545 893 4591 certo
926 4531 1068 4592 loco
1103 4549 1432 4591 causarum
1466 4547 1523 4591 et
1554 4531 1890 4592 litterarum
1924 4531 2403 4612 apostolicarum
2436 4531 2745 4592 audientia
2768 4546 3143 4609 remanente,

530 4639 759 4719 Papam
791 4637 934 4698 alibi
968 4637 1127 4698 mori
1162 4637 1495 4717 contingat,
1532 4657 1663 4700 non
1696 4638 1799 4715 ibi,
1834 4639 1942 4699 sed
1980 4638 2084 4699 ubi
2118 4637 2419 4719 praedicta
2455 4638 2636 4699 fuerit
2655 4638 2990 4716 audientia,
3012 4656 3144 4698 me-

530 4760 761 4804 morata
811 4744 1027 4806 electio
1078 4746 1435 4821 celebretur,
1483 4746 1720 4807 etiamsi
1764 4747 1981 4807 eadem
2027 4747 2336 4807 audientia
2383 4750 2662 4827 tempore
2711 4745 2924 4806 mortis
2956 4745 3145 4806 huius

527 4872 740 4913 vacare
789 4867 1108 4925 noscatur3
1161 4854 1277 4915 nisi
1326 4854 1534 4914 forsan
1567 4868 1708 4914 ante
1741 4870 2006 4914 mortem
2042 4854 2298 4915 eandem
2334 4852 2691 4915 ordinatum
2726 4871 2857 4914 esse
2890 4871 2996 4934 per
3031 4852 3142 4913 Pa·

529 4978 673 5040 pam
722 4959 797 5019 de
845 4960 1011 5021 curia
1046 4961 1484 5041 transferenda,
1520 4981 1652 5043 quo
1686 4980 1830 5021 casu
1863 4976 2140 5022 servet-ur
2172 4961 2440 5043 provisio
2475 4960 2932 5023 constitutionis
2966 4979 3145 5040 prae-
