3684 5416
460 1512 507 1544 to

567 347 669 430 ²3⁶
1205 347 1466 401 Potestas
1507 345 1885 401 ecclesiastica
1930 359 1983 401 et
2024 347 2323 417 imperium
2364 346 2539 401 civile.

776 538 805 598 S
852 530 944 591 16.
1013 529 1144 589 Nec
1191 548 1318 590 non
1355 529 1463 609 qui
1496 528 2013 610 archiepiscopos,
2046 528 2397 609 episcopos,
2429 529 2709 610 aliosque
2740 530 3088 611 superiores
3121 546 3179 590 et

565 635 885 696 inferiores
921 635 1240 715 praelatOS,
1284 652 1343 697 et
1375 655 1593 697 omnes
1626 636 1776 697 alios
1809 654 2248 717 quoscumque
2281 632 2512 697 iudices
2545 637 2979 698 ecclesiasticos
3012 625 3181 698 ordi-

562 745 783 818 narios,
818 742 1292 823 quomodolibet
1327 746 1438 805 hac
1471 745 1546 805 de
1580 764 1757 805 causa
1788 745 2009 805 directe
2030 744 2125 805 vel
2146 744 2453 821 indirecte,
2476 746 2847 807 carcerando
2866 745 2962 806 vel
2982 747 3177 807 mole·

563 853 783 915 stando
818 870 1038 913 eorum
1070 866 1341 929 agenteS,
1378 867 1826 932 procuratores,
1865 849 2204 926 familiares,
2226 869 2473 912 necnon
2494 851 2990 931 consanguineos
3011 866 3068 913 et
3088 851 3179 912 af-

567 962 739 1036 fines,
788 975 890 1021 aut
935 959 1100 1035 alias,
1149 958 1513 1038 impediunt,
1548 958 1888 1038 quominus
1932 977 2041 1018 sua
2088 957 2503 1018 iurisdictione
2534 957 2933 1019 ecclesiastica
2964 971 3178 1019 contra

563 1084 977 1149 quoscunque
1021 1080 1291 1137 utantur,
1337 1065 1686 1125 secundum
1737 1065 1909 1144 quod
1956 1083 2224 1126 canones
2256 1077 2315 1124 et
2346 1082 2548 1124 sacrae
2581 1062 3049 1125 constitutiones
3079 1083 3175 1125 ec-

563 1173 947 1248 clesiasticae,
983 1186 1041 1232 et
1073 1171 1311 1231 decreta
1345 1171 1756 1233 conciliorum
1787 1170 2169 1251 generalium
2203 1185 2262 1232 et
2295 1169 2647 1250 praesertim
2677 1170 3029 1232 Tridentini
3062 1186 3177 1232 sta-

563 1296 775 1350 tuunt;
842 1300 910 1340 ac
941 1279 1125 1339 etiam
1159 1297 1286 1355 eos,
1322 1277 1428 1358 qui
1466 1294 1606 1360 post
1639 1278 1919 1358 ipsorum
1952 1277 2411 1339 ordinariorum
2445 1278 2538 1338 vel
2571 1277 2752 1338 etiam
2786 1279 2860 1338 ab
2892 1277 2978 1339 eis
3010 1276 3176 1338 dele-

564 1401 851 1468 gatorum
901 1403 1449 1466 quorumcumque
1501 1385 1834 1446 sententias
1887 1400 1947 1446 et
1999 1385 2257 1464 decreta,
2305 1399 2410 1445 aut
2454 1385 2598 1445 alias
2645 1384 2759 1447 fori
2792 1384 3175 1446 ecclesiastici

564 1492 828 1554 iudicem
861 1492 1194 1567 eludentes»,
1227 1493 1302 1553 ad
1337 1491 1726 1553 cancellarias
1759 1506 1816 1553 et
1850 1491 1996 1552 alias
2029 1491 2226 1553 curias
2258 1490 2598 1553 saeculares
2630 1507 2969 1571 recurrunt,
3012 1506 3071 1551 et
3100 1493 3176 1552 ab

488 1638 492 1642 -
563 1600 678 1660 illis
725 1599 1171 1681 prohibitiones
1217 1613 1276 1660 et
1322 1600 1626 1671 mandata,
1672 1598 1854 1659 etiam
1896 1599 2199 1680 poenalia,
2234 1598 2558 1660 ordinariis
2590 1614 2649 1659 et
2680 1598 2971 1678 delegatis
3003 1617 3175 1679 prae-

460 2045 503 2087 ¹5

459 2577 512 2610 20

564 1707 736 1768 dictis
769 1705 1036 1782 decerni,
1070 1721 1129 1766 et
1159 1723 1371 1767 contra
1402 1704 1542 1766 illos
1575 1705 1795 1786 exequi
1830 1721 2185 1786 procurant;
2220 1725 2327 1766 eos
2360 1725 2639 1787 quoque,
2662 1705 2768 1786 qui
2790 1706 2939 1767 haec
2967 1703 3176 1765 decer-

564 1830 721 1875 nunt
753 1829 811 1874 et
844 1799 1261 1893 exequuntur,
1309 1833 1418 1874 seu
1455 1814 1603 1874 dant
1636 1812 1953 1891 auxilium,
1985 1812 2336 1886 consilium,
2368 1813 2783 1894 patrocinium
2814 1827 2872 1873 et
2906 1812 3177 1873 favorem

563 1922 626 1981 in
661 1921 909 1981 eisdem.

776 2036 804 2097 s
851 2048 942 2094 17.
1005 2026 1208 2103 Quive
1256 2026 1721 2101 iurisdictiones,
1752 2046 1861 2086 seu
1906 2025 2157 2101 fructus,
2190 2028 2466 2088 redditus
2497 2042 2557 2088 et
2587 2043 2920 2109 proventus
2951 2026 3025 2086 ad
3061 2043 3177 2086 nos

563 2151 619 2196 et
651 2134 876 2196 Sedem
909 2133 1348 2216 Apostolicam,
1381 2148 1438 2193 et
1472 2152 1878 2213 quascunque
1914 2133 2342 2195 ecclesiasticas
2376 2152 2687 2216 personas„
2719 2133 2951 2194 ratione
2983 2131 3176 2193 eccle-

566 2243 811 2314 siarum,
835 2241 1355 2303 monasteriorum
1375 2255 1434 2301 et
1456 2240 1723 2302 aliorum
1744 2240 2193 2301 beneficiorum
2212 2241 2763 2303 ecclesiasticorum
2784 2238 3173 2321 pertinentes,

567 2364 880 2431 usurpant,
924 2348 1022 2409 vel
1066 2348 1247 2409 etiam
1294 2347 1508 2428 quavis
1549 2347 1871 2408 occasione
1904 2348 2001 2409 vel
2033 2367 2233 2425 causa,
2268 2349 2400 2409 sine
2436 2348 2700 2408 Romani
2739 2344 3049 2408 pontificis
3082 2345 3175 2405 vel

567 2456 830 2518 aliorum
862 2456 937 2516 ad
973 2456 1032 2516 id
1069 2454 1403 2534 legitimam
1438 2454 1785 2516 facultatem
1805 2455 2168 2516 habentium
2197 2474 2474 2535 expressa
2495 2454 2756 2530 licentia,
2774 2467 3176 2534 sequestrant.

780 2572 809 2632 s
857 2564 948 2624 18.
1015 2560 1218 2637 Quive
1251 2560 1555 2638 collectaS,
1588 2561 1880 2638 decimaS,
1913 2561 2138 2638 talleas,
2176 2561 2566 2642 praestantias
2598 2577 2656 2621 et
2687 2559 2799 2620 alia
2832 2579 3021 2620 onera
3054 2559 3174 2620 cle-

565 2670 700 2733 ricis
734 2669 1013 2752 praefatis
1044 2685 1102 2730 et
1134 2668 1265 2731 aliis
1298 2669 1577 2750 personis
1608 2668 2041 2746 ecclesiasticis,
2075 2688 2145 2731 ac
2177 2687 2396 2731 eorum
2428 2682 2486 2730 et
2505 2668 2917 2743 ecclesiarum,
2954 2684 3174 2729 mona·

565 2778 893 2839 steriorum
926 2791 986 2837 et
1017 2776 1285 2838 aliorum
1320 2774 1767 2837 beneficiorum
1803 2776 2354 2838 ecclesiasticorum
2387 2776 2584 2844 bonis,
2616 2774 2991 2854 illorumque
3013 2775 3175 2834 fruc-

565 2884 746 2960 tibuS,
781 2882 1120 2944 redditibus
1155 2896 1213 2943 et
1244 2883 1648 2963 proventibus
1680 2881 2064 2957 huiusmodi,
2100 2884 2332 2962 absque
2363 2881 2545 2944 simili
2565 2880 2835 2943 Romani
2872 2878 3177 2942 Pontificis

565 2990 809 3071 speciali
860 3005 918 3050 et
971 3008 1249 3071 expressa
1297 2989 1557 3067 licentia,
1605 2990 1954 3071 imponunt,
2002 3003 2062 3050 et
2108 2989 2361 3050 diversis
2406 2990 2586 3051 etiam
2631 2987 2943 3069 exquisitis
2976 2986 3177 3048 modis

459 3114 507 3157 25
567 3095 837 3178 exigunt,
872 3111 975 3156 aut
1007 3094 1093 3155 sic
1126 3095 1408 3175 imposita
1443 3095 1620 3156 etiam
1657 3116 1690 3156 a
1725 3111 1945 3176 sponte
1965 3094 2258 3156 dantibus
2277 3110 2336 3156 et
2357 3095 2836 3156 concedentibus
2857 3094 3177 3175 recipiunt.

457 3648 510 3681 ‘³0

469 4720 511 4757 10

565 3204 829 3264 Necnon
865 3202 971 3282 qui
1006 3221 1113 3283 per
1145 3222 1208 3263 se
1244 3203 1337 3263 vel
1372 3201 1525 3263 alios
1559 3202 1783 3264 directe
1816 3201 1912 3263 vel
1945 3201 2237 3263 indirecte
2263 3201 2563 3283 praedicta
2585 3200 2799 3281 facere,
2821 3202 3062 3284 exequi,
3081 3202 3179 3262 vel

565 3328 913 3391 procurare,
963 3326 1065 3370 aut
1112 3309 1173 3369 in
1222 3308 1456 3370 eisdem
1505 3309 1822 3378 auxilium,
1872 3308 2204 3370 consilium
2248 3310 2342 3369 vel
2392 3309 2665 3370 favorem
2712 3323 3014 3389 praestare
3048 3327 3177 3371 non

564 3431 866 3491 verentur,
914 3415 1345 3496 cuiuscunque
1398 3415 1516 3477 sint
1562 3416 2103 3498 praeeminentiae,
2151 3415 2483 3495 dignitatis,
2519 3416 2771 3493 ordinis,
2806 3414 3181 3477 conditionis

564 3539 667 3583 aut
699 3538 907 3600 status,
940 3523 1121 3585 etiam
1155 3523 1202 3584 si
1239 3522 1542 3603 imperiali
1577 3538 1683 3584 aut
1715 3524 1901 3604 regali
1935 3523 2358 3604 praefulgeant
2389 3522 2699 3602 dignitate,
2727 3542 2836 3584 seu
2859 3522 3180 3604 principeS,

569 3632 776 3707 duces,
825 3632 1097 3705 comites,
1132 3632 1394 3691 barones
1427 3644 1486 3690 et
1519 3630 1618 3690 alii
1653 3645 2024 3711 potentatus,
2059 3630 2425 3711 quicunque
2458 3630 2639 3691 etiam
2674 3630 2895 3707 regnis,
2931 3631 3176 3712 provin-

564 3738 692 3813 ciis»,
741 3736 1083 3798 civitatibus
1129 3752 1190 3798 et
1239 3738 1412 3798 terris
1459 3740 1924 3817 quoquomodo
1958 3738 2390 3818 praesidentes,
2422 3736 2750 3799 consiliarii
2782 3752 2841 3798 et
2872 3751 3179 3797 senatores

563 3860 668 3906 aut
700 3845 917 3925 quavis
949 3845 1130 3905 etiam
1165 3842 1505 3926 pontificali
1541 3843 1835 3925 dignitate
1870 3844 2162 3924 insigniti.
2196 3845 2568 3906 Innovantes
2600 3844 2837 3905 decreta
2868 3861 3054 3924 super
3082 3841 3178 3902 his

565 3971 672 4031 per
703 3969 908 4013 sacros
942 3971 1230 4023 canones,
1263 3967 1388 4011 tam
1424 3950 1485 4011 in
1521 3950 1921 4012 Laterauensi
1958 3952 2290 4012 novissime
2323 3952 2647 4028 celebrato,
2682 3971 2871 4032 quam
2906 3949 3179 4013 conciliis

564 4058 953 4137 generalibus
987 4059 1164 4132 edita,
1196 4057 1378 4118 etiam
1412 4075 1557 4118 cum
1588 4058 1865 4118 censuris
1898 4073 1955 4118 et
1988 4059 2207 4138 poenis
2239 4058 2301 4119 in
2334 4058 2419 4118 eis
2451 4059 2771 4120 contentis.

788 4174 817 4232 S
865 4186 954 4243 ¹9·
1021 4166 1168 4226 Item
1214 4164 1832 4226 excommunicamus
1879 4181 1937 4226 et
1982 4166 2570 4227 anathematizamus
2619 4185 2840 4227 omnes
2885 4180 2943 4226 et
2988 4184 3177 4245 quos—

566 4292 820 4352 cunque
860 4272 1245 4352 magistratus
1278 4288 1337 4333 et
1368 4272 1617 4350 iudices,
1669 4272 1963 4349 notariOS,
1999 4272 2242 4349 scribas,
2278 4288 2651 4347 executores,
2685 4274 3175 4348 subexecutores,

567 4380 1049 4461 quomodolibet
1082 4400 1145 4440 se
1179 4379 1639 4459 interponentes
1675 4379 1736 4440 in
1769 4380 1968 4441 causis
2002 4378 2358 4460 capitalibus
2388 4399 2494 4440 seu
2531 4377 2947 4440 criminalibus
2966 4393 3178 4440 contra

567 4506 859 4567 personas
892 4487 1322 4561 ecclesiasicas,
1371 4486 1503 4547 illas
1535 4487 1973 4566 processandO,
2027 4486 2404 4564 banniendo,
2438 4486 2758 4567 capiend0,
2789 4506 2898 4548 seu
2932 4499 3176 4546 senten-

567 4594 676 4654 tias
709 4609 920 4656 contra
954 4594 1082 4653 illas
1116 4591 1506 4674 proferende,
1535 4592 1630 4652 vel
1650 4591 2035 4672 exequendo,
2057 4592 2188 4653 sine
2209 4592 2475 4673 speciali,
2493 4590 2789 4673 specifica,
2821 4606 2879 4652 et
2898 4609 3177 4671 expressa

571 4702 759 4763 huius
793 4716 1035 4762 sanctae
1061 4701 1233 4762 Sedis
1253 4699 1647 4781 Apostolicae
1678 4700 1949 4773 licentia;
1985 4699 2219 4780 quique
2242 4700 2601 4762 huiusmodi
2622 4698 2923 4761 licentiam
2943 4700 3018 4760 ad
3040 4717 3178 4779 per-

560 4826 739 4868 sonas
790 4823 847 4867 et
881 4825 1059 4868 casus
1091 4824 1219 4867 non
1251 4824 1567 4886 expressos
1599 4806 1962 4877 extendunt,
2000 4805 2093 4865 vel
2128 4806 2275 4866 alias
2308 4804 2408 4865 illa
2444 4823 2763 4886 perperam
2796 4807 3176 4878 abutuntur;
