<?xml version="1.0" encoding="UTF-8"?>
<!DOCTYPE html PUBLIC "-//W3C//DTD XHTML 1.0 Transitional//EN"
    "http://www.w3.org/TR/xhtml1/DTD/xhtml1-transitional.dtd">
<html xmlns="http://www.w3.org/1999/xhtml" xml:lang="en" lang="en">
 <head>
  <title>
</title>
<meta http-equiv="Content-Type" content="text/html;charset=utf-8" />
  <meta name='ocr-system' content='tesseract 3.04.00' />
  <meta name='ocr-capabilities' content='ocr_page ocr_carea ocr_par ocr_line ocrx_word'/>
</head>
<body>
  <div class='ocr_page' id='page_1' title='image "./fontesiuriscano00unkngoog_0444.png"; bbox 0 0 3684 5416; ppageno 0'>
   <div class='ocr_carea' id='block_1_1' title="bbox 490 1493 540 1525">
    <p class='ocr_par' dir='ltr' id='par_1_1' title="bbox 490 1493 540 1525">
     <span class='ocr_line' id='line_1_1' title="bbox 490 1493 540 1525; baseline -0.02 0"><span class='ocrx_word' id='word_1_1' title='bbox 490 1493 540 1525; x_wconf 85' lang='lat'>10</span> 
     </span>
    </p>
   </div>
   <div class='ocr_carea' id='block_1_2' title="bbox 492 2029 538 2071">
    <p class='ocr_par' dir='ltr' id='par_1_2' title="bbox 492 2029 538 2071">
     <span class='ocr_line' id='line_1_2' title="bbox 492 2029 538 2071; baseline 0 0"><span class='ocrx_word' id='word_1_2' title='bbox 492 2029 538 2071; x_wconf 85' lang='lat'>¹5</span> 
     </span>
    </p>
   </div>
   <div class='ocr_carea' id='block_1_3' title="bbox 490 2563 543 2595">
    <p class='ocr_par' dir='ltr' id='par_1_3' title="bbox 490 2563 543 2595">
     <span class='ocr_line' id='line_1_3' title="bbox 490 2563 543 2595; baseline -0.057 0"><span class='ocrx_word' id='word_1_3' title='bbox 490 2563 543 2595; x_wconf 74' lang='lat'>20</span> 
     </span>
    </p>
   </div>
   <div class='ocr_carea' id='block_1_4' title="bbox 494 3629 546 3672">
    <p class='ocr_par' dir='ltr' id='par_1_4' title="bbox 494 3629 546 3672">
     <span class='ocr_line' id='line_1_4' title="bbox 494 3629 546 3672; baseline 0 -13"><span class='ocrx_word' id='word_1_4' title='bbox 494 3629 546 3672; x_wconf 79' lang='grc'>30</span> 
     </span>
    </p>
   </div>
   <div class='ocr_carea' id='block_1_5' title="bbox 491 4704 547 4744">
    <p class='ocr_par' dir='ltr' id='par_1_5' title="bbox 491 4704 547 4744">
     <span class='ocr_line' id='line_1_5' title="bbox 491 4704 547 4744; baseline 0 -10"><span class='ocrx_word' id='word_1_5' title='bbox 491 4704 547 4744; x_wconf 81' lang='lat'>40</span> 
     </span>
    </p>
   </div>
   <div class='ocr_carea' id='block_1_6' title="bbox 597 322 2211 392">
    <p class='ocr_par' dir='ltr' id='par_1_6' title="bbox 597 322 2211 392">
     <span class='ocr_line' id='line_1_6' title="bbox 597 322 2211 392; baseline -0.001 -12"><span class='ocrx_word' id='word_1_6' title='bbox 597 322 703 392; x_wconf 82' lang='lat'>408</span> <span class='ocrx_word' id='word_1_7' title='bbox 1612 323 1877 380; x_wconf 77' lang='lat' dir='ltr'>Pontifex</span> <span class='ocrx_word' id='word_1_8' title='bbox 1921 343 2211 379; x_wconf 87' lang='lat' dir='ltr'>romanus.</span> 
     </span>
    </p>
   </div>
   <div class='ocr_carea' id='block_1_7' title="bbox 590 505 3210 1551">
    <p class='ocr_par' dir='ltr' id='par_1_7' title="bbox 590 505 3210 1551">
     <span class='ocr_line' id='line_1_7' title="bbox 593 505 3210 587; baseline 0.001 -21"><span class='ocrx_word' id='word_1_9' title='bbox 593 506 799 566; x_wconf 87' lang='lat' dir='ltr'>divina</span> <span class='ocrx_word' id='word_1_10' title='bbox 847 505 1278 586; x_wconf 80' lang='lat' dir='ltr'>suppeditabat</span> <span class='ocrx_word' id='word_1_11' title='bbox 1323 506 1729 587; x_wconf 89' lang='lat' dir='ltr'>providentia,</span> <span class='ocrx_word' id='word_1_12' title='bbox 1760 507 2048 568; x_wconf 83' lang='lat' dir='ltr'>adhibitis</span> <span class='ocrx_word' id='word_1_13' title='bbox 2081 507 2335 577; x_wconf 81' lang='lat' dir='ltr'>auxiliis,</span> <span class='ocrx_word' id='word_1_14' title='bbox 2371 528 2439 567; x_wconf 89' lang='lat' dir='ltr'>ea</span> <span class='ocrx_word' id='word_1_15' title='bbox 2473 508 2740 568; x_wconf 90' lang='lat' dir='ltr'>tenenda</span> <span class='ocrx_word' id='word_1_16' title='bbox 2775 507 3210 578; x_wconf 86' lang='lat' dir='ltr'>definiverunt,</span> 
     </span>
     <span class='ocr_line' id='line_1_8' title="bbox 591 611 3204 695; baseline 0.001 -23"><span class='ocrx_word' id='word_1_17' title='bbox 591 632 752 691; x_wconf 90' lang='lat' dir='ltr'>quae</span> <span class='ocrx_word' id='word_1_18' title='bbox 798 611 980 672; x_wconf 89' lang='lat' dir='ltr'>sacris</span> <span class='ocrx_word' id='word_1_19' title='bbox 1013 612 1339 693; x_wconf 88' lang='lat' dir='ltr'>Scripturis</span> <span class='ocrx_word' id='word_1_20' title='bbox 1386 629 1444 674; x_wconf 91' lang='lat' dir='ltr'>et</span> <span class='ocrx_word' id='word_1_21' title='bbox 1491 613 1836 695; x_wconf 89' lang='lat' dir='ltr'>apostolicis</span> <span class='ocrx_word' id='word_1_22' title='bbox 1868 614 2340 676; x_wconf 90' lang='lat' dir='ltr'>Traditionibus</span> <span class='ocrx_word' id='word_1_23' title='bbox 2388 631 2822 688; x_wconf 87' lang='lat' dir='ltr'>consentanea,</span> <span class='ocrx_word' id='word_1_24' title='bbox 2858 614 2994 675; x_wconf 90' lang='lat' dir='ltr'>Deo</span> <span class='ocrx_word' id='word_1_25' title='bbox 3027 613 3204 676; x_wconf 88' lang='lat' dir='ltr'>adiu-</span> 
     </span>
     <span class='ocr_line' id='line_1_9' title="bbox 590 721 3202 802; baseline 0 -23"><span class='ocrx_word' id='word_1_26' title='bbox 590 735 737 796; x_wconf 90' lang='lat' dir='ltr'>tore,</span> <span class='ocrx_word' id='word_1_27' title='bbox 788 735 1225 798; x_wconf 81' lang='lat' dir='ltr'><strong>cognoverant.</strong></span> <span class='ocrx_word' id='word_1_28' title='bbox 1290 721 1509 801; x_wconf 87' lang='lat' dir='ltr'>Neque</span> <span class='ocrx_word' id='word_1_29' title='bbox 1556 721 1720 782; x_wconf 91' lang='lat' dir='ltr'>enim</span> <span class='ocrx_word' id='word_1_30' title='bbox 1757 721 1913 782; x_wconf 87' lang='lat' dir='ltr'>Petri</span> <span class='ocrx_word' id='word_1_31' title='bbox 1964 722 2421 782; x_wconf 89' lang='lat' dir='ltr'>successoribus</span> <span class='ocrx_word' id='word_1_32' title='bbox 2455 721 2717 802; x_wconf 85' lang='lat' dir='ltr'>Spiritus</span> <span class='ocrx_word' id='word_1_33' title='bbox 2762 721 3021 782; x_wconf 89' lang='lat' dir='ltr'>Sanctus</span> <span class='ocrx_word' id='word_1_34' title='bbox 3067 739 3202 802; x_wconf 91' lang='lat' dir='ltr'>pro-</span> 
     </span>
     <span class='ocr_line' id='line_1_10' title="bbox 591 825 3207 909; baseline 0.001 -24"><span class='ocrx_word' id='word_1_35' title='bbox 591 825 815 886; x_wconf 89' lang='lat' dir='ltr'>missus</span> <span class='ocrx_word' id='word_1_36' title='bbox 861 842 967 899; x_wconf 89' lang='lat' dir='ltr'>est,</span> <span class='ocrx_word' id='word_1_37' title='bbox 1023 841 1090 888; x_wconf 90' lang='lat' dir='ltr'>ut</span> <span class='ocrx_word' id='word_1_38' title='bbox 1138 846 1212 887; x_wconf 94' lang='lat' dir='ltr'>eo</span> <span class='ocrx_word' id='word_1_39' title='bbox 1260 829 1563 889; x_wconf 87' lang='lat' dir='ltr'>revelante</span> <span class='ocrx_word' id='word_1_40' title='bbox 1600 847 1824 889; x_wconf 89' lang='lat' dir='ltr'>novam</span> <span class='ocrx_word' id='word_1_41' title='bbox 1863 828 2205 890; x_wconf 86' lang='lat' dir='ltr'>doctrinam</span> <span class='ocrx_word' id='word_1_42' title='bbox 2240 828 2661 909; x_wconf 86' lang='lat' dir='ltr'>patefacerent,</span> <span class='ocrx_word' id='word_1_43' title='bbox 2695 829 2801 889; x_wconf 88' lang='lat' dir='ltr'>sed</span> <span class='ocrx_word' id='word_1_44' title='bbox 2836 844 2921 901; x_wconf 93' lang='lat' dir='ltr'>ut,</span> <span class='ocrx_word' id='word_1_45' title='bbox 2956 847 3031 889; x_wconf 95' lang='lat' dir='ltr'>eo</span> <span class='ocrx_word' id='word_1_46' title='bbox 3062 827 3207 888; x_wconf 87' lang='lat' dir='ltr'>assi-</span> 
     </span>
     <span class='ocr_line' id='line_1_11' title="bbox 590 933 3207 1018; baseline 0.001 -27"><span class='ocrx_word' id='word_1_47' title='bbox 590 948 803 1009; x_wconf 86' lang='lat' dir='ltr'>stente,</span> <span class='ocrx_word' id='word_1_48' title='bbox 838 933 1116 994; x_wconf 86' lang='lat' dir='ltr'>traditam</span> <span class='ocrx_word' id='word_1_49' title='bbox 1153 955 1259 1016; x_wconf 90' lang='lat' dir='ltr'>per</span> <span class='ocrx_word' id='word_1_50' title='bbox 1291 935 1632 1018; x_wconf 84' lang='lat' dir='ltr'>Apostolos</span> <span class='ocrx_word' id='word_1_51' title='bbox 1673 935 2108 996; x_wconf 88' lang='lat' dir='ltr'>revelationem</span> <span class='ocrx_word' id='word_1_52' title='bbox 2155 955 2265 996; x_wconf 88' lang='lat' dir='ltr'>seu</span> <span class='ocrx_word' id='word_1_53' title='bbox 2300 935 2440 996; x_wconf 81' lang='lat' dir='ltr'>tidei</span> <span class='ocrx_word' id='word_1_54' title='bbox 2474 935 2832 1016; x_wconf 86' lang='lat' dir='ltr'>depositum</span> <span class='ocrx_word' id='word_1_55' title='bbox 2863 951 3068 995; x_wconf 90' lang='lat' dir='ltr'>sancte</span> <span class='ocrx_word' id='word_1_56' title='bbox 3102 953 3207 995; x_wconf 91' lang='lat' dir='ltr'>cu-</span> 
     </span>
     <span class='ocr_line' id='line_1_12' title="bbox 590 1039 3208 1124; baseline 0.001 -26"><span class='ocrx_word' id='word_1_57' title='bbox 590 1039 884 1100; x_wconf 90' lang='lat' dir='ltr'>stodirent</span> <span class='ocrx_word' id='word_1_58' title='bbox 930 1058 987 1101; x_wconf 91' lang='lat' dir='ltr'>et</span> <span class='ocrx_word' id='word_1_59' title='bbox 1033 1041 1291 1103; x_wconf 88' lang='lat' dir='ltr'>fideliter</span> <span class='ocrx_word' id='word_1_60' title='bbox 1337 1058 1736 1124; x_wconf 88' lang='lat' dir='ltr'>exponerent.</span> <span class='ocrx_word' id='word_1_61' title='bbox 1802 1042 2096 1116; x_wconf 88' lang='lat' dir='ltr'>Quorum</span> <span class='ocrx_word' id='word_1_62' title='bbox 2147 1043 2402 1123; x_wconf 91' lang='lat' dir='ltr'>quidem</span> <span class='ocrx_word' id='word_1_63' title='bbox 2435 1041 2832 1124; x_wconf 88' lang='lat' dir='ltr'>apostolicam</span> <span class='ocrx_word' id='word_1_64' title='bbox 2866 1041 3208 1102; x_wconf 87' lang='lat' dir='ltr'>doctrinam</span> 
     </span>
     <span class='ocr_line' id='line_1_13' title="bbox 591 1148 3207 1231; baseline 0 -24"><span class='ocrx_word' id='word_1_65' title='bbox 591 1165 810 1207; x_wconf 89' lang='lat' dir='ltr'>omnes</span> <span class='ocrx_word' id='word_1_66' title='bbox 844 1150 1221 1210; x_wconf 90' lang='lat' dir='ltr'>venerabiles</span> <span class='ocrx_word' id='word_1_67' title='bbox 1254 1150 1457 1211; x_wconf 85' lang='lat' dir='ltr'>Patres</span> <span class='ocrx_word' id='word_1_68' title='bbox 1508 1150 1770 1231; x_wconf 82' lang='lat' dir='ltr'>amplexi</span> <span class='ocrx_word' id='word_1_69' title='bbox 1805 1165 1865 1211; x_wconf 90' lang='lat' dir='ltr'>et</span> <span class='ocrx_word' id='word_1_70' title='bbox 1898 1151 2088 1211; x_wconf 88' lang='lat' dir='ltr'>sancti</span> <span class='ocrx_word' id='word_1_71' title='bbox 2126 1150 2426 1211; x_wconf 83' lang='lat' dir='ltr'>Doctores</span> <span class='ocrx_word' id='word_1_72' title='bbox 2458 1148 2789 1210; x_wconf 87' lang='lat' dir='ltr'>orthodoxi</span> <span class='ocrx_word' id='word_1_73' title='bbox 2822 1149 3085 1209; x_wconf 89' lang='lat' dir='ltr'>venerati</span> <span class='ocrx_word' id='word_1_74' title='bbox 3119 1164 3207 1208; x_wconf 90' lang='lat' dir='ltr'>at-</span> 
     </span>
     <span class='ocr_line' id='line_1_14' title="bbox 592 1254 3210 1336; baseline 0.001 -23"><span class='ocrx_word' id='word_1_75' title='bbox 592 1272 715 1332; x_wconf 90' lang='lat' dir='ltr'>que</span> <span class='ocrx_word' id='word_1_76' title='bbox 767 1255 960 1315; x_wconf 90' lang='lat' dir='ltr'>secuti</span> <span class='ocrx_word' id='word_1_77' title='bbox 1011 1272 1185 1326; x_wconf 87' lang='lat' dir='ltr'>sunt;</span> <span class='ocrx_word' id='word_1_78' title='bbox 1250 1255 1602 1336; x_wconf 86' lang='lat' dir='ltr'>plenissime</span> <span class='ocrx_word' id='word_1_79' title='bbox 1654 1256 1933 1332; x_wconf 75' lang='lat' dir='ltr'>scienteS,</span> <span class='ocrx_word' id='word_1_80' title='bbox 1985 1257 2146 1316; x_wconf 90' lang='lat' dir='ltr'>hanc</span> <span class='ocrx_word' id='word_1_81' title='bbox 2195 1256 2385 1317; x_wconf 89' lang='lat' dir='ltr'>sancti</span> <span class='ocrx_word' id='word_1_82' title='bbox 2439 1255 2598 1316; x_wconf 85' lang='lat' dir='ltr'>Petri</span> <span class='ocrx_word' id='word_1_83' title='bbox 2643 1254 2868 1315; x_wconf 89' lang='lat' dir='ltr'>Sedem</span> <span class='ocrx_word' id='word_1_84' title='bbox 2918 1257 2993 1315; x_wconf 92' lang='lat' dir='ltr'>ab</span> <span class='ocrx_word' id='word_1_85' title='bbox 3039 1255 3210 1316; x_wconf 88' lang='lat' dir='ltr'>omni</span> 
     </span>
     <span class='ocr_line' id='line_1_15' title="bbox 592 1361 3209 1443; baseline 0.001 -24"><span class='ocrx_word' id='word_1_86' title='bbox 592 1379 836 1441; x_wconf 88' lang='lat' dir='ltr'>semper</span> <span class='ocrx_word' id='word_1_87' title='bbox 868 1380 1072 1423; x_wconf 90' lang='lat' dir='ltr'>errore</span> <span class='ocrx_word' id='word_1_88' title='bbox 1106 1361 1394 1423; x_wconf 86' lang='lat' dir='ltr'>illibatam</span> <span class='ocrx_word' id='word_1_89' title='bbox 1434 1382 1810 1443; x_wconf 83' lang='lat' dir='ltr'>permanere,</span> <span class='ocrx_word' id='word_1_90' title='bbox 1859 1363 2205 1424; x_wconf 88' lang='lat' dir='ltr'>secundum</span> <span class='ocrx_word' id='word_1_91' title='bbox 2244 1363 2498 1423; x_wconf 89' lang='lat' dir='ltr'>Domini</span> <span class='ocrx_word' id='word_1_92' title='bbox 2535 1361 2862 1423; x_wconf 87' lang='lat' dir='ltr'>Salvatoris</span> <span class='ocrx_word' id='word_1_93' title='bbox 2895 1362 3084 1422; x_wconf 88' lang='lat' dir='ltr'>nostri</span> <span class='ocrx_word' id='word_1_94' title='bbox 3115 1361 3209 1422; x_wconf 89' lang='lat' dir='ltr'>di-</span> 
     </span>
     <span class='ocr_line' id='line_1_16' title="bbox 594 1466 3210 1551; baseline 0.001 -27"><span class='ocrx_word' id='word_1_95' title='bbox 594 1466 798 1527; x_wconf 87' lang='lat' dir='ltr'>vinam</span> <span class='ocrx_word' id='word_1_96' title='bbox 849 1468 1354 1548; x_wconf 85' lang='lat' dir='ltr'>pollicitationem</span> <span class='ocrx_word' id='word_1_97' title='bbox 1403 1469 1852 1550; x_wconf 85' lang='lat' dir='ltr'>discipulorum</span> <span class='ocrx_word' id='word_1_98' title='bbox 1896 1488 2157 1531; x_wconf 90' lang='lat' dir='ltr'>suorum</span> <span class='ocrx_word' id='word_1_99' title='bbox 2192 1470 2452 1551; x_wconf 86' lang='lat' dir='ltr'>principi</span> <span class='ocrx_word' id='word_1_100' title='bbox 2490 1469 2740 1529; x_wconf 88' lang='lat' dir='ltr'>factam:</span> <span class='ocrx_word' id='word_1_101' title='bbox 2800 1468 2970 1548; x_wconf 74' lang='lat' dir='ltr'>«Ego</span> <span class='ocrx_word' id='word_1_102' title='bbox 3003 1468 3210 1546; x_wconf 82' lang='lat' dir='ltr'>rogavi</span> 
     </span>
    </p>
   </div>
   <div class='ocr_carea' id='block_1_8' title="bbox 593 1575 3210 1742">
    <p class='ocr_par' dir='ltr' id='par_1_8' title="bbox 593 1575 3210 1742">
     <span class='ocr_line' id='line_1_17' title="bbox 594 1575 3210 1656; baseline 0.002 -24"><span class='ocrx_word' id='word_1_103' title='bbox 594 1592 709 1652; x_wconf 90' lang='lat' dir='ltr'>pro</span> <span class='ocrx_word' id='word_1_104' title='bbox 755 1590 830 1650; x_wconf 91' lang='lat' dir='ltr'>te,</span> <span class='ocrx_word' id='word_1_105' title='bbox 883 1591 947 1634; x_wconf 92' lang='lat' dir='ltr'>ut</span> <span class='ocrx_word' id='word_1_106' title='bbox 994 1594 1120 1636; x_wconf 91' lang='lat' dir='ltr'>non</span> <span class='ocrx_word' id='word_1_107' title='bbox 1168 1576 1408 1636; x_wconf 83' lang='lat' dir='ltr'>deficiat</span> <span class='ocrx_word' id='word_1_108' title='bbox 1458 1576 1607 1636; x_wconf 89' lang='lat' dir='ltr'>fides</span> <span class='ocrx_word' id='word_1_109' title='bbox 1653 1593 1777 1650; x_wconf 87' lang='lat' dir='ltr'>tua,</span> <span class='ocrx_word' id='word_1_110' title='bbox 1827 1593 1885 1638; x_wconf 90' lang='lat' dir='ltr'>et</span> <span class='ocrx_word' id='word_1_111' title='bbox 1921 1595 1985 1636; x_wconf 91' lang='lat' dir='ltr'>tu</span> <span class='ocrx_word' id='word_1_112' title='bbox 2020 1576 2356 1656; x_wconf 87' lang='lat' dir='ltr'>aliquando</span> <span class='ocrx_word' id='word_1_113' title='bbox 2392 1595 2726 1636; x_wconf 89' lang='lat' dir='ltr'>conversus</span> <span class='ocrx_word' id='word_1_114' title='bbox 2760 1576 3058 1636; x_wconf 88' lang='lat' dir='ltr'>confirma</span> <span class='ocrx_word' id='word_1_115' title='bbox 3094 1575 3210 1636; x_wconf 91' lang='lat' dir='ltr'>fra·</span> 
     </span>
     <span class='ocr_line' id='line_1_18' title="bbox 593 1695 948 1742; baseline 0.008 -3"><span class='ocrx_word' id='word_1_116' title='bbox 593 1695 714 1740; x_wconf 89' lang='lat' dir='ltr'>tres</span> <span class='ocrx_word' id='word_1_117' title='bbox 747 1695 948 1742; x_wconf 77' lang='lat' dir='ltr'>tuos».</span> 
     </span>
    </p>
   </div>
   <div class='ocr_carea' id='block_1_9' title="bbox 596 1785 3225 4761">
    <p class='ocr_par' dir='ltr' id='par_1_9' title="bbox 596 1785 3215 2404">
     <span class='ocr_line' id='line_1_19' title="bbox 809 1785 3208 1868; baseline 0 -20"><span class='ocrx_word' id='word_1_118' title='bbox 809 1787 946 1848; x_wconf 89' lang='lat' dir='ltr'>Hoc</span> <span class='ocrx_word' id='word_1_119' title='bbox 979 1789 1161 1868; x_wconf 90' lang='lat' dir='ltr'>igitur</span> <span class='ocrx_word' id='word_1_120' title='bbox 1184 1788 1445 1850; x_wconf 88' lang='lat' dir='ltr'>veritatis</span> <span class='ocrx_word' id='word_1_121' title='bbox 1479 1805 1533 1849; x_wconf 90' lang='lat' dir='ltr'>et</span> <span class='ocrx_word' id='word_1_122' title='bbox 1570 1788 1710 1849; x_wconf 88' lang='lat' dir='ltr'>fidei</span> <span class='ocrx_word' id='word_1_123' title='bbox 1745 1807 2095 1867; x_wconf 84' lang='lat' dir='ltr'>numquam</span> <span class='ocrx_word' id='word_1_124' title='bbox 2130 1788 2467 1850; x_wconf 84' lang='lat' dir='ltr'>deficientis</span> <span class='ocrx_word' id='word_1_125' title='bbox 2501 1788 2800 1849; x_wconf 84' lang='lat' dir='ltr'>charisma</span> <span class='ocrx_word' id='word_1_126' title='bbox 2839 1790 3014 1848; x_wconf 83' lang='lat' dir='ltr'>Petro</span> <span class='ocrx_word' id='word_1_127' title='bbox 3046 1785 3208 1865; x_wconf 89' lang='lat' dir='ltr'>ejus-</span> 
     </span>
     <span class='ocr_line' id='line_1_20' title="bbox 596 1894 3211 1974; baseline -0 -19"><span class='ocrx_word' id='word_1_128' title='bbox 596 1914 720 1974; x_wconf 89' lang='lat' dir='ltr'>que</span> <span class='ocrx_word' id='word_1_129' title='bbox 768 1894 832 1954; x_wconf 93' lang='lat' dir='ltr'>in</span> <span class='ocrx_word' id='word_1_130' title='bbox 879 1895 991 1955; x_wconf 91' lang='lat' dir='ltr'>hac</span> <span class='ocrx_word' id='word_1_131' title='bbox 1027 1896 1330 1956; x_wconf 89' lang='lat' dir='ltr'>Cathedra</span> <span class='ocrx_word' id='word_1_132' title='bbox 1378 1895 1833 1956; x_wconf 89' lang='lat' dir='ltr'>successoribus</span> <span class='ocrx_word' id='word_1_133' title='bbox 1881 1894 2176 1955; x_wconf 89' lang='lat' dir='ltr'>divinitus</span> <span class='ocrx_word' id='word_1_134' title='bbox 2221 1895 2512 1955; x_wconf 89' lang='lat' dir='ltr'>collatum</span> <span class='ocrx_word' id='word_1_135' title='bbox 2562 1911 2667 1971; x_wconf 90' lang='lat' dir='ltr'>est,</span> <span class='ocrx_word' id='word_1_136' title='bbox 2718 1911 2782 1955; x_wconf 90' lang='lat' dir='ltr'>ut</span> <span class='ocrx_word' id='word_1_137' title='bbox 2825 1895 3063 1955; x_wconf 86' lang='lat' dir='ltr'>excelso</span> <span class='ocrx_word' id='word_1_138' title='bbox 3095 1914 3211 1955; x_wconf 90' lang='lat' dir='ltr'>suo</span> 
     </span>
     <span class='ocr_line' id='line_1_21' title="bbox 597 2001 3213 2084; baseline 0 -23"><span class='ocrx_word' id='word_1_139' title='bbox 597 2020 854 2062; x_wconf 90' lang='lat' dir='ltr'>munere</span> <span class='ocrx_word' id='word_1_140' title='bbox 889 2002 951 2061; x_wconf 90' lang='lat' dir='ltr'>in</span> <span class='ocrx_word' id='word_1_141' title='bbox 984 2002 1269 2062; x_wconf 90' lang='lat' dir='ltr'>omnium</span> <span class='ocrx_word' id='word_1_142' title='bbox 1302 2001 1562 2063; x_wconf 90' lang='lat' dir='ltr'>salutem</span> <span class='ocrx_word' id='word_1_143' title='bbox 1597 2002 2020 2080; x_wconf 91' lang='lat' dir='ltr'>fungerentur,</span> <span class='ocrx_word' id='word_1_144' title='bbox 2068 2018 2131 2062; x_wconf 89' lang='lat' dir='ltr'>ut</span> <span class='ocrx_word' id='word_1_145' title='bbox 2166 2001 2491 2062; x_wconf 90' lang='lat' dir='ltr'>universus</span> <span class='ocrx_word' id='word_1_146' title='bbox 2524 2001 2753 2063; x_wconf 87' lang='lat' dir='ltr'>Christi</span> <span class='ocrx_word' id='word_1_147' title='bbox 2785 2022 2932 2084; x_wconf 85' lang='lat' dir='ltr'>grex</span> <span class='ocrx_word' id='word_1_148' title='bbox 2965 2020 3074 2082; x_wconf 89' lang='lat' dir='ltr'>per</span> <span class='ocrx_word' id='word_1_149' title='bbox 3106 2020 3213 2061; x_wconf 91' lang='lat' dir='ltr'>eos</span> 
     </span>
     <span class='ocr_line' id='line_1_22' title="bbox 596 2107 3215 2190; baseline -0.001 -20"><span class='ocrx_word' id='word_1_150' title='bbox 596 2111 674 2171; x_wconf 92' lang='lat' dir='ltr'>ab</span> <span class='ocrx_word' id='word_1_151' title='bbox 722 2109 942 2169; x_wconf 89' lang='lat' dir='ltr'>erroris</span> <span class='ocrx_word' id='word_1_152' title='bbox 990 2128 1301 2169; x_wconf 90' lang='lat' dir='ltr'>venenosa</span> <span class='ocrx_word' id='word_1_153' title='bbox 1354 2129 1490 2169; x_wconf 90' lang='lat' dir='ltr'>esca</span> <span class='ocrx_word' id='word_1_154' title='bbox 1524 2129 1792 2185; x_wconf 87' lang='lat' dir='ltr'>aversus,</span> <span class='ocrx_word' id='word_1_155' title='bbox 1824 2108 2104 2169; x_wconf 88' lang='lat' dir='ltr'>coelestis</span> <span class='ocrx_word' id='word_1_156' title='bbox 2150 2108 2460 2169; x_wconf 88' lang='lat' dir='ltr'>doctrinae</span> <span class='ocrx_word' id='word_1_157' title='bbox 2495 2108 2724 2190; x_wconf 91' lang='lat' dir='ltr'>pabulo</span> <span class='ocrx_word' id='word_1_158' title='bbox 2759 2107 3112 2184; x_wconf 81' lang='lat' dir='ltr'>nutriretur,</span> <span class='ocrx_word' id='word_1_159' title='bbox 3147 2123 3215 2167; x_wconf 89' lang='lat' dir='ltr'>ut</span> 
     </span>
     <span class='ocr_line' id='line_1_23' title="bbox 597 2215 3212 2295; baseline 0 -20"><span class='ocrx_word' id='word_1_160' title='bbox 597 2216 831 2277; x_wconf 92' lang='lat' dir='ltr'>sublata</span> <span class='ocrx_word' id='word_1_161' title='bbox 883 2215 1227 2275; x_wconf 88' lang='lat' dir='ltr'>schismatis</span> <span class='ocrx_word' id='word_1_162' title='bbox 1277 2216 1620 2291; x_wconf 83' lang='lat' dir='ltr'>occasione,</span> <span class='ocrx_word' id='word_1_163' title='bbox 1674 2216 1942 2277; x_wconf 89' lang='lat' dir='ltr'>Ecclesia</span> <span class='ocrx_word' id='word_1_164' title='bbox 1994 2232 2117 2276; x_wconf 90' lang='lat' dir='ltr'>tota</span> <span class='ocrx_word' id='word_1_165' title='bbox 2173 2236 2294 2276; x_wconf 91' lang='lat' dir='ltr'>una</span> <span class='ocrx_word' id='word_1_166' title='bbox 2348 2230 2828 2290; x_wconf 86' lang='lat' dir='ltr'>conservaretur,</span> <span class='ocrx_word' id='word_1_167' title='bbox 2878 2231 3061 2295; x_wconf 92' lang='lat' dir='ltr'>atque</span> <span class='ocrx_word' id='word_1_168' title='bbox 3092 2233 3212 2276; x_wconf 91' lang='lat' dir='ltr'>suo</span> 
     </span>
     <span class='ocr_line' id='line_1_24' title="bbox 598 2321 2661 2404; baseline 0 -22"><span class='ocrx_word' id='word_1_169' title='bbox 598 2322 1007 2383; x_wconf 89' lang='lat' dir='ltr'>fundamento</span> <span class='ocrx_word' id='word_1_170' title='bbox 1040 2321 1265 2401; x_wconf 87' lang='lat' dir='ltr'>innixa,</span> <span class='ocrx_word' id='word_1_171' title='bbox 1300 2321 1476 2384; x_wconf 83' lang='lat' dir='ltr'>firma</span> <span class='ocrx_word' id='word_1_172' title='bbox 1508 2322 1797 2383; x_wconf 89' lang='lat' dir='ltr'>adversus</span> <span class='ocrx_word' id='word_1_173' title='bbox 1831 2322 2011 2383; x_wconf 75' lang='lat' dir='ltr'>interi</span> <span class='ocrx_word' id='word_1_174' title='bbox 2046 2338 2253 2404; x_wconf 89' lang='lat' dir='ltr'>portas</span> <span class='ocrx_word' id='word_1_175' title='bbox 2284 2322 2661 2384; x_wconf 90' lang='lat' dir='ltr'>consisteret.</span> 
     </span>
    </p>

    <p class='ocr_par' dir='ltr' id='par_1_10' title="bbox 596 2425 3218 2922">
     <span class='ocr_line' id='line_1_25' title="bbox 812 2425 3209 2512; baseline -0.002 -20"><span class='ocrx_word' id='word_1_176' title='bbox 812 2437 1042 2492; x_wconf 89' lang='lat' dir='ltr'>Atvero</span> <span class='ocrx_word' id='word_1_177' title='bbox 1088 2450 1233 2492; x_wconf 91' lang='lat' dir='ltr'>cum</span> <span class='ocrx_word' id='word_1_178' title='bbox 1277 2433 1392 2493; x_wconf 92' lang='lat' dir='ltr'>hac</span> <span class='ocrx_word' id='word_1_179' title='bbox 1436 2432 1564 2512; x_wconf 91' lang='lat' dir='ltr'>ipsa</span> <span class='ocrx_word' id='word_1_180' title='bbox 1612 2447 1821 2506; x_wconf 88' lang='lat' dir='ltr'>aetate,</span> <span class='ocrx_word' id='word_1_181' title='bbox 1869 2452 1992 2511; x_wconf 91' lang='lat' dir='ltr'>qua</span> <span class='ocrx_word' id='word_1_182' title='bbox 2040 2431 2345 2492; x_wconf 89' lang='lat' dir='ltr'>salutifera</span> <span class='ocrx_word' id='word_1_183' title='bbox 2380 2429 2719 2511; x_wconf 88' lang='lat' dir='ltr'>Apostolici</span> <span class='ocrx_word' id='word_1_184' title='bbox 2766 2427 3042 2489; x_wconf 89' lang='lat' dir='ltr'>muneris</span> <span class='ocrx_word' id='word_1_185' title='bbox 3075 2425 3209 2488; x_wconf 78' lang='lat' dir='ltr'>effi-</span> 
     </span>
     <span class='ocr_line' id='line_1_26' title="bbox 598 2533 3218 2619; baseline -0.002 -20"><span class='ocrx_word' id='word_1_186' title='bbox 598 2539 756 2599; x_wconf 91' lang='lat' dir='ltr'>cacia</span> <span class='ocrx_word' id='word_1_187' title='bbox 805 2538 899 2599; x_wconf 87' lang='lat' dir='ltr'>vel</span> <span class='ocrx_word' id='word_1_188' title='bbox 946 2537 1210 2599; x_wconf 86' lang='lat' dir='ltr'>maxime</span> <span class='ocrx_word' id='word_1_189' title='bbox 1257 2538 1605 2618; x_wconf 78' lang='lat' dir='ltr'>requiritur,</span> <span class='ocrx_word' id='word_1_190' title='bbox 1661 2557 1792 2599; x_wconf 91' lang='lat' dir='ltr'>non</span> <span class='ocrx_word' id='word_1_191' title='bbox 1840 2538 2018 2619; x_wconf 91' lang='lat' dir='ltr'>pauci</span> <span class='ocrx_word' id='word_1_192' title='bbox 2067 2538 2483 2614; x_wconf 88' lang='lat' dir='ltr'>inveniantur,</span> <span class='ocrx_word' id='word_1_193' title='bbox 2532 2538 2639 2618; x_wconf 91' lang='lat' dir='ltr'>qui</span> <span class='ocrx_word' id='word_1_194' title='bbox 2675 2535 2841 2597; x_wconf 91' lang='lat' dir='ltr'>illius</span> <span class='ocrx_word' id='word_1_195' title='bbox 2875 2533 3218 2596; x_wconf 85' lang='lat' dir='ltr'>auctoritati</span> 
     </span>
     <span class='ocr_line' id='line_1_27' title="bbox 598 2642 3216 2726; baseline -0.003 -18"><span class='ocrx_word' id='word_1_196' title='bbox 598 2648 972 2713; x_wconf 82' lang='lat' dir='ltr'>obtrectant:</span> <span class='ocrx_word' id='word_1_197' title='bbox 1025 2646 1440 2707; x_wconf 90' lang='lat' dir='ltr'>necessarium</span> <span class='ocrx_word' id='word_1_198' title='bbox 1473 2646 1737 2708; x_wconf 89' lang='lat' dir='ltr'>omnino</span> <span class='ocrx_word' id='word_1_199' title='bbox 1772 2665 1904 2707; x_wconf 90' lang='lat' dir='ltr'>esse</span> <span class='ocrx_word' id='word_1_200' title='bbox 1937 2664 2285 2724; x_wconf 87' lang='lat' dir='ltr'>censemus,</span> <span class='ocrx_word' id='word_1_201' title='bbox 2322 2644 2826 2726; x_wconf 85' lang='lat' dir='ltr'>praerogativam,</span> <span class='ocrx_word' id='word_1_202' title='bbox 2850 2662 3038 2724; x_wconf 89' lang='lat' dir='ltr'>quam</span> <span class='ocrx_word' id='word_1_203' title='bbox 3076 2642 3216 2702; x_wconf 89' lang='lat' dir='ltr'>uni-</span> 
     </span>
     <span class='ocr_line' id='line_1_28' title="bbox 596 2751 3217 2835; baseline -0.002 -22"><span class='ocrx_word' id='word_1_204' title='bbox 596 2754 842 2835; x_wconf 84' lang='lat' dir='ltr'>genitus</span> <span class='ocrx_word' id='word_1_205' title='bbox 877 2754 990 2815; x_wconf 89' lang='lat' dir='ltr'>Dei</span> <span class='ocrx_word' id='word_1_206' title='bbox 1042 2753 1234 2816; x_wconf 87' lang='lat' dir='ltr'>Filius</span> <span class='ocrx_word' id='word_1_207' title='bbox 1281 2773 1427 2815; x_wconf 89' lang='lat' dir='ltr'>cum</span> <span class='ocrx_word' id='word_1_208' title='bbox 1473 2773 1725 2815; x_wconf 90' lang='lat' dir='ltr'>summo</span> <span class='ocrx_word' id='word_1_209' title='bbox 1770 2752 2056 2834; x_wconf 90' lang='lat' dir='ltr'>pastorali</span> <span class='ocrx_word' id='word_1_210' title='bbox 2104 2751 2312 2813; x_wconf 87' lang='lat' dir='ltr'>officio</span> <span class='ocrx_word' id='word_1_211' title='bbox 2359 2753 2735 2832; x_wconf 87' lang='lat' dir='ltr'>coniungere</span> <span class='ocrx_word' id='word_1_212' title='bbox 2787 2751 3076 2833; x_wconf 88' lang='lat' dir='ltr'>dignatus</span> <span class='ocrx_word' id='word_1_213' title='bbox 3110 2763 3217 2821; x_wconf 91' lang='lat' dir='ltr'>est,</span> 
     </span>
     <span class='ocr_line' id='line_1_29' title="bbox 598 2859 1274 2922; baseline 0.001 -4"><span class='ocrx_word' id='word_1_214' title='bbox 598 2859 958 2920; x_wconf 87' lang='lat' dir='ltr'>solemniter</span> <span class='ocrx_word' id='word_1_215' title='bbox 991 2879 1274 2922; x_wconf 86' lang='lat' dir='ltr'>asserere.</span> 
     </span>
    </p>

    <p class='ocr_par' dir='ltr' id='par_1_11' title="bbox 599 2965 3221 4111">
     <span class='ocr_line' id='line_1_30' title="bbox 814 2965 3216 3047; baseline -0 -22"><span class='ocrx_word' id='word_1_216' title='bbox 814 2967 1021 3046; x_wconf 90' lang='lat' dir='ltr'>ltaque</span> <span class='ocrx_word' id='word_1_217' title='bbox 1055 2967 1188 3027; x_wconf 90' lang='lat' dir='ltr'>Nos</span> <span class='ocrx_word' id='word_1_218' title='bbox 1235 2966 1542 3027; x_wconf 88' lang='lat' dir='ltr'>traditioni</span> <span class='ocrx_word' id='word_1_219' title='bbox 1589 2988 1621 3027; x_wconf 89' lang='lat' dir='ltr'>a</span> <span class='ocrx_word' id='word_1_220' title='bbox 1670 2965 1810 3027; x_wconf 81' lang='lat' dir='ltr'>fidei</span> <span class='ocrx_word' id='word_1_221' title='bbox 1858 2965 2242 3028; x_wconf 87' lang='lat' dir='ltr'>Christianae</span> <span class='ocrx_word' id='word_1_222' title='bbox 2290 2966 2543 3027; x_wconf 86' lang='lat' dir='ltr'>exordio</span> <span class='ocrx_word' id='word_1_223' title='bbox 2591 2982 2908 3047; x_wconf 89' lang='lat' dir='ltr'>perceptae</span> <span class='ocrx_word' id='word_1_224' title='bbox 2956 2965 3216 3026; x_wconf 80' lang='lat' dir='ltr'>fideliter</span> 
     </span>
     <span class='ocr_line' id='line_1_31' title="bbox 599 3070 3217 3153; baseline 0 -21"><span class='ocrx_word' id='word_1_225' title='bbox 599 3072 998 3139; x_wconf 82' lang='lat' dir='ltr'>inhaerendo,</span> <span class='ocrx_word' id='word_1_226' title='bbox 1048 3094 1080 3132; x_wconf 92' lang='lat' dir='ltr'>a</span> <span class='ocrx_word' id='word_1_227' title='bbox 1117 3072 1229 3132; x_wconf 88' lang='lat' dir='ltr'>Dei</span> <span class='ocrx_word' id='word_1_228' title='bbox 1264 3072 1590 3133; x_wconf 89' lang='lat' dir='ltr'>Salvatoris</span> <span class='ocrx_word' id='word_1_229' title='bbox 1624 3073 1815 3133; x_wconf 91' lang='lat' dir='ltr'>nostri</span> <span class='ocrx_word' id='word_1_230' title='bbox 1849 3073 2129 3152; x_wconf 87' lang='lat' dir='ltr'>gloriam,</span> <span class='ocrx_word' id='word_1_231' title='bbox 2174 3073 2486 3153; x_wconf 85' lang='lat' dir='ltr'>religionis</span> <span class='ocrx_word' id='word_1_232' title='bbox 2520 3072 2874 3134; x_wconf 88' lang='lat' dir='ltr'>Catholicae</span> <span class='ocrx_word' id='word_1_233' title='bbox 2907 3070 3217 3133; x_wconf 83' lang='lat' dir='ltr'>exaltatio-</span> 
     </span>
     <span class='ocr_line' id='line_1_32' title="bbox 604 3178 3214 3261; baseline 0 -24"><span class='ocrx_word' id='word_1_234' title='bbox 604 3198 747 3238; x_wconf 88' lang='lat' dir='ltr'>nem</span> <span class='ocrx_word' id='word_1_235' title='bbox 802 3196 859 3238; x_wconf 91' lang='lat' dir='ltr'>et</span> <span class='ocrx_word' id='word_1_236' title='bbox 910 3179 1411 3241; x_wconf 86' lang='lat' dir='ltr'>Christianorum</span> <span class='ocrx_word' id='word_1_237' title='bbox 1461 3180 1849 3261; x_wconf 90' lang='lat' dir='ltr'>populorum</span> <span class='ocrx_word' id='word_1_238' title='bbox 1899 3180 2178 3257; x_wconf 87' lang='lat' dir='ltr'>salutem,</span> <span class='ocrx_word' id='word_1_239' title='bbox 2247 3198 2418 3241; x_wconf 91' lang='lat' dir='ltr'>sacro</span> <span class='ocrx_word' id='word_1_240' title='bbox 2472 3182 2853 3261; x_wconf 90' lang='lat' dir='ltr'>approbante</span> <span class='ocrx_word' id='word_1_241' title='bbox 2906 3178 3214 3255; x_wconf 87' lang='lat' dir='ltr'>Concili0,</span> 
     </span>
     <span class='ocr_line' id='line_1_33' title="bbox 600 3285 3217 3366; baseline 0 -20"><span class='ocrx_word' id='word_1_242' title='bbox 600 3286 900 3346; x_wconf 92' lang='lat' dir='ltr'>docemus</span> <span class='ocrx_word' id='word_1_243' title='bbox 932 3302 989 3346; x_wconf 90' lang='lat' dir='ltr'>et</span> <span class='ocrx_word' id='word_1_244' title='bbox 1022 3285 1315 3346; x_wconf 88' lang='lat' dir='ltr'>divinitus</span> <span class='ocrx_word' id='word_1_245' title='bbox 1364 3286 1696 3348; x_wconf 87' lang='lat' dir='ltr'>revelatum</span> <span class='ocrx_word' id='word_1_246' title='bbox 1743 3287 1970 3366; x_wconf 88' lang='lat' dir='ltr'>dogma</span> <span class='ocrx_word' id='word_1_247' title='bbox 2019 3308 2150 3348; x_wconf 91' lang='lat' dir='ltr'>esse</span> <span class='ocrx_word' id='word_1_248' title='bbox 2197 3286 2561 3349; x_wconf 86' lang='lat' dir='ltr'>definimus:</span> <span class='ocrx_word' id='word_1_249' title='bbox 2615 3286 2973 3347; x_wconf 87' lang='lat' dir='ltr'>Romanum</span> <span class='ocrx_word' id='word_1_250' title='bbox 3008 3285 3217 3347; x_wconf 88' lang='lat' dir='ltr'>Ponti-</span> 
     </span>
     <span class='ocr_line' id='line_1_34' title="bbox 601 3390 3218 3474; baseline 0.001 -23"><span class='ocrx_word' id='word_1_251' title='bbox 601 3390 799 3465; x_wconf 82' lang='lat' dir='ltr'>ficem,</span> <span class='ocrx_word' id='word_1_252' title='bbox 849 3411 993 3453; x_wconf 90' lang='lat' dir='ltr'>cum</span> <span class='ocrx_word' id='word_1_253' title='bbox 1039 3412 1109 3454; x_wconf 85' lang='lat' dir='ltr'>ex</span> <span class='ocrx_word' id='word_1_254' title='bbox 1143 3392 1450 3454; x_wconf 87' lang='lat' dir='ltr'>Cathedra</span> <span class='ocrx_word' id='word_1_255' title='bbox 1502 3394 1801 3474; x_wconf 88' lang='lat' dir='ltr'>loquitur,</span> <span class='ocrx_word' id='word_1_256' title='bbox 1836 3394 1900 3455; x_wconf 89' lang='lat' dir='ltr'>id</span> <span class='ocrx_word' id='word_1_257' title='bbox 1933 3410 2041 3472; x_wconf 90' lang='lat' dir='ltr'>est,</span> <span class='ocrx_word' id='word_1_258' title='bbox 2077 3413 2220 3455; x_wconf 90' lang='lat' dir='ltr'>cum</span> <span class='ocrx_word' id='word_1_259' title='bbox 2254 3393 2536 3454; x_wconf 89' lang='lat' dir='ltr'>omnium</span> <span class='ocrx_word' id='word_1_260' title='bbox 2573 3392 3071 3454; x_wconf 86' lang='lat' dir='ltr'>Christianorum</span> <span class='ocrx_word' id='word_1_261' title='bbox 3104 3393 3218 3454; x_wconf 86' lang='lat' dir='ltr'>Pa-</span> 
     </span>
     <span class='ocr_line' id='line_1_35' title="bbox 599 3498 3218 3583; baseline 0 -24"><span class='ocrx_word' id='word_1_262' title='bbox 599 3499 780 3559; x_wconf 91' lang='lat' dir='ltr'>storis</span> <span class='ocrx_word' id='word_1_263' title='bbox 814 3515 871 3559; x_wconf 91' lang='lat' dir='ltr'>et</span> <span class='ocrx_word' id='word_1_264' title='bbox 907 3500 1191 3560; x_wconf 88' lang='lat' dir='ltr'>Doctoris</span> <span class='ocrx_word' id='word_1_265' title='bbox 1225 3519 1485 3562; x_wconf 91' lang='lat' dir='ltr'>munere</span> <span class='ocrx_word' id='word_1_266' title='bbox 1520 3501 1808 3580; x_wconf 88' lang='lat' dir='ltr'>fungens,</span> <span class='ocrx_word' id='word_1_267' title='bbox 1861 3520 1973 3583; x_wconf 91' lang='lat' dir='ltr'>pro</span> <span class='ocrx_word' id='word_1_268' title='bbox 2007 3520 2295 3582; x_wconf 90' lang='lat' dir='ltr'>suprema</span> <span class='ocrx_word' id='word_1_269' title='bbox 2329 3520 2438 3560; x_wconf 90' lang='lat' dir='ltr'>sua</span> <span class='ocrx_word' id='word_1_270' title='bbox 2472 3500 2829 3581; x_wconf 89' lang='lat' dir='ltr'>Apostolica</span> <span class='ocrx_word' id='word_1_271' title='bbox 2865 3498 3218 3561; x_wconf 90' lang='lat' dir='ltr'>auctoritate</span> 
     </span>
     <span class='ocr_line' id='line_1_36' title="bbox 601 3605 3221 3687; baseline -0 -21"><span class='ocrx_word' id='word_1_272' title='bbox 601 3607 943 3667; x_wconf 86' lang='lat' dir='ltr'>doctrinam</span> <span class='ocrx_word' id='word_1_273' title='bbox 991 3608 1068 3667; x_wconf 89' lang='lat' dir='ltr'>de</span> <span class='ocrx_word' id='word_1_274' title='bbox 1115 3605 1235 3667; x_wconf 81' lang='lat' dir='ltr'>fide</span> <span class='ocrx_word' id='word_1_275' title='bbox 1282 3609 1373 3668; x_wconf 90' lang='lat' dir='ltr'>vel</span> <span class='ocrx_word' id='word_1_276' title='bbox 1409 3609 1688 3669; x_wconf 90' lang='lat' dir='ltr'>moribus</span> <span class='ocrx_word' id='word_1_277' title='bbox 1719 3611 1793 3669; x_wconf 89' lang='lat' dir='ltr'>ab</span> <span class='ocrx_word' id='word_1_278' title='bbox 1830 3608 2112 3669; x_wconf 88' lang='lat' dir='ltr'>universa</span> <span class='ocrx_word' id='word_1_279' title='bbox 2144 3607 2413 3668; x_wconf 87' lang='lat' dir='ltr'>Ecclesia</span> <span class='ocrx_word' id='word_1_280' title='bbox 2460 3609 2792 3669; x_wconf 89' lang='lat' dir='ltr'>tenendam</span> <span class='ocrx_word' id='word_1_281' title='bbox 2834 3607 3070 3685; x_wconf 84' lang='lat' dir='ltr'>definit,</span> <span class='ocrx_word' id='word_1_282' title='bbox 3113 3624 3221 3687; x_wconf 90' lang='lat' dir='ltr'>per</span> 
     </span>
     <span class='ocr_line' id='line_1_37' title="bbox 599 3712 3216 3797; baseline 0 -25"><span class='ocrx_word' id='word_1_283' title='bbox 599 3714 999 3774; x_wconf 87' lang='lat' dir='ltr'>assistentiam</span> <span class='ocrx_word' id='word_1_284' title='bbox 1031 3713 1323 3792; x_wconf 88' lang='lat' dir='ltr'>divinam,</span> <span class='ocrx_word' id='word_1_285' title='bbox 1357 3715 1470 3795; x_wconf 90' lang='lat' dir='ltr'>ipsi</span> <span class='ocrx_word' id='word_1_286' title='bbox 1504 3715 1569 3775; x_wconf 89' lang='lat' dir='ltr'>in</span> <span class='ocrx_word' id='word_1_287' title='bbox 1594 3718 1782 3797; x_wconf 89' lang='lat' dir='ltr'>beato</span> <span class='ocrx_word' id='word_1_288' title='bbox 1806 3716 1983 3774; x_wconf 82' lang='lat' dir='ltr'>Petro</span> <span class='ocrx_word' id='word_1_289' title='bbox 2007 3714 2394 3793; x_wconf 89' lang='lat' dir='ltr'>promissam,</span> <span class='ocrx_word' id='word_1_290' title='bbox 2418 3734 2486 3774; x_wconf 91' lang='lat' dir='ltr'>ea</span> <span class='ocrx_word' id='word_1_291' title='bbox 2507 3713 2930 3775; x_wconf 86' lang='lat' dir='ltr'>infallibilitate</span> <span class='ocrx_word' id='word_1_292' title='bbox 2964 3712 3216 3794; x_wconf 91' lang='lat' dir='ltr'>pollere,</span> 
     </span>
     <span class='ocr_line' id='line_1_38' title="bbox 601 3819 3219 3909; baseline -0 -29"><span class='ocrx_word' id='word_1_293' title='bbox 601 3840 724 3899; x_wconf 90' lang='lat' dir='ltr'>qua</span> <span class='ocrx_word' id='word_1_294' title='bbox 771 3819 1017 3881; x_wconf 88' lang='lat' dir='ltr'>divinus</span> <span class='ocrx_word' id='word_1_295' title='bbox 1052 3821 1430 3909; x_wconf 76' lang='lat' dir='ltr'>Redemptor</span> <span class='ocrx_word' id='word_1_296' title='bbox 1465 3821 1795 3883; x_wconf 85' lang='lat' dir='ltr'>Ecclesiam</span> <span class='ocrx_word' id='word_1_297' title='bbox 1842 3841 2019 3882; x_wconf 89' lang='lat' dir='ltr'>suam</span> <span class='ocrx_word' id='word_1_298' title='bbox 2071 3822 2134 3881; x_wconf 94' lang='lat' dir='ltr'>in</span> <span class='ocrx_word' id='word_1_299' title='bbox 2167 3821 2518 3883; x_wconf 88' lang='lat' dir='ltr'>definienda</span> <span class='ocrx_word' id='word_1_300' title='bbox 2552 3821 2828 3882; x_wconf 90' lang='lat' dir='ltr'>doctrina</span> <span class='ocrx_word' id='word_1_301' title='bbox 2863 3821 2938 3881; x_wconf 91' lang='lat' dir='ltr'>de</span> <span class='ocrx_word' id='word_1_302' title='bbox 2972 3820 3091 3881; x_wconf 86' lang='lat' dir='ltr'>fide</span> <span class='ocrx_word' id='word_1_303' title='bbox 3124 3819 3219 3881; x_wconf 92' lang='lat' dir='ltr'>vel</span> 
     </span>
     <span class='ocr_line' id='line_1_39' title="bbox 601 3925 3216 4009; baseline -0 -22"><span class='ocrx_word' id='word_1_304' title='bbox 601 3926 880 3988; x_wconf 91' lang='lat' dir='ltr'>moribus</span> <span class='ocrx_word' id='word_1_305' title='bbox 924 3927 1284 3989; x_wconf 90' lang='lat' dir='ltr'>instructam</span> <span class='ocrx_word' id='word_1_306' title='bbox 1333 3949 1463 3990; x_wconf 89' lang='lat' dir='ltr'>esse</span> <span class='ocrx_word' id='word_1_307' title='bbox 1496 3928 1724 3996; x_wconf 78' lang='lat' dir='ltr'>voluit:</span> <span class='ocrx_word' id='word_1_308' title='bbox 1775 3928 2041 4009; x_wconf 89' lang='lat' dir='ltr'>ideoque</span> <span class='ocrx_word' id='word_1_309' title='bbox 2075 3929 2382 3990; x_wconf 90' lang='lat' dir='ltr'>eiusmodi</span> <span class='ocrx_word' id='word_1_310' title='bbox 2420 3929 2683 3989; x_wconf 87' lang='lat' dir='ltr'>Romani</span> <span class='ocrx_word' id='word_1_311' title='bbox 2720 3927 3032 3989; x_wconf 89' lang='lat' dir='ltr'>Pontificis</span> <span class='ocrx_word' id='word_1_312' title='bbox 3065 3925 3216 3987; x_wconf 81' lang='lat' dir='ltr'>deti·</span> 
     </span>
     <span class='ocr_line' id='line_1_40' title="bbox 601 4034 3036 4111; baseline 0 -16"><span class='ocrx_word' id='word_1_313' title='bbox 601 4034 869 4095; x_wconf 89' lang='lat' dir='ltr'>nitiones</span> <span class='ocrx_word' id='word_1_314' title='bbox 901 4055 973 4095; x_wconf 85' lang='lat' dir='ltr'>ex</span> <span class='ocrx_word' id='word_1_315' title='bbox 1004 4055 1155 4111; x_wconf 88' lang='lat' dir='ltr'>sese,</span> <span class='ocrx_word' id='word_1_316' title='bbox 1190 4053 1318 4096; x_wconf 90' lang='lat' dir='ltr'>non</span> <span class='ocrx_word' id='word_1_317' title='bbox 1353 4054 1561 4097; x_wconf 91' lang='lat' dir='ltr'>autem</span> <span class='ocrx_word' id='word_1_318' title='bbox 1595 4056 1666 4096; x_wconf 81' lang='lat' dir='ltr'>ex</span> <span class='ocrx_word' id='word_1_319' title='bbox 1699 4054 2008 4096; x_wconf 89' lang='lat' dir='ltr'>consensu</span> <span class='ocrx_word' id='word_1_320' title='bbox 2043 4035 2344 4097; x_wconf 89' lang='lat' dir='ltr'>Ecclesiae</span> <span class='ocrx_word' id='word_1_321' title='bbox 2379 4035 2852 4096; x_wconf 86' lang='lat' dir='ltr'>irreformabiles</span> <span class='ocrx_word' id='word_1_322' title='bbox 2884 4054 3036 4096; x_wconf 90' lang='lat' dir='ltr'>esse.</span> 
     </span>
    </p>

    <p class='ocr_par' dir='ltr' id='par_1_12' title="bbox 601 4140 3217 4329">
     <span class='ocr_line' id='line_1_41' title="bbox 815 4140 3217 4225; baseline 0 -24"><span class='ocrx_word' id='word_1_323' title='bbox 815 4140 877 4201; x_wconf 89' lang='lat' dir='ltr'>Si</span> <span class='ocrx_word' id='word_1_324' title='bbox 913 4141 1054 4221; x_wconf 91' lang='lat' dir='ltr'>quis</span> <span class='ocrx_word' id='word_1_325' title='bbox 1087 4158 1291 4204; x_wconf 91' lang='lat' dir='ltr'>autem</span> <span class='ocrx_word' id='word_1_326' title='bbox 1328 4144 1475 4204; x_wconf 88' lang='lat' dir='ltr'>huic</span> <span class='ocrx_word' id='word_1_327' title='bbox 1508 4144 1764 4204; x_wconf 89' lang='lat' dir='ltr'>Nostrae</span> <span class='ocrx_word' id='word_1_328' title='bbox 1798 4142 2142 4204; x_wconf 77' lang='lat' dir='ltr'>definitioni</span> <span class='ocrx_word' id='word_1_329' title='bbox 2175 4144 2611 4222; x_wconf 91' lang='lat' dir='ltr'>contradicere,</span> <span class='ocrx_word' id='word_1_330' title='bbox 2647 4143 2819 4225; x_wconf 91' lang='lat' dir='ltr'>quod</span> <span class='ocrx_word' id='word_1_331' title='bbox 2843 4145 3012 4204; x_wconf 92' lang='lat' dir='ltr'>Deus</span> <span class='ocrx_word' id='word_1_332' title='bbox 3046 4162 3217 4203; x_wconf 85' lang='lat' dir='ltr'>aver-</span> 
     </span>
     <span class='ocr_line' id='line_1_42' title="bbox 601 4250 1748 4329; baseline 0.002 -21"><span class='ocrx_word' id='word_1_333' title='bbox 601 4263 703 4325; x_wconf 88' lang='lat' dir='ltr'>tat,</span> <span class='ocrx_word' id='word_1_334' title='bbox 739 4250 1245 4329; x_wconf 87' lang='lat' dir='ltr'>praesumpserit;</span> <span class='ocrx_word' id='word_1_335' title='bbox 1298 4252 1623 4312; x_wconf 89' lang='lat' dir='ltr'>anathema</span> <span class='ocrx_word' id='word_1_336' title='bbox 1657 4251 1748 4312; x_wconf 90' lang='lat' dir='ltr'>sit.</span> 
     </span>
    </p>

    <p class='ocr_par' dir='ltr' id='par_1_13' title="bbox 601 4354 3225 4651">
     <span class='ocr_line' id='line_1_43' title="bbox 819 4354 3225 4437; baseline 0 -23"><span class='ocrx_word' id='word_1_337' title='bbox 819 4354 1050 4415; x_wconf 90' lang='lat' dir='ltr'>Datum</span> <span class='ocrx_word' id='word_1_338' title='bbox 1099 4356 1336 4417; x_wconf 85' lang='lat' dir='ltr'>Romae</span> <span class='ocrx_word' id='word_1_339' title='bbox 1385 4356 1447 4417; x_wconf 89' lang='lat' dir='ltr'>in</span> <span class='ocrx_word' id='word_1_340' title='bbox 1497 4356 1738 4437; x_wconf 89' lang='lat' dir='ltr'>publica</span> <span class='ocrx_word' id='word_1_341' title='bbox 1788 4358 2078 4418; x_wconf 88' lang='lat' dir='ltr'>Sessione</span> <span class='ocrx_word' id='word_1_342' title='bbox 2127 4358 2187 4418; x_wconf 88' lang='lat' dir='ltr'>in</span> <span class='ocrx_word' id='word_1_343' title='bbox 2227 4357 2513 4418; x_wconf 89' lang='lat' dir='ltr'>Vaticana</span> <span class='ocrx_word' id='word_1_344' title='bbox 2563 4357 2820 4419; x_wconf 88' lang='lat' dir='ltr'>Basilica</span> <span class='ocrx_word' id='word_1_345' title='bbox 2864 4355 3225 4417; x_wconf 88' lang='lat' dir='ltr'>solemniter</span> 
     </span>
     <span class='ocr_line' id='line_1_44' title="bbox 603 4461 3221 4544; baseline 0 -23"><span class='ocrx_word' id='word_1_346' title='bbox 603 4463 919 4535; x_wconf 88' lang='lat' dir='ltr'>celebrata,</span> <span class='ocrx_word' id='word_1_347' title='bbox 969 4480 1137 4522; x_wconf 88' lang='lat' dir='ltr'>anno</span> <span class='ocrx_word' id='word_1_348' title='bbox 1173 4461 1615 4525; x_wconf 88' lang='lat' dir='ltr'>lncarnationis</span> <span class='ocrx_word' id='word_1_349' title='bbox 1650 4464 2013 4525; x_wconf 89' lang='lat' dir='ltr'>Dominicae</span> <span class='ocrx_word' id='word_1_350' title='bbox 2061 4464 2390 4525; x_wconf 89' lang='lat' dir='ltr'>millesimo</span> <span class='ocrx_word' id='word_1_351' title='bbox 2424 4464 2941 4543; x_wconf 88' lang='lat' dir='ltr'>octingentesimo</span> <span class='ocrx_word' id='word_1_352' title='bbox 2974 4478 3221 4544; x_wconf 89' lang='lat' dir='ltr'>septua-</span> 
     </span>
     <span class='ocr_line' id='line_1_45' title="bbox 601 4568 3216 4651; baseline 0.001 -22"><span class='ocrx_word' id='word_1_353' title='bbox 601 4569 861 4649; x_wconf 85' lang='lat' dir='ltr'>gesimO,</span> <span class='ocrx_word' id='word_1_354' title='bbox 895 4569 992 4630; x_wconf 90' lang='lat' dir='ltr'>die</span> <span class='ocrx_word' id='word_1_355' title='bbox 1025 4568 1263 4630; x_wconf 85' lang='lat' dir='ltr'>decima</span> <span class='ocrx_word' id='word_1_356' title='bbox 1296 4586 1505 4631; x_wconf 85' lang='lat' dir='ltr'>octava</span> <span class='ocrx_word' id='word_1_357' title='bbox 1537 4572 1698 4633; x_wconf 87' lang='lat' dir='ltr'>Julii.</span> <span class='ocrx_word' id='word_1_358' title='bbox 1763 4570 2160 4633; x_wconf 76' lang='lat' dir='ltr'>Pontificatus</span> <span class='ocrx_word' id='word_1_359' title='bbox 2195 4572 2400 4632; x_wconf 88' lang='lat' dir='ltr'>Nostri</span> <span class='ocrx_word' id='word_1_360' title='bbox 2435 4591 2604 4632; x_wconf 91' lang='lat' dir='ltr'>anno</span> <span class='ocrx_word' id='word_1_361' title='bbox 2640 4572 2938 4651; x_wconf 90' lang='lat' dir='ltr'>vigesimo</span> <span class='ocrx_word' id='word_1_362' title='bbox 2971 4570 3216 4650; x_wconf 90' lang='lat' dir='ltr'>quinto.</span> 
     </span>
    </p>

    <p class='ocr_par' dir='ltr' id='par_1_14' title="bbox 818 4676 3007 4761">
     <span class='ocr_line' id='line_1_46' title="bbox 818 4676 3007 4761; baseline 0 -24"><span class='ocrx_word' id='word_1_363' title='bbox 818 4676 900 4737; x_wconf 88' lang='lat' dir='ltr'>lta</span> <span class='ocrx_word' id='word_1_364' title='bbox 934 4692 1039 4737; x_wconf 88' lang='lat' dir='ltr'>est.</span> <span class='ocrx_word' id='word_1_365' title='bbox 1848 4680 2174 4760; x_wconf 87' lang='lat' dir='ltr'>Josephus,</span> <span class='ocrx_word' id='word_1_366' title='bbox 2210 4679 2558 4761; x_wconf 90' lang='lat' dir='ltr'>Episcopus</span> <span class='ocrx_word' id='word_1_367' title='bbox 2593 4678 2652 4739; x_wconf 91' lang='lat' dir='ltr'>S.</span> <span class='ocrx_word' id='word_1_368' title='bbox 2686 4677 3007 4760; x_wconf 90' lang='lat' dir='ltr'>Hippoliti,</span> 
     </span>
    </p>
   </div>
   <div class='ocr_carea' id='block_1_10' title="bbox 821 4784 2931 4955">
    <p class='ocr_par' dir='ltr' id='par_1_15' title="bbox 821 4784 2931 4955">
     <span class='ocr_line' id='line_1_47' title="bbox 1933 4784 2931 4848; baseline -0.002 -2"><span class='ocrx_word' id='word_1_369' title='bbox 1933 4785 2304 4848; x_wconf 88' lang='lat' dir='ltr'>Secretarius</span> <span class='ocrx_word' id='word_1_370' title='bbox 2337 4786 2602 4847; x_wconf 90' lang='lat' dir='ltr'>Concilii</span> <span class='ocrx_word' id='word_1_371' title='bbox 2637 4784 2931 4847; x_wconf 89' lang='lat' dir='ltr'>Vaticani.</span> 
     </span>
     <span class='ocr_line' id='line_1_48' title="bbox 821 4874 1565 4955; baseline 0.001 -21"><span class='ocrx_word' id='word_1_372' title='bbox 821 4875 876 4953; x_wconf 70' lang='lat'>[1.</span> <span class='ocrx_word' id='word_1_373' title='bbox 910 4893 960 4934; x_wconf 95' lang='lat' dir='ltr'>c.</span> <span class='ocrx_word' id='word_1_374' title='bbox 999 4892 1135 4953; x_wconf 89' lang='lat' dir='ltr'>pag.</span> <span class='ocrx_word' id='word_1_375' title='bbox 1172 4874 1565 4955; x_wconf 83' lang='lat'>482—487.]</span> 
     </span>
    </p>
   </div>
  </div>
 </body>
</html>
