3684 5416
414 1505 460 1534 10

415 2046 457 2088 ¹5

409 2723 462 2754 20

410 3132 459 3174 25

410 4182 459 4226 35

416 4720 463 4759 40

517 513 875 575 Investitura
926 529 985 575 et
1036 515 1419 576 restitutione
1470 516 1673 578 eidem
1729 533 1934 578 amato
1984 520 2059 578 ab
2111 517 2403 600 episcopo
2456 519 2576 579 hoc
2623 519 2820 580 modo
2869 518 3020 580 facta
3054 519 3131 580 ad

515 620 1051 683 confirmationem
1083 642 1223 684 vere
1258 623 1631 704 cognitionis
1663 624 2048 705 presentium
2080 640 2140 685 et
2171 624 2518 686 absentium
2548 645 2878 708 campanas
2899 625 3129 687 sonuit.

516 729 609 789 his
658 729 736 789 ita
783 730 1026 811 patratis
1071 732 1461 812 supradictus
1505 732 1825 794 Tebaldus
1875 732 2208 814 episcopus
2255 733 2523 815 precepit
2570 734 2804 795 clericis
2851 733 3133 811 ejusdem

514 836 765 897 ecclesie
811 837 893 897 ibi
939 839 1275 900 astantibus
1321 855 1386 900 ut
1433 840 1510 901 de
1541 856 1744 901 cetero
1778 840 2076 901 servirent
2107 856 2166 901 et
2197 841 2520 902 obedirent
2553 842 2987 903 nonantulano
3024 844 3131 903 ab·

514 942 654 1003 bati.
720 942 1016 1024 Sequenti
1048 964 1193 1006 vero
1225 945 1325 1007 die
1357 947 1662 1028 presentia
1696 947 2073 1008 marchionis
2106 963 2165 1008 et
2194 946 2408 1008 alberti
2441 947 2515 1008 de
2551 949 2886 1010 crescentio
2920 969 3131 1031 prece-

514 1050 599 1130 pit
649 1047 975 1134 episcopus
1020 1051 1300 1113 Gerardo
1352 1051 1630 1131 ejusdem
1682 1054 1948 1116 Ecclesie
1985 1055 2513 1137 Archipresbitero
2563 1072 2630 1117 ut
2680 1056 2884 1117 eidem
2930 1056 3130 1117 abbati

515 1157 806 1239 deinceps
850 1158 963 1219 sibi
1010 1159 1306 1220 servirent
1336 1174 1394 1220 et
1426 1159 1767 1221 obedirent.
1799 1160 2010 1222 Tertia
2044 1180 2189 1221 vero
2223 1161 2322 1223 die
2353 1161 2663 1243 predictus
2696 1168 2959 1224 Amatus
2992 1181 3130 1222 mo-

515 1266 749 1325 nachus
780 1265 844 1325 in
878 1265 1092 1326 eadem
1126 1266 1394 1327 Ecclesia
1428 1267 1680 1329 missam
1714 1268 1933 1330 cecinit
1967 1268 2319 1350 supradicto
2341 1269 2876 1350 Archipresbitero
2909 1284 2968 1330 et
3000 1267 3134 1344 ejus

514 1371 744 1434 clericis
775 1373 888 1435 sibi
921 1373 1325 1435 servientibus
1358 1391 1416 1435 et
1448 1374 1512 1435 in
1550 1374 1765 1435 itinere
1799 1375 1876 1436 de
1910 1374 2092 1436 bonis
2126 1375 2319 1456 ipsius
2354 1375 2606 1436 ecclesie
2640 1396 2853 1437 secum
2878 1375 3132 1458 putavit.

728 1480 985 1542 Factum
1031 1480 1146 1542 fuit
1192 1482 1313 1543 hoc
1360 1500 1528 1542 anno
1575 1484 1650 1543 ab
1699 1481 2122 1543 incarnatione
2168 1481 2409 1543 domini
2456 1482 2647 1544 nostri
2680 1484 2869 1544 Jhesu
2902 1482 3134 1544 Christi

514 1588 845 1650 millesimo
877 1588 1259 1651 CXXXVIII.

725 1696 859 1778 Ego
880 1696 1191 1777 Ugolinus
1222 1698 1499 1759 notarius
1531 1697 1694 1758 filius
1731 1697 1974 1758 domini
1997 1698 2299 1759 Gabrielis
2332 1699 2409 1759 de
2442 1698 2824 1759 montexello
2857 1698 3134 1759 notarius

514 1805 677 1864 bona
727 1803 849 1864 fide
898 1802 1032 1865 sine
1081 1803 1296 1865 fraude
1347 1805 1573 1866 extrasi
1625 1821 1683 1866 et
1733 1805 2073 1886 exemplavi
2126 1822 2310 1886 prout
2360 1806 2565 1867 inveni
2614 1806 2679 1866 in
2714 1805 3130 1867 instrumento

514 1911 736 1992 scripto
782 1929 973 1972 manu
1004 1911 1265 1973 Tebaldi
1312 1910 1478 1972 Sacri
1526 1912 1745 1993 palacii
1795 1912 2016 1972 notarii
2065 1933 2098 1973 a
2145 1931 2244 1972 me
2291 1911 2530 1974 notario
2577 1912 2967 1994 infrascripto
3000 1911 3133 1972 viso

516 2034 572 2078 et
603 2018 777 2078 lecto.
827 2015 885 2096 [1.
918 2036 966 2080 e.
1000 2037 1134 2099 pag.
1171 2016 1562 2098 249—250.]

1177 2228 1303 2283 178.
1356 2227 1801 2285 GREGORIUS
1844 2230 1956 2284 lx.
1996 2227 2430 2298 (1227—1284).

915 2368 987 2424 in
1027 2387 1073 2423 e.
1111 2387 1199 2442 43.
1238 2370 1307 2425 X.
1346 2373 1413 2424 de
1451 2373 1638 2442 officio
1674 2377 1730 2424 et
1752 2374 2023 2443 potestate
2059 2372 2257 2424 iudicas
2294 2372 2538 2440 delegati
2575 2370 2610 2423 I.
2654 2387 2741 2439 29·

728 2496 757 2525 ⁵
796 2496 955 2568 Corp.
997 2499 1103 2550 ίαν.
1144 2514 1266 2550 can.
1293 2497 1383 2550 ed.
1424 2495 1859 2567 Friedberg.
1897 2495 2071 2550 Tom.
2099 2495 2160 2549 11.
2191 2495 2449 2550 col.182.
2491 2496 2588 2549 Po
2609 2494 2869 2549 tthast.
2898 2512 2951 2548 n.
2978 2494 3134 2567 9558.

517 2620 823 2691 Delegatus
852 2621 1045 2692 Papae
1072 2620 1450 2691 subdelegare
1478 2632 1694 2691 potest,
1718 2619 1849 2675 licet
1877 2621 2044 2674 datus
2072 2618 2142 2675 sit
2170 2637 2240 2674 ex
2267 2618 2486 2684 officio,
2513 2619 2605 2674 vel
2632 2619 2703 2673 de
2724 2619 2970 2690 partium
2992 2636 3134 2674 con-

519 2718 706 2771 sensu,
743 2702 831 2756 vel
872 2719 1004 2757 cum
1046 2701 1295 2757 clausula
1336 2700 1794 2773 praeelectionis,
1836 2699 2127 2756 videlicet:
2184 2700 2379 2773 «quod
2422 2699 2466 2754 si
2508 2717 2629 2756 non
2657 2717 2883 2769 omneS,
2911 2713 2970 2755 tu
3002 2718 3134 2755 cum

519 2782 628 2836 alio
657 2782 1004 2855 exsequaris,
1030 2795 1171 2837 etc.»
1212 2782 1342 2836 Hoc
1374 2781 1510 2837 dicit
1539 2800 1726 2855 usque
1752 2783 1823 2836 ad
1855 2784 1908 2851 g.
1937 2783 1984 2836 Is
2014 2795 2226 2836 autern.
2267 2813 2332 2821 —
2377 2783 2411 2849 g
2450 2800 2486 2836 t.
2542 2782 2612 2850 Is,
2639 2781 2728 2836 cui
2757 2780 3138 2836 committitur

522 2863 837 2933 negotium,
878 2876 940 2918 ut
980 2862 1361 2935 personaliter
1401 2876 1769 2937 exsequatur,
1795 2875 2010 2935 potest,
2035 2862 2080 2918 si
2108 2875 2296 2934 partes
2325 2862 2710 2931 consentiunt,
2736 2861 2895 2917 alteri
2921 2863 3135 2916 subde-

514 2944 722 3015 legare.
766 2944 924 3000 Fallit
951 2944 1009 3000 in
1036 2943 1260 3000 casibus
1287 2944 1376 3000 hic
1407 2946 1704 3017 expressis.
1758 2947 1886 3001 Hoc
1916 2944 2049 3000 dicit
2076 2961 2260 3017 usque
2288 2944 2359 2999 ad
2387 2945 2423 3013 ἓ
2450 2945 2738 3000 Ceterum.
2781 2975 2849 2983 —
2891 2945 2927 3013 ἓ
2968 2964 3016 2999 2.
3067 2945 3135 3007 Is,

516 3024 605 3078 cui
646 3025 1023 3080 committitur
1062 3026 1284 3080 nudum
1325 3026 1699 3082 mInisterium
1742 3026 2201 3099 exsequendum,
2241 3043 2362 3079 non
2405 3038 2598 3096 potest
2640 3025 2790 3080 vices
2819 3042 2950 3080 suas
2978 3025 3136 3080 alteri

517 3106 907 3173 committere3
947 3104 1084 3161 fallit
1125 3106 1181 3160 in
1220 3106 1412 3177 legato
1455 3106 1605 3162 sedis
1636 3108 2008 3179 apostOIIcae.
2052 3108 2123 3162 Et
2151 3120 2236 3162 est
2277 3120 2465 3162 textus
2495 3105 2781 3175 notabiliS,
2809 3119 2865 3161 et
2891 3105 3135 3163 multum

1439 3187 1733 3259 allegatur.
1786 3189 1936 3243 Abb.
1964 3187 2208 3244 Siculus.

728 3297 1048 3374 Quoniam
1092 3299 1429 3380 apostolica
1475 3300 1650 3361 sedes
1697 3300 1958 3360 intendit
1996 3300 2320 3381 providere
2354 3299 2633 3377 negotiis,
2669 3316 2726 3360 et
2761 3319 2892 3361 non
2927 3320 3135 3381 perso-

519 3407 631 3481 nis,
665 3405 895 3487 quibus
927 3406 1143 3467 eadem
1176 3406 1664 3484 committuntur,
1701 3406 1751 3466 si
1785 3406 1970 3466 iudex
2005 3406 2240 3481 tertius,
2271 3405 2411 3465 licet
2446 3424 2519 3464 ex
2551 3404 2759 3466 officio
2785 3421 3018 3480 nostro,
3042 3409 3135 3468 vel

516 3513 591 3573 de
637 3533 886 3574 assensu
921 3514 1190 3594 partium
1239 3532 1352 3594 pro
1399 3512 1723 3574 communi
1772 3534 1804 3573 a
1854 3512 2037 3573 nobis
2086 3511 2262 3572 datus
2316 3509 2565 3587 eisdem,
2617 3511 2717 3571 alii
2767 3512 3136 3591 delegaverit

518 3618 676 3680 vices
706 3641 868 3695 suas,
899 3639 1101 3700 quum
1137 3620 1418 3698 delegato
1450 3641 1483 3680 a
1518 3619 1794 3701 principe
1829 3619 1892 3679 id
1927 3620 2305 3679 concedatur
2337 3639 2368 3678 a
2403 3618 2556 3696 iure,
2592 3618 2895 3699 delegatio
2916 3618 3136 3679 valebit

518 3726 724 3806 ipsius,
789 3726 956 3788 Idem
1004 3747 1264 3808 quoque
1313 3727 1650 3788 dicendum
1691 3741 1798 3803 est,
1831 3746 2034 3806 quum
2070 3726 2397 3785 mandatur
2430 3724 2739 3804 episcop0,
2773 3740 2840 3785 ut
2873 3745 3015 3786 curn
3048 3725 3135 3785 al-

516 3851 647 3895 tero
692 3854 951 3895 suorum
999 3836 1406 3896 coniudicum
1451 3835 1810 3895 mandatum
1861 3833 2277 3915 apostolicum
2310 3846 2698 3910 exsequatur,
2735 3846 2792 3892 et
2825 3847 2971 3893 tunc
3004 3833 3136 3892 sine

515 3942 917 4023 subdelegato
964 3945 1037 4003 ab
1086 3942 1218 4023 ipso
1252 3941 1547 4023 episcopo
1583 3941 1803 4021 reliqui
1838 3942 1968 4002 duo
2001 3940 2336 4022 procedere
2373 3958 2504 4000 non
2538 3938 2848 3999 valebunt.
2914 3947 2942 4006 s
2991 3959 3032 3998 1.
3085 3938 3137 3997 Is

518 4063 739 4124 autem,
789 4050 887 4110 cui
936 4049 1297 4127 iniungitur,
1348 4064 1416 4109 ut
1462 4049 1868 4130 personaliter
1917 4048 2238 4128 negotium
2273 4061 2663 4126 exsequatur,
2701 4059 2919 4125 potest,
2954 4044 3136 4105 dum-

518 4156 709 4217 modo
761 4171 959 4236 partes
1004 4155 1410 4231 consentiant,
1461 4156 1581 4215 hoc
1612 4154 1743 4215 aliis
1778 4154 2079 4235 delegare,
2126 4168 2553 4235 praeterquam
2585 4151 2633 4210 si
2670 4150 3137 4230 inquisitionem

517 4262 664 4339 fieri,
714 4262 808 4323 vel
859 4262 1124 4323 ecclesiis
1172 4264 1248 4323 de
1297 4262 1579 4344 praelatis
1625 4262 1721 4323 vel
1770 4262 1902 4323 aliis
1951 4260 2248 4322 ministris
2303 4258 2609 4341 provideri
2677 4258 3135 4336 mandaremus,

516 4389 713 4449 quum
749 4371 809 4431 in
846 4369 940 4431 his
973 4369 1269 4430 omnibus
1303 4370 1543 4430 casibus
1584 4369 1949 4430 industriam
1986 4384 2042 4429 et
2078 4367 2268 4428 fidem
2301 4386 2623 4448 personae,
2659 4364 2758 4427 cui
2791 4365 2928 4426 talia
2963 4384 3135 4426 com-

518 4477 835 4551 mittimus,
868 4477 1090 4557 eligere
1123 4477 1462 4538 videamur.
1515 4486 1543 4546 s
1583 4497 1638 4538 2.
1675 4477 1988 4551 Ceterum,
2008 4475 2169 4536 salva
2190 4475 2538 4555 legatorum
2571 4473 2730 4534 sedis
2762 4472 3132 4553 apostolicae

515 4585 892 4661 auctoritate,
926 4583 1099 4661 nulli,
1136 4584 1235 4646 cui
1267 4583 1673 4645 commissum
1713 4583 1892 4644 fuerit
1930 4581 2276 4663 praedicare
2309 4600 2573 4657 crucem,
2594 4580 3134 4641 excommunicare

516 4691 612 4751 vel
654 4691 973 4753 absolvere
1020 4691 1281 4773 aliquos,
1337 4691 1690 4773 dispensare
1739 4710 1884 4752 cum
1936 4689 2390 4767 irregularibuS,
2440 4688 2531 4748 vel
2568 4689 2886 4766 iniungere
2921 4688 3136 4767 poeni-

514 4800 753 4876 tentiaS,
786 4798 966 4859 liceat
998 4801 1147 4860 haec
1179 4799 1256 4860 de
1288 4814 1491 4860 cetero
1524 4797 1654 4858 aliis
1687 4798 2078 4874 demandare,
2130 4797 2276 4877 quia
2311 4815 2443 4855 uon
2476 4794 2588 4854 sibi
2623 4793 2983 4871 iurisdictiO,
3029 4794 3137 4854 sed

517 4921 751 4967 certum
784 4905 1187 4967 ministerium
1221 4904 1425 4987 potius
1458 4903 1863 4966 committitur
1898 4904 1958 4964 in
1993 4904 2106 4963 hac
2140 4916 2324 4983 parte.
