3684 5416
626 391 733 440 404
1639 384 1907 439 Pontifex
1949 402 2240 439 romanus·

627 575 819 621 stores
866 579 923 622 et
958 562 1257 626 Doctores
1292 587 1491 648 usque
1525 569 1601 629 ad
1636 571 2244 631 consummationem
2277 570 2503 631 saeculi
2537 590 2668 630 esse
2702 568 2914 630 voluit.
2976 567 3060 630 Ut
3092 587 3240 628 vero

626 668 1017 750 episcopatus
1071 671 1197 753 ipse
1252 693 1417 734 unus
1469 692 1525 736 et
1574 675 1871 737 indivisus
1917 692 2091 754 esset,
2141 692 2199 737 et
2246 696 2355 757 per
2399 677 2794 737 cohaerentes
2826 676 2941 736 sibi
2974 675 3237 736 invicem

625 777 971 837 sacerdotes
1019 780 1403 841 credentium
1451 782 1783 844 multitudo
1824 784 2110 844 universa
2143 783 2207 844 in
2243 783 2382 844 fidei
2418 799 2476 843 et
2509 783 2975 844 communionis
3010 782 3235 843 unitate

625 901 1105 965 conservaretur,
1129 889 1375 949 beatum
1402 890 1651 950 Petrum
1684 891 1932 952 caeteris
1959 892 2268 972 Apostolis
2289 910 2679 973 praeponens
2711 890 2777 952 in
2808 891 2944 970 ipso
2978 887 3237 950 instituit

543 1006 566 1049 5
620 1007 994 1072 perpetuum
1045 994 1363 1075 utriusque
1417 997 1665 1058 unitatis
1713 998 2086 1080 principium
2134 1019 2203 1060 ac
2235 999 2467 1060 visibile
2519 998 3017 1075 fundamentum,
3053 1016 3240 1078 super

624 1098 799 1158 cuius
847 1098 1272 1162 fortitudinem
1318 1119 1641 1165 aeternum
1688 1123 2098 1168 exstrueretur
2142 1105 2469 1186 templum,
2504 1122 2561 1166 et
2597 1104 2900 1167 Ecclesiae
2933 1104 3108 1166 coelo
3141 1103 3237 1163 in-

623 1204 871 1266 ferenda
906 1208 1245 1270 sublimitas
1279 1210 1342 1271 in
1380 1212 1563 1272 huius
1599 1212 1740 1274 fidei
1774 1213 2053 1275 firmitate
2086 1230 2485 1294 consurgeret
2526 1213 2605 1289 (S.
2639 1213 2769 1274 Leo
2806 1211 2888 1274 M.
2921 1209 3112 1271 serm.'
3133 1208 3232 1270 IV.

623 1310 717 1390 [al.
755 1313 845 1392 111]
897 1335 1023 1395 cap.
1058 1315 1103 1375 11
1151 1316 1212 1377 in
1258 1318 1423 1379 diem
1461 1320 1690 1381 Natalis
1735 1321 1874 1394 sui).
1940 1323 2010 1382 Et
2056 1321 2357 1402 quoniam
2391 1337 2601 1402 portae
2636 1319 2812 1380 inferi
2846 1319 2921 1379 ad
2956 1332 3234 1378 everten-

620 1421 761 1480 dam
814 1421 863 1483 si
898 1421 1026 1483 fieri
1062 1440 1284 1504 posset,
1321 1426 1653 1488 Ecclesiam
1688 1444 1901 1490 contra
1935 1428 2067 1506 ejus
2100 1428 2574 1489 fundamentum
2609 1426 2903 1487 divinitus
2936 1425 3233 1507 positum,

517 1543 564 1573 ¹0
622 1528 838 1589 maiori
872 1530 931 1590 in
966 1531 1094 1591 dies
1128 1531 1274 1592 odio
1310 1533 1585 1613 undique
1620 1534 1978 1614 insurgunt:
2017 1536 2149 1596 Nos
2181 1536 2257 1595 ad
2291 1533 2571 1596 catholici
2605 1533 2809 1613 gregis
2860 1531 3227 1603 custodiam,

620 1635 1133 1714 incolumitatem,
1183 1656 1608 1718 augmentum,
1658 1641 2069 1703 necessarium
2104 1662 2236 1702 esse
2270 1641 2614 1719 judicamus
2648 1659 2819 1701 sacro
2853 1642 3232 1719 approbante

620 1741 905 1802 Concilio
951 1745 1294 1806 doctrinam
1344 1748 1418 1807 de
1468 1749 1870 1826 institutione,
1919 1749 2318 1829 perpetuitate
2365 1769 2434 1809 ac
2480 1764 2692 1809 natura
2726 1747 2875 1808 sacri
2910 1743 3230 1826 apostolici

620 1848 934 1928 primatuS,
981 1851 1044 1911 in
1091 1872 1220 1932 quo
1265 1854 1453 1915 totius
1490 1855 1790 1916 Ecclesiae
1837 1857 1927 1916 vis
1974 1876 2042 1917 ac
2075 1856 2346 1917 soliditas
2379 1856 2652 1917 consistit
2683 1853 2913 1915 cunctis
2948 1852 3232 1913 fidelibus

617 1956 990 2018 credendam
1040 1976 1098 2019 et
1130 1963 1461 2021 tenendam
1495 1964 1838 2028 secundum
1875 1964 2195 2044 antiquam
2228 1979 2412 2043 atque
2448 1978 2835 2024 constantem
2870 1959 3232 2021 universalis

514 2083 557 2125 ¹5
616 2063 921 2124 Ecclesiae
971 2065 1175 2144 fidem,
1222 2088 1589 2150 proponere,
1638 2087 1821 2150 atque
1869 2071 2228 2150 contrarios,
2278 2071 2597 2132 dominico
2629 2071 2795 2149 gregi
2832 2069 2987 2128 adeo
3022 2066 3228 2147 perni-

613 2171 833 2240 ciosos,
871 2193 1106 2235 errores
1140 2177 1519 2256 proscribere
1551 2194 1608 2238 et
1644 2180 2081 2240 condemnare.

826 2281 978 2361 Cap.
1014 2283 1051 2341 l.
1106 2284 1206 2343 De
1239 2285 1586 2366 Apostolict'
1601 2290 1916 2366 primatus
1949 2288 2013 2345 in
2049 2286 2217 2345 heato
2252 2285 2437 2346 Petro
2471 2287 2873 2345 institutione.
2912 2284 3230 2343 Docernus

614 2388 816 2467 itaque
853 2406 909 2449 et
944 2390 1349 2466 declaramuS,
1400 2392 1560 2466 juxta
1597 2392 1910 2471 Evangelii
1946 2392 2292 2454 testimonia
2324 2392 2657 2474 primatum
2695 2389 3128 2468 jurisdictionis
3162 2389 3224 2448 in

615 2496 963 2556 universam
998 2497 1110 2557 Dei
1147 2498 1477 2559 Ecclesiam
1529 2498 1881 2560 immediate
1929 2515 1985 2560 et
2032 2500 2257 2560 directe
2306 2503 2484 2560 beato
2522 2498 2697 2558 Petro
2744 2497 3028 2578 apostolo
3079 2513 3222 2576 pro-

502 2625 555 2656 πο
611 2602 868 2663 missum
923 2621 1104 2684 atque
1157 2605 1452 2666 collatum
1502 2627 1535 2666 a
1568 2607 1821 2667 Christo
1857 2606 2137 2667 Domino
2188 2606 2393 2667 fuisse.
2454 2605 2672 2666 Unum
2725 2603 3071 2680 Simonem,
3123 2601 3224 2662 cui

610 2708 732 2786 jam
754 2713 993 2792 pridem
1014 2713 1268 2774 dixerat:
1313 2716 1452 2775 «Tu
1474 2716 1785 2776 vocaberis
1806 2717 2115 2796 Cephas»,
2151 2717 2342 2789 (Joan.
2368 2716 2408 2789 1,
2432 2714 2536 2793 42)
2573 2728 2905 2794 postquam
2927 2711 3025 2771 ille
3046 2730 3222 2769 suam

607 2819 796 2879 edidit
829 2820 1283 2882 confessionem
1320 2822 1641 2903 inquiens:
1685 2824 1821 2883 «Tu
1860 2844 1923 2884 es
1946 2823 2244 2899 ChristuS,
2279 2822 2438 2883 filius
2473 2822 2585 2882 Dei
2620 2820 2805 2898 vivi»,
2839 2818 3223 2879 solemnibus

610 2924 704 2984 his
735 2927 932 2986 verbis
964 2927 1264 2988 allocutus
1297 2946 1387 2989 est
1422 2931 1762 2991 Dominus:
1807 2932 2067 2990 «Beatus
2101 2951 2163 2991 es
2197 2930 2413 2990 Simon
2452 2930 2771 3003 Bar-mna,
2807 2925 2950 3006 quia
2984 2943 3125 2985 caro
3159 2939 3217 2984 et

606 3033 859 3110 sanguis
911 3053 1039 3094 non
1093 3036 1381 3097 revelavit
1428 3038 1554 3115 tibi,
1604 3041 1709 3099 sed
1748 3039 1919 3099 Pater
1965 3059 2143 3099 meus
2189 3038 2392 3118 quiin
2424 3037 2609 3097 coelis
2643 3052 2747 3096 est.
2826 3033 2896 3093 Et
2929 3052 3046 3113 ego
3079 3032 3222 3092 dico

500 3162 549 3205 25
608 3138 731 3215 tibi,
778 3140 920 3218 quia
969 3158 1034 3201 tu
1083 3164 1147 3203 es
1181 3145 1414 3221 Petrus,
1464 3161 1521 3205 et
1571 3166 1754 3226 super
1803 3147 1962 3207 hanc
1995 3163 2228 3226 petram
2262 3144 2597 3206 aedificabo
2633 3142 2963 3203 Ecclesiam
2997 3158 3217 3215 meam,

606 3261 663 3304 et
710 3261 918 3326 portae
965 3248 1142 3310 inferi
1190 3269 1321 3311 non
1368 3253 1807 3333 praevalebunt
1838 3254 2127 3314 adversus
2161 3273 2313 3313 eam.
2381 3253 2455 3312 Et
2484 3251 2591 3312 tibi
2624 3251 2784 3311 dabo
2817 3249 3013 3310 claves
3045 3245 3217 3326 regni

608 3352 961 3417 coelorum:
1012 3374 1069 3418 et
1102 3360 1533 3440 quodcunque
1565 3360 1842 3439 ligaveris
1877 3380 2061 3441 super
2092 3376 2334 3434 terram,
2379 3360 2489 3420 erit
2523 3359 2775 3439 ligatum
2810 3372 2867 3416 et
2899 3356 2963 3417 in
2995 3354 3213 3415 coelis:

606 3477 665 3522 et
697 3464 1123 3546 quodcunque
1156 3468 1409 3528 solveris
1441 3488 1627 3549 super
1657 3485 1899 3545 terram,
1935 3468 2044 3528 erit
2077 3467 2352 3529 solutum
2388 3483 2445 3527 et
2479 3467 2540 3527 in
2577 3465 2762 3527 coelis
2794 3464 3031 3540 (Matth.
3054 3462 3212 3523 XVI.

618 3572 709 3630 ¹6.
758 3574 916 3649 19)».
955 3579 1159 3653 Atque
1196 3575 1303 3634 uni
1339 3575 1576 3636 Simoni
1614 3575 1790 3635 Petro
1822 3574 2080 3635 contulit
2112 3575 2286 3635 Jesus
2321 3590 2460 3654 post
2492 3592 2668 3633 suam
2703 3570 3215 3632 resurrectionem

493 3696 545 3738 30
602 3680 833 3739 summi
869 3681 1121 3760 pastoris
1154 3697 1211 3742 et
1233 3683 1481 3742 rectoris
1504 3681 1988 3759 jurisdictionem
2012 3682 2072 3742 in
2096 3697 2296 3743 totum
2319 3700 2504 3742 suum
2527 3680 2686 3740 ovile
2709 3679 2949 3739 dicens:
2993 3677 3213 3738 «Pasce

601 3805 797 3865 agnos
830 3805 1021 3865 meos,
1059 3788 1241 3849 Pasce
1274 3809 1421 3849 oves
1456 3808 1622 3849 meas
1657 3790 1849 3863 (Joan.
1889 3789 2045 3866 XXI,
2091 3790 2427 3867 15-—17)».
2496 3786 2658 3848 Huic
2699 3803 2823 3846 tam
2859 3783 3213 3845 manifestae

598 3912 907 3954 sacrarum
943 3894 1400 3975 Scripturarum
1449 3897 1779 3967 doctrinae,
1826 3912 1893 3957 ut
1939 3898 2014 3956 ab
2067 3895 2328 3956 Ecclesia
2377 3894 2694 3956 Catholica
2742 3912 2985 3972 semper
3035 3891 3212 3952 intel-

597 3998 746 4061 lecta
794 4016 899 4076 est,
946 4018 1150 4081 aperte
1197 4019 1608 4083 opponuntur
1655 4022 1872 4082 pravae
1919 4022 2137 4063 eorum
2184 4002 2542 4075 sententiae,
2585 4002 2714 4081 qui,
2748 4001 3144 4061 constitutam
3177 4020 3211 4059 a

595 4107 844 4169 Christo
880 4109 1156 4169 Domino
1209 4111 1273 4170 in
1322 4131 1432 4170 sua
1486 4110 1753 4170 Ecclesia
1806 4110 2123 4189 regiminis
2177 4110 2442 4170 formam
2496 4123 2904 4190 pervertentes
2959 4124 3208 4187 negant,

485 4238 534 4281 35
595 4214 802 4274 solum
839 4215 1084 4277 Petrum
1131 4236 1273 4297 prae
1320 4216 1566 4276 caeteris
1614 4216 1911 4296 apostolis
1956 4216 2081 4275 sive
2129 4236 2407 4276 seorsum
2455 4215 2711 4294 singulis
2755 4215 2880 4275 sive
2914 4214 3208 4276 omnibus

594 4321 798 4402 simul,
846 4343 993 4384 vero
1042 4324 1416 4405 proprioque
1466 4321 1901 4399 jurisdictionis
1937 4324 2202 4403 primatu
2241 4322 2423 4383 fuisse
2457 4343 2491 4383 a
2524 4320 2771 4383 Christo
2803 4323 3206 4393 instructum:

591 4446 696 4492 aut
745 4432 852 4512 qui
899 4430 1225 4507 affirmant,
1271 4431 1540 4492 eundem
1576 4431 1910 4510 primatum
1943 4449 2074 4490 non
2109 4429 2458 4490 immediate
2493 4429 2845 4508 directeque
2878 4430 2993 4510 ipsi
3026 4432 3208 4492 beato

593 4539 790 4613 Petr0,
842 4539 946 4598 sed
985 4537 1303 4611 Ecclesiae,
1351 4554 1409 4599 et
1459 4555 1568 4616 per
1616 4538 1775 4598 hanc
1822 4536 1907 4597 illi
1955 4553 2021 4597 ut
2064 4536 2256 4617 ipsius
2299 4535 2584 4596 ecclesiae
2620 4536 2900 4597 ministro
2933 4537 3203 4598 delatum

589 4646 797 4707 fuisse.

474 4773 531 4813 40
802 4754 863 4814 Si
914 4754 1053 4832 quis
1101 4755 1284 4834 igitur
1317 4754 1546 4829 dixerit,
1579 4757 1824 4814 beatum
1865 4754 2112 4813 Petrum
2148 4753 2520 4833 Apostolum
2555 4771 2684 4813 non
2718 4771 2852 4813 esse
2885 4772 2917 4812 a
2951 4750 3207 4812 Christo

585 4862 864 4924 Domino
911 4864 1312 4924 constitutum
1361 4863 1811 4945 Apostolorum
1865 4862 2153 4922 omnium
2200 4862 2538 4943 principem
2587 4877 2645 4921 et
2678 4860 2862 4921 totius
2897 4858 3202 4919 Ecclesiae

584 4968 898 5031 militantis
929 4970 1163 5031 visibile
1196 4988 1409 5051 caput:
1446 4970 1540 5029 vel
1575 4970 1850 5030 eundem
1883 4970 2138 5030 honoris
2172 4984 2429 5048 tantum,
2454 4979 2584 5030 non
2616 4982 2823 5029 autem
2853 4985 3030 5026 verae
3053 4983 3202 5046 pro-
