<?xml version="1.0" encoding="UTF-8"?>
<!DOCTYPE html PUBLIC "-//W3C//DTD XHTML 1.0 Transitional//EN"
    "http://www.w3.org/TR/xhtml1/DTD/xhtml1-transitional.dtd">
<html xmlns="http://www.w3.org/1999/xhtml" xml:lang="en" lang="en">
 <head>
  <title>
</title>
<meta http-equiv="Content-Type" content="text/html;charset=utf-8" />
  <meta name='ocr-system' content='tesseract 3.04.00' />
  <meta name='ocr-capabilities' content='ocr_page ocr_carea ocr_par ocr_line ocrx_word'/>
</head>
<body>
  <div class='ocr_page' id='page_1' title='image "./fontesiuriscano00unkngoog/fontesiuriscano00unkngoog_0261.png"; bbox 0 0 3684 5416; ppageno 0'>
   <div class='ocr_carea' id='block_1_1' title="bbox 439 1577 482 1606">
    <p class='ocr_par' dir='ltr' id='par_1_1' title="bbox 439 1577 482 1606">
     <span class='ocr_line' id='line_1_1' title="bbox 439 1577 482 1606; baseline -0.023 0"><span class='ocrx_word' id='word_1_1' title='bbox 439 1577 482 1606; x_wconf 86' lang='lat'>10</span> 
     </span>
    </p>
   </div>
   <div class='ocr_carea' id='block_1_2' title="bbox 1185 387 3151 470">
    <p class='ocr_par' dir='ltr' id='par_1_2' title="bbox 1185 387 3151 470">
     <span class='ocr_line' id='line_1_2' title="bbox 1185 387 3151 470; baseline 0.006 -31"><span class='ocrx_word' id='word_1_2' title='bbox 1185 387 1451 442; x_wconf 67' lang='lat' dir='ltr'>Potestas</span> <span class='ocrx_word' id='word_1_3' title='bbox 1492 388 1867 443; x_wconf 70' lang='lat' dir='ltr'>ecclesiastica</span> <span class='ocrx_word' id='word_1_4' title='bbox 1910 402 1965 443; x_wconf 90' lang='lat' dir='ltr'>et</span> <span class='ocrx_word' id='word_1_5' title='bbox 2004 408 2305 461; x_wconf 77' lang='lat' dir='ltr'>imperium</span> <span class='ocrx_word' id='word_1_6' title='bbox 2347 391 2523 447; x_wconf 77' lang='lat' dir='ltr'>civile.</span> <span class='ocrx_word' id='word_1_7' title='bbox 3051 416 3151 470; x_wconf 79' lang='lat'>223</span> 
     </span>
    </p>
   </div>
   <div class='ocr_carea' id='block_1_3' title="bbox 1047 465 1312 470">
    <p class='ocr_par' dir='ltr' id='par_1_3' title="bbox 1047 465 1312 470">
     <span class='ocr_line' id='line_1_3' title="bbox 1047 465 1312 470; baseline 0 0"><span class='ocrx_word' id='word_1_8' title='bbox 1047 465 1312 470; x_wconf 95' lang='lat' dir='ltr'> </span> 
     </span>
    </p>
   </div>
   <div class='ocr_carea' id='block_1_4' title="bbox 2366 471 2517 475">
    <p class='ocr_par' dir='ltr' id='par_1_4' title="bbox 2366 471 2517 475">
     <span class='ocr_line' id='line_1_4' title="bbox 2366 471 2517 475; baseline 0 0"><span class='ocrx_word' id='word_1_9' title='bbox 2366 471 2517 475; x_wconf 95' lang='lat' dir='ltr'> </span> 
     </span>
    </p>
   </div>
   <div class='ocr_carea' id='block_1_5' title="bbox 538 572 3153 2033">
    <p class='ocr_par' dir='ltr' id='par_1_5' title="bbox 541 572 3153 766">
     <span class='ocr_line' id='line_1_5' title="bbox 541 572 3153 661; baseline 0.005 -32"><span class='ocrx_word' id='word_1_10' title='bbox 541 573 636 631; x_wconf 89' lang='lat' dir='ltr'>vel</span> <span class='ocrx_word' id='word_1_11' title='bbox 670 573 995 650; x_wconf 85' lang='lat' dir='ltr'>momenti)</span> <span class='ocrx_word' id='word_1_12' title='bbox 1045 572 1346 633; x_wconf 89' lang='lat' dir='ltr'>inhabiles</span> <span class='ocrx_word' id='word_1_13' title='bbox 1379 573 1665 634; x_wconf 83' lang='lat' dir='ltr'>existant:</span> <span class='ocrx_word' id='word_1_14' title='bbox 1721 589 1778 633; x_wconf 90' lang='lat' dir='ltr'>et</span> <span class='ocrx_word' id='word_1_15' title='bbox 1810 574 1964 635; x_wconf 89' lang='lat' dir='ltr'>nulli</span> <span class='ocrx_word' id='word_1_16' title='bbox 1999 576 2147 655; x_wconf 87' lang='lat' dir='ltr'>ipsis</span> <span class='ocrx_word' id='word_1_17' title='bbox 2179 579 2283 637; x_wconf 91' lang='lat' dir='ltr'>sed</span> <span class='ocrx_word' id='word_1_18' title='bbox 2319 577 2431 658; x_wconf 90' lang='lat' dir='ltr'>lpsi</span> <span class='ocrx_word' id='word_1_19' title='bbox 2466 578 2614 655; x_wconf 90' lang='lat' dir='ltr'>aliis,</span> <span class='ocrx_word' id='word_1_20' title='bbox 2648 599 2833 660; x_wconf 90' lang='lat' dir='ltr'>super</span> <span class='ocrx_word' id='word_1_21' title='bbox 2865 601 3153 661; x_wconf 88' lang='lat' dir='ltr'>quocun-</span> 
     </span>
     <span class='ocr_line' id='line_1_6' title="bbox 541 679 3152 766; baseline 0.004 -29"><span class='ocrx_word' id='word_1_22' title='bbox 541 697 660 757; x_wconf 90' lang='lat' dir='ltr'>que</span> <span class='ocrx_word' id='word_1_23' title='bbox 696 679 905 739; x_wconf 91' lang='lat' dir='ltr'>debito</span> <span class='ocrx_word' id='word_1_24' title='bbox 938 697 994 739; x_wconf 90' lang='lat' dir='ltr'>et</span> <span class='ocrx_word' id='word_1_25' title='bbox 1028 680 1280 761; x_wconf 88' lang='lat' dir='ltr'>negotio</span> <span class='ocrx_word' id='word_1_26' title='bbox 1315 698 1437 740; x_wconf 89' lang='lat' dir='ltr'>tam</span> <span class='ocrx_word' id='word_1_27' title='bbox 1470 680 1627 741; x_wconf 92' lang='lat' dir='ltr'>civili</span> <span class='ocrx_word' id='word_1_28' title='bbox 1662 700 1852 760; x_wconf 86' lang='lat' dir='ltr'>quam</span> <span class='ocrx_word' id='word_1_29' title='bbox 1888 683 2187 743; x_wconf 87' lang='lat' dir='ltr'>criminali</span> <span class='ocrx_word' id='word_1_30' title='bbox 2209 685 2284 745; x_wconf 91' lang='lat' dir='ltr'>de</span> <span class='ocrx_word' id='word_1_31' title='bbox 2307 684 2438 745; x_wconf 86' lang='lat' dir='ltr'>iure</span> <span class='ocrx_word' id='word_1_32' title='bbox 2460 688 2837 766; x_wconf 88' lang='lat' dir='ltr'>respondere</span> <span class='ocrx_word' id='word_1_33' title='bbox 2855 705 3152 750; x_wconf 85' lang='lat' dir='ltr'>teneatur.</span> 
     </span>
    </p>

    <p class='ocr_par' dir='ltr' id='par_1_6' title="bbox 538 787 3153 2033">
     <span class='ocr_line' id='line_1_7' title="bbox 753 787 3146 868; baseline 0.005 -22"><span class='ocrx_word' id='word_1_34' title='bbox 753 795 784 854; x_wconf 80' lang='lat' dir='ltr'>s</span> <span class='ocrx_word' id='word_1_35' title='bbox 828 806 921 847; x_wconf 85' lang='lat'>12.</span> <span class='ocrx_word' id='word_1_36' title='bbox 983 787 1057 846; x_wconf 88' lang='lat' dir='ltr'>Et</span> <span class='ocrx_word' id='word_1_37' title='bbox 1093 787 1502 848; x_wconf 88' lang='lat' dir='ltr'>nihilominus</span> <span class='ocrx_word' id='word_1_38' title='bbox 1534 807 1756 848; x_wconf 87' lang='lat' dir='ltr'>omnes</span> <span class='ocrx_word' id='word_1_39' title='bbox 1789 804 1848 849; x_wconf 89' lang='lat' dir='ltr'>et</span> <span class='ocrx_word' id='word_1_40' title='bbox 1879 789 2158 868; x_wconf 81' lang='lat' dir='ltr'>singulos</span> <span class='ocrx_word' id='word_1_41' title='bbox 2190 791 2602 868; x_wconf 86' lang='lat' dir='ltr'>chistifideles,</span> <span class='ocrx_word' id='word_1_42' title='bbox 2636 797 2754 855; x_wconf 92' lang='lat' dir='ltr'>sub</span> <span class='ocrx_word' id='word_1_43' title='bbox 2787 814 3146 856; x_wconf 80' lang='lat' dir='ltr'>excommu-</span> 
     </span>
     <span class='ocr_line' id='line_1_8' title="bbox 541 893 3151 977; baseline 0.005 -25"><span class='ocrx_word' id='word_1_44' title='bbox 541 893 867 955; x_wconf 84' lang='lat' dir='ltr'>nicationis</span> <span class='ocrx_word' id='word_1_45' title='bbox 910 910 971 954; x_wconf 95' lang='lat' dir='ltr'>et</span> <span class='ocrx_word' id='word_1_46' title='bbox 1018 895 1149 956; x_wconf 89' lang='lat' dir='ltr'>aliis</span> <span class='ocrx_word' id='word_1_47' title='bbox 1194 895 1591 975; x_wconf 82' lang='lat' dir='ltr'>infrascriptis</span> <span class='ocrx_word' id='word_1_48' title='bbox 1640 897 1879 976; x_wconf 84' lang='lat' dir='ltr'>poenis,</span> <span class='ocrx_word' id='word_1_49' title='bbox 1928 915 2262 959; x_wconf 89' lang='lat' dir='ltr'>monemus</span> <span class='ocrx_word' id='word_1_50' title='bbox 2295 917 2361 961; x_wconf 90' lang='lat' dir='ltr'>ut</span> <span class='ocrx_word' id='word_1_51' title='bbox 2395 902 2686 977; x_wconf 90' lang='lat' dir='ltr'>monitos,</span> <span class='ocrx_word' id='word_1_52' title='bbox 2720 905 3151 964; x_wconf 88' lang='lat' dir='ltr'>excommuni-</span> 
     </span>
     <span class='ocr_line' id='line_1_9' title="bbox 540 1002 3153 1089; baseline 0.004 -29"><span class='ocrx_word' id='word_1_53' title='bbox 540 1015 725 1074; x_wconf 86' lang='lat' dir='ltr'>catos,</span> <span class='ocrx_word' id='word_1_54' title='bbox 775 1019 1148 1081; x_wconf 80' lang='lat' dir='ltr'>aggravatos,</span> <span class='ocrx_word' id='word_1_55' title='bbox 1197 1002 1565 1079; x_wconf 84' lang='lat' dir='ltr'>interdictos,</span> <span class='ocrx_word' id='word_1_56' title='bbox 1616 1004 1899 1085; x_wconf 68' lang='lat' dir='ltr'>privatos»,</span> <span class='ocrx_word' id='word_1_57' title='bbox 1947 1005 2303 1067; x_wconf 89' lang='lat' dir='ltr'>maledictos</span> <span class='ocrx_word' id='word_1_58' title='bbox 2349 1023 2409 1067; x_wconf 91' lang='lat' dir='ltr'>et</span> <span class='ocrx_word' id='word_1_59' title='bbox 2455 1008 2779 1069; x_wconf 84' lang='lat' dir='ltr'>damnatos</span> <span class='ocrx_word' id='word_1_60' title='bbox 2813 1011 3153 1089; x_wconf 84' lang='lat' dir='ltr'>praedictos</span> 
     </span>
     <span class='ocr_line' id='line_1_10' title="bbox 541 1109 3149 1192; baseline 0.005 -25"><span class='ocrx_word' id='word_1_61' title='bbox 541 1109 785 1184; x_wconf 83' lang='lat' dir='ltr'>evitent,</span> <span class='ocrx_word' id='word_1_62' title='bbox 835 1126 910 1187; x_wconf 91' lang='lat' dir='ltr'>et,</span> <span class='ocrx_word' id='word_1_63' title='bbox 957 1127 1259 1189; x_wconf 89' lang='lat' dir='ltr'>quantum</span> <span class='ocrx_word' id='word_1_64' title='bbox 1309 1111 1373 1170; x_wconf 89' lang='lat' dir='ltr'>in</span> <span class='ocrx_word' id='word_1_65' title='bbox 1405 1111 1493 1170; x_wconf 91' lang='lat' dir='ltr'>eis</span> <span class='ocrx_word' id='word_1_66' title='bbox 1525 1126 1633 1187; x_wconf 87' lang='lat' dir='ltr'>est,</span> <span class='ocrx_word' id='word_1_67' title='bbox 1668 1114 1745 1171; x_wconf 89' lang='lat' dir='ltr'>ab</span> <span class='ocrx_word' id='word_1_68' title='bbox 1779 1112 1911 1173; x_wconf 90' lang='lat' dir='ltr'>aliis</span> <span class='ocrx_word' id='word_1_69' title='bbox 1943 1114 2151 1174; x_wconf 91' lang='lat' dir='ltr'>evitari</span> <span class='ocrx_word' id='word_1_70' title='bbox 2187 1115 2423 1192; x_wconf 87' lang='lat' dir='ltr'>faciant,</span> <span class='ocrx_word' id='word_1_71' title='bbox 2456 1136 2569 1177; x_wconf 90' lang='lat' dir='ltr'>nec</span> <span class='ocrx_word' id='word_1_72' title='bbox 2603 1136 2743 1177; x_wconf 92' lang='lat' dir='ltr'>cum</span> <span class='ocrx_word' id='word_1_73' title='bbox 2778 1118 3010 1178; x_wconf 88' lang='lat' dir='ltr'>eisdem</span> <span class='ocrx_word' id='word_1_74' title='bbox 3042 1139 3149 1179; x_wconf 88' lang='lat' dir='ltr'>seu</span> 
     </span>
     <span class='ocr_line' id='line_1_11' title="bbox 541 1215 3151 1298; baseline 0.003 -21"><span class='ocrx_word' id='word_1_75' title='bbox 541 1215 788 1297; x_wconf 88' lang='lat' dir='ltr'>praefati</span> <span class='ocrx_word' id='word_1_76' title='bbox 822 1216 981 1297; x_wconf 87' lang='lat' dir='ltr'>regis</span> <span class='ocrx_word' id='word_1_77' title='bbox 1014 1217 1345 1293; x_wconf 88' lang='lat' dir='ltr'>civitatum,</span> <span class='ocrx_word' id='word_1_78' title='bbox 1379 1217 1823 1294; x_wconf 82' lang='lat' dir='ltr'>dominiorum,</span> <span class='ocrx_word' id='word_1_79' title='bbox 1857 1234 2176 1298; x_wconf 87' lang='lat' dir='ltr'>terrarum,</span> <span class='ocrx_word' id='word_1_80' title='bbox 2212 1237 2570 1292; x_wconf 85' lang='lat' dir='ltr'>castrorum,</span> <span class='ocrx_word' id='word_1_81' title='bbox 2590 1224 3017 1293; x_wconf 80' lang='lat' dir='ltr'>comitatuum,</span> <span class='ocrx_word' id='word_1_82' title='bbox 3041 1226 3151 1285; x_wconf 92' lang='lat' dir='ltr'>vil-</span> 
     </span>
     <span class='ocr_line' id='line_1_12' title="bbox 539 1306 3152 1408; baseline 0.003 -24"><span class='ocrx_word' id='word_1_83' title='bbox 539 1325 736 1384; x_wconf 90' lang='lat' dir='ltr'>larum</span> <span class='ocrx_word' id='word_1_84' title='bbox 788 1324 1234 1396; x_wconf 80' lang='lat' dir='ltr'>fortalitiorum,</span> <span class='ocrx_word' id='word_1_85' title='bbox 1282 1325 1661 1404; x_wconf 84' lang='lat' dir='ltr'>oppidorum</span> <span class='ocrx_word' id='word_1_86' title='bbox 1706 1341 1765 1386; x_wconf 92' lang='lat' dir='ltr'>et</span> <span class='ocrx_word' id='word_1_87' title='bbox 1808 1325 2092 1387; x_wconf 91' lang='lat' dir='ltr'>locorum</span> <span class='ocrx_word' id='word_1_88' title='bbox 2142 1328 2594 1407; x_wconf 89' lang='lat' dir='ltr'>praedictorum</span> <span class='ocrx_word' id='word_1_89' title='bbox 2642 1330 2895 1408; x_wconf 76' lang='lat' dir='ltr'>civibuS,</span> <span class='ocrx_word' id='word_1_90' title='bbox 2933 1306 3152 1392; x_wconf 82' lang='lat' dir='ltr'>incolis</span> 
     </span>
     <span class='ocr_line' id='line_1_13' title="bbox 540 1432 3151 1517; baseline 0.003 -27"><span class='ocrx_word' id='word_1_91' title='bbox 540 1433 632 1491; x_wconf 85' lang='lat' dir='ltr'>vel</span> <span class='ocrx_word' id='word_1_92' title='bbox 669 1432 1113 1492; x_wconf 87' lang='lat' dir='ltr'>habitatoribus</span> <span class='ocrx_word' id='word_1_93' title='bbox 1147 1447 1251 1492; x_wconf 88' lang='lat' dir='ltr'>aut</span> <span class='ocrx_word' id='word_1_94' title='bbox 1284 1433 1544 1493; x_wconf 88' lang='lat' dir='ltr'>subditis</span> <span class='ocrx_word' id='word_1_95' title='bbox 1579 1449 1636 1492; x_wconf 91' lang='lat' dir='ltr'>et</span> <span class='ocrx_word' id='word_1_96' title='bbox 1672 1433 1961 1510; x_wconf 82' lang='lat' dir='ltr'>vassallis,</span> <span class='ocrx_word' id='word_1_97' title='bbox 2010 1436 2295 1502; x_wconf 88' lang='lat' dir='ltr'>emendo,</span> <span class='ocrx_word' id='word_1_98' title='bbox 2346 1437 2699 1510; x_wconf 88' lang='lat' dir='ltr'>vendend0,</span> <span class='ocrx_word' id='word_1_99' title='bbox 2737 1439 3151 1517; x_wconf 85' lang='lat' dir='ltr'>permutando</span> 
     </span>
     <span class='ocr_line' id='line_1_14' title="bbox 539 1541 3151 1619; baseline 0.002 -20"><span class='ocrx_word' id='word_1_100' title='bbox 539 1555 643 1599; x_wconf 89' lang='lat' dir='ltr'>aut</span> <span class='ocrx_word' id='word_1_101' title='bbox 691 1557 1159 1618; x_wconf 80' lang='lat' dir='ltr'>quamcumque</span> <span class='ocrx_word' id='word_1_102' title='bbox 1207 1554 1614 1600; x_wconf 79' lang='lat' dir='ltr'>mercaturam</span> <span class='ocrx_word' id='word_1_103' title='bbox 1663 1559 1772 1600; x_wconf 91' lang='lat' dir='ltr'>seu</span> <span class='ocrx_word' id='word_1_104' title='bbox 1809 1541 2133 1619; x_wconf 84' lang='lat' dir='ltr'>negotium</span> <span class='ocrx_word' id='word_1_105' title='bbox 2168 1543 2532 1613; x_wconf 87' lang='lat' dir='ltr'>exercendo,</span> <span class='ocrx_word' id='word_1_106' title='bbox 2565 1545 3008 1604; x_wconf 88' lang='lat' dir='ltr'>commercium</span> <span class='ocrx_word' id='word_1_107' title='bbox 3044 1565 3151 1605; x_wconf 90' lang='lat' dir='ltr'>seu</span> 
     </span>
     <span class='ocr_line' id='line_1_15' title="bbox 538 1646 3149 1731; baseline 0.002 -25"><span class='ocrx_word' id='word_1_108' title='bbox 538 1647 807 1726; x_wconf 85' lang='lat' dir='ltr'>aliquam</span> <span class='ocrx_word' id='word_1_109' title='bbox 842 1646 1373 1707; x_wconf 83' lang='lat' dir='ltr'>conversationem</span> <span class='ocrx_word' id='word_1_110' title='bbox 1409 1666 1518 1706; x_wconf 92' lang='lat' dir='ltr'>seu</span> <span class='ocrx_word' id='word_1_111' title='bbox 1552 1647 2064 1708; x_wconf 85' lang='lat' dir='ltr'>communionem</span> <span class='ocrx_word' id='word_1_112' title='bbox 2099 1649 2390 1716; x_wconf 82' lang='lat' dir='ltr'>habeant:</span> <span class='ocrx_word' id='word_1_113' title='bbox 2445 1665 2551 1710; x_wconf 90' lang='lat' dir='ltr'>aut</span> <span class='ocrx_word' id='word_1_114' title='bbox 2599 1651 2830 1723; x_wconf 87' lang='lat' dir='ltr'>vinum,</span> <span class='ocrx_word' id='word_1_115' title='bbox 2864 1670 3149 1731; x_wconf 88' lang='lat' dir='ltr'>granum,</span> 
     </span>
     <span class='ocr_line' id='line_1_16' title="bbox 539 1752 3152 1835; baseline 0.003 -22"><span class='ocrx_word' id='word_1_116' title='bbox 539 1754 624 1813; x_wconf 90' lang='lat' dir='ltr'>sal</span> <span class='ocrx_word' id='word_1_117' title='bbox 657 1773 765 1812; x_wconf 92' lang='lat' dir='ltr'>seu</span> <span class='ocrx_word' id='word_1_118' title='bbox 800 1753 913 1813; x_wconf 87' lang='lat' dir='ltr'>alia</span> <span class='ocrx_word' id='word_1_119' title='bbox 947 1752 1243 1828; x_wconf 85' lang='lat' dir='ltr'>victualia,</span> <span class='ocrx_word' id='word_1_120' title='bbox 1275 1772 1462 1825; x_wconf 85' lang='lat' dir='ltr'>arma,</span> <span class='ocrx_word' id='word_1_121' title='bbox 1500 1771 1763 1832; x_wconf 85' lang='lat' dir='ltr'>pannos,</span> <span class='ocrx_word' id='word_1_122' title='bbox 1810 1773 2043 1814; x_wconf 89' lang='lat' dir='ltr'>merces</span> <span class='ocrx_word' id='word_1_123' title='bbox 2078 1756 2168 1815; x_wconf 92' lang='lat' dir='ltr'>vel</span> <span class='ocrx_word' id='word_1_124' title='bbox 2204 1758 2453 1835; x_wconf 86' lang='lat' dir='ltr'>quasvis</span> <span class='ocrx_word' id='word_1_125' title='bbox 2485 1757 2632 1817; x_wconf 88' lang='lat' dir='ltr'>alias</span> <span class='ocrx_word' id='word_1_126' title='bbox 2666 1758 3023 1819; x_wconf 75' lang='lat' dir='ltr'>mercantias,</span> <span class='ocrx_word' id='word_1_127' title='bbox 3057 1761 3152 1820; x_wconf 88' lang='lat' dir='ltr'>vel</span> 
     </span>
     <span class='ocr_line' id='line_1_17' title="bbox 539 1859 3147 1945; baseline 0.002 -25"><span class='ocrx_word' id='word_1_128' title='bbox 539 1880 632 1920; x_wconf 89' lang='lat' dir='ltr'>res</span> <span class='ocrx_word' id='word_1_129' title='bbox 668 1879 775 1940; x_wconf 88' lang='lat' dir='ltr'>per</span> <span class='ocrx_word' id='word_1_130' title='bbox 807 1878 972 1920; x_wconf 89' lang='lat' dir='ltr'>mare</span> <span class='ocrx_word' id='word_1_131' title='bbox 1007 1860 1070 1919; x_wconf 91' lang='lat' dir='ltr'>in</span> <span class='ocrx_word' id='word_1_132' title='bbox 1105 1877 1324 1919; x_wconf 82' lang='lat' dir='ltr'>eorum</span> <span class='ocrx_word' id='word_1_133' title='bbox 1359 1859 1635 1930; x_wconf 85' lang='lat' dir='ltr'>navibus,</span> <span class='ocrx_word' id='word_1_134' title='bbox 1672 1859 2022 1921; x_wconf 83' lang='lat' dir='ltr'>triremibus</span> <span class='ocrx_word' id='word_1_135' title='bbox 2054 1877 2157 1919; x_wconf 89' lang='lat' dir='ltr'>aut</span> <span class='ocrx_word' id='word_1_136' title='bbox 2189 1861 2321 1921; x_wconf 89' lang='lat' dir='ltr'>aliis</span> <span class='ocrx_word' id='word_1_137' title='bbox 2344 1863 2617 1936; x_wconf 71' lang='lat' dir='ltr'>navigiis,</span> <span class='ocrx_word' id='word_1_138' title='bbox 2653 1865 2778 1923; x_wconf 91' lang='lat' dir='ltr'>sive</span> <span class='ocrx_word' id='word_1_139' title='bbox 2802 1884 2907 1945; x_wconf 87' lang='lat' dir='ltr'>per</span> <span class='ocrx_word' id='word_1_140' title='bbox 2927 1880 3147 1926; x_wconf 83' lang='lat' dir='ltr'>terram</span> 
     </span>
     <span class='ocr_line' id='line_1_18' title="bbox 539 1966 3135 2033; baseline 0.002 -5"><span class='ocrx_word' id='word_1_141' title='bbox 539 1988 684 2030; x_wconf 91' lang='lat' dir='ltr'>cum</span> <span class='ocrx_word' id='word_1_142' title='bbox 732 1967 916 2028; x_wconf 90' lang='lat' dir='ltr'>mulis</span> <span class='ocrx_word' id='word_1_143' title='bbox 961 1966 1056 2027; x_wconf 92' lang='lat' dir='ltr'>vel</span> <span class='ocrx_word' id='word_1_144' title='bbox 1099 1966 1230 2027; x_wconf 88' lang='lat' dir='ltr'>aliis</span> <span class='ocrx_word' id='word_1_145' title='bbox 1278 1966 1649 2027; x_wconf 88' lang='lat' dir='ltr'>animalibus</span> <span class='ocrx_word' id='word_1_146' title='bbox 1682 1966 1919 2026; x_wconf 87' lang='lat' dir='ltr'>deferre</span> <span class='ocrx_word' id='word_1_147' title='bbox 1952 1982 2058 2026; x_wconf 91' lang='lat' dir='ltr'>aut</span> <span class='ocrx_word' id='word_1_148' title='bbox 2090 1967 2436 2027; x_wconf 88' lang='lat' dir='ltr'>conducere</span> <span class='ocrx_word' id='word_1_149' title='bbox 2470 1988 2580 2029; x_wconf 88' lang='lat' dir='ltr'>seu</span> <span class='ocrx_word' id='word_1_150' title='bbox 2613 1970 2830 2030; x_wconf 90' lang='lat' dir='ltr'>deferri</span> <span class='ocrx_word' id='word_1_151' title='bbox 2863 1987 2968 2033; x_wconf 90' lang='lat' dir='ltr'>aut</span> <span class='ocrx_word' id='word_1_152' title='bbox 2999 1992 3135 2033; x_wconf 90' lang='lat' dir='ltr'>con·</span> 
     </span>
    </p>
   </div>
   <div class='ocr_carea' id='block_1_6' title="bbox 463 2072 3149 2153">
    <p class='ocr_par' dir='ltr' id='par_1_7' title="bbox 463 2072 3149 2153">
     <span class='ocr_line' id='line_1_19' title="bbox 463 2072 3149 2153; baseline -0.001 -13"><span class='ocrx_word' id='word_1_153' title='bbox 463 2110 479 2140; x_wconf 64' lang='lat'><em>³</em></span> <span class='ocrx_word' id='word_1_154' title='bbox 538 2077 678 2153; x_wconf 81' lang='lat' dir='ltr'>puci</span> <span class='ocrx_word' id='word_1_155' title='bbox 716 2077 929 2150; x_wconf 85' lang='lat' dir='ltr'>facere,</span> <span class='ocrx_word' id='word_1_156' title='bbox 961 2073 1055 2133; x_wconf 89' lang='lat' dir='ltr'>vel</span> <span class='ocrx_word' id='word_1_157' title='bbox 1089 2072 1284 2134; x_wconf 90' lang='lat' dir='ltr'>delata</span> <span class='ocrx_word' id='word_1_158' title='bbox 1319 2092 1429 2153; x_wconf 89' lang='lat' dir='ltr'>per</span> <span class='ocrx_word' id='word_1_159' title='bbox 1458 2073 1597 2133; x_wconf 91' lang='lat' dir='ltr'>illos</span> <span class='ocrx_word' id='word_1_160' title='bbox 1631 2074 1917 2152; x_wconf 90' lang='lat' dir='ltr'>recipere,</span> <span class='ocrx_word' id='word_1_161' title='bbox 1955 2073 2196 2152; x_wconf 90' lang='lat' dir='ltr'>publice</span> <span class='ocrx_word' id='word_1_162' title='bbox 2229 2075 2320 2133; x_wconf 91' lang='lat' dir='ltr'>vel</span> <span class='ocrx_word' id='word_1_163' title='bbox 2356 2077 2613 2146; x_wconf 82' lang='lat' dir='ltr'>occulte,</span> <span class='ocrx_word' id='word_1_164' title='bbox 2639 2092 2742 2136; x_wconf 93' lang='lat' dir='ltr'>aut</span> <span class='ocrx_word' id='word_1_165' title='bbox 2763 2078 2901 2137; x_wconf 88' lang='lat' dir='ltr'>talia</span> <span class='ocrx_word' id='word_1_166' title='bbox 2926 2078 3149 2138; x_wconf 86' lang='lat' dir='ltr'>facien·</span> 
     </span>
    </p>
   </div>
   <div class='ocr_carea' id='block_1_7' title="bbox 537 2178 3150 3118">
    <p class='ocr_par' dir='ltr' id='par_1_8' title="bbox 537 2178 3150 2795">
     <span class='ocr_line' id='line_1_20' title="bbox 537 2178 3148 2260; baseline 0 -17"><span class='ocrx_word' id='word_1_167' title='bbox 537 2184 698 2243; x_wconf 92' lang='lat' dir='ltr'>tibus</span> <span class='ocrx_word' id='word_1_168' title='bbox 730 2181 1045 2257; x_wconf 81' lang='lat' dir='ltr'>auxilium,</span> <span class='ocrx_word' id='word_1_169' title='bbox 1081 2179 1408 2240; x_wconf 88' lang='lat' dir='ltr'>consilium</span> <span class='ocrx_word' id='word_1_170' title='bbox 1443 2179 1538 2240; x_wconf 90' lang='lat' dir='ltr'>vel</span> <span class='ocrx_word' id='word_1_171' title='bbox 1571 2179 1863 2252; x_wconf 86' lang='lat' dir='ltr'>favorem,</span> <span class='ocrx_word' id='word_1_172' title='bbox 1911 2178 2151 2260; x_wconf 89' lang='lat' dir='ltr'>publice</span> <span class='ocrx_word' id='word_1_173' title='bbox 2186 2179 2280 2239; x_wconf 90' lang='lat' dir='ltr'>vel</span> <span class='ocrx_word' id='word_1_174' title='bbox 2312 2180 2571 2253; x_wconf 88' lang='lat' dir='ltr'>occulte,</span> <span class='ocrx_word' id='word_1_175' title='bbox 2604 2182 2828 2242; x_wconf 87' lang='lat' dir='ltr'>directe</span> <span class='ocrx_word' id='word_1_176' title='bbox 2862 2183 2955 2242; x_wconf 91' lang='lat' dir='ltr'>vel</span> <span class='ocrx_word' id='word_1_177' title='bbox 2988 2184 3148 2243; x_wconf 90' lang='lat' dir='ltr'>indi-</span> 
     </span>
     <span class='ocr_line' id='line_1_21' title="bbox 539 2286 3150 2368; baseline 0 -19"><span class='ocrx_word' id='word_1_178' title='bbox 539 2304 715 2358; x_wconf 84' lang='lat' dir='ltr'>recte,</span> <span class='ocrx_word' id='word_1_179' title='bbox 771 2288 992 2368; x_wconf 90' lang='lat' dir='ltr'>quovis</span> <span class='ocrx_word' id='word_1_180' title='bbox 1045 2286 1325 2366; x_wconf 87' lang='lat' dir='ltr'>quaesito</span> <span class='ocrx_word' id='word_1_181' title='bbox 1377 2288 1602 2362; x_wconf 89' lang='lat' dir='ltr'>colore,</span> <span class='ocrx_word' id='word_1_182' title='bbox 1656 2305 1764 2367; x_wconf 89' lang='lat' dir='ltr'>per</span> <span class='ocrx_word' id='word_1_183' title='bbox 1814 2306 1878 2346; x_wconf 90' lang='lat' dir='ltr'>se</span> <span class='ocrx_word' id='word_1_184' title='bbox 1929 2287 2024 2347; x_wconf 93' lang='lat' dir='ltr'>vel</span> <span class='ocrx_word' id='word_1_185' title='bbox 2071 2286 2258 2347; x_wconf 88' lang='lat' dir='ltr'>alium</span> <span class='ocrx_word' id='word_1_186' title='bbox 2310 2306 2417 2347; x_wconf 88' lang='lat' dir='ltr'>seu</span> <span class='ocrx_word' id='word_1_187' title='bbox 2466 2288 2635 2360; x_wconf 82' lang='lat' dir='ltr'>alios,</span> <span class='ocrx_word' id='word_1_188' title='bbox 2689 2293 3150 2368; x_wconf 90' lang='lat' dir='ltr'>quoquomodo</span> 
     </span>
     <span class='ocr_line' id='line_1_22' title="bbox 541 2393 3149 2477; baseline 0 -21"><span class='ocrx_word' id='word_1_189' title='bbox 541 2411 839 2477; x_wconf 88' lang='lat' dir='ltr'>praestare</span> <span class='ocrx_word' id='word_1_190' title='bbox 874 2410 1289 2474; x_wconf 88' lang='lat' dir='ltr'>praesumant.</span> <span class='ocrx_word' id='word_1_191' title='bbox 1325 2393 1517 2468; x_wconf 90' lang='lat' dir='ltr'>Quod</span> <span class='ocrx_word' id='word_1_192' title='bbox 1551 2394 1599 2454; x_wconf 92' lang='lat' dir='ltr'>si</span> <span class='ocrx_word' id='word_1_193' title='bbox 1635 2393 1910 2467; x_wconf 86' lang='lat' dir='ltr'>fecerint,</span> <span class='ocrx_word' id='word_1_194' title='bbox 1936 2393 2093 2455; x_wconf 90' lang='lat' dir='ltr'>ultra</span> <span class='ocrx_word' id='word_1_195' title='bbox 2117 2395 2770 2456; x_wconf 88' lang='lat' dir='ltr'>excommunicationis</span> <span class='ocrx_word' id='word_1_196' title='bbox 2792 2397 3149 2476; x_wconf 87' lang='lat' dir='ltr'>praedictae,</span> 
     </span>
     <span class='ocr_line' id='line_1_23' title="bbox 540 2500 3146 2583; baseline 0 -20"><span class='ocrx_word' id='word_1_197' title='bbox 540 2503 718 2564; x_wconf 89' lang='lat' dir='ltr'>etiam</span> <span class='ocrx_word' id='word_1_198' title='bbox 766 2500 1057 2562; x_wconf 85' lang='lat' dir='ltr'>nullitatis</span> <span class='ocrx_word' id='word_1_199' title='bbox 1105 2515 1555 2574; x_wconf 88' lang='lat' dir='ltr'>contractuum,</span> <span class='ocrx_word' id='word_1_200' title='bbox 1610 2521 1773 2580; x_wconf 90' lang='lat' dir='ltr'>quos</span> <span class='ocrx_word' id='word_1_201' title='bbox 1818 2500 2061 2576; x_wconf 88' lang='lat' dir='ltr'>inirent,</span> <span class='ocrx_word' id='word_1_202' title='bbox 2111 2520 2221 2561; x_wconf 90' lang='lat' dir='ltr'>nec</span> <span class='ocrx_word' id='word_1_203' title='bbox 2271 2521 2398 2562; x_wconf 91' lang='lat' dir='ltr'>non</span> <span class='ocrx_word' id='word_1_204' title='bbox 2433 2502 2794 2583; x_wconf 90' lang='lat' dir='ltr'>perditionis</span> <span class='ocrx_word' id='word_1_205' title='bbox 2828 2503 3146 2574; x_wconf 88' lang='lat' dir='ltr'>mercium,</span> 
     </span>
     <span class='ocr_line' id='line_1_24' title="bbox 538 2607 3149 2690; baseline 0.002 -23"><span class='ocrx_word' id='word_1_206' title='bbox 538 2608 892 2670; x_wconf 88' lang='lat' dir='ltr'>victualium</span> <span class='ocrx_word' id='word_1_207' title='bbox 940 2623 998 2668; x_wconf 88' lang='lat' dir='ltr'>et</span> <span class='ocrx_word' id='word_1_208' title='bbox 1044 2610 1360 2669; x_wconf 91' lang='lat' dir='ltr'>bonorum</span> <span class='ocrx_word' id='word_1_209' title='bbox 1392 2607 1676 2668; x_wconf 89' lang='lat' dir='ltr'>omnium</span> <span class='ocrx_word' id='word_1_210' title='bbox 1712 2607 2078 2686; x_wconf 88' lang='lat' dir='ltr'>delatorum,</span> <span class='ocrx_word' id='word_1_211' title='bbox 2127 2627 2288 2687; x_wconf 89' lang='lat' dir='ltr'>quae</span> <span class='ocrx_word' id='word_1_212' title='bbox 2321 2608 2691 2690; x_wconf 86' lang='lat' dir='ltr'>capientium</span> <span class='ocrx_word' id='word_1_213' title='bbox 2724 2608 2887 2676; x_wconf 80' lang='lat' dir='ltr'>flant,</span> <span class='ocrx_word' id='word_1_214' title='bbox 2922 2629 3149 2689; x_wconf 87' lang='lat' dir='ltr'>poenas</span> 
     </span>
     <span class='ocr_line' id='line_1_25' title="bbox 537 2716 1457 2795; baseline -0.001 -19"><span class='ocrx_word' id='word_1_215' title='bbox 537 2716 810 2778; x_wconf 90' lang='lat' dir='ltr'>similiter</span> <span class='ocrx_word' id='word_1_216' title='bbox 843 2736 918 2776; x_wconf 90' lang='lat' dir='ltr'>eo</span> <span class='ocrx_word' id='word_1_217' title='bbox 953 2716 1088 2795; x_wconf 91' lang='lat' dir='ltr'>ipso</span> <span class='ocrx_word' id='word_1_218' title='bbox 1123 2716 1457 2776; x_wconf 88' lang='lat' dir='ltr'>incurrant.</span> 
     </span>
    </p>

    <p class='ocr_par' dir='ltr' id='par_1_9' title="bbox 538 2822 3149 3118">
     <span class='ocr_line' id='line_1_26' title="bbox 751 2822 3147 2902; baseline 0 -19"><span class='ocrx_word' id='word_1_219' title='bbox 751 2833 779 2891; x_wconf 85' lang='lat'>§</span> <span class='ocrx_word' id='word_1_220' title='bbox 826 2843 916 2902; x_wconf 83' lang='lat'>13.</span> <span class='ocrx_word' id='word_1_221' title='bbox 979 2823 1297 2901; x_wconf 87' lang='lat' dir='ltr'>Ceterum,</span> <span class='ocrx_word' id='word_1_222' title='bbox 1332 2822 1474 2901; x_wconf 89' lang='lat' dir='ltr'>quia</span> <span class='ocrx_word' id='word_1_223' title='bbox 1508 2823 1839 2883; x_wconf 89' lang='lat' dir='ltr'>convenire</span> <span class='ocrx_word' id='word_1_224' title='bbox 1874 2842 2004 2883; x_wconf 91' lang='lat' dir='ltr'>non</span> <span class='ocrx_word' id='word_1_225' title='bbox 2038 2823 2279 2883; x_wconf 83' lang='lat' dir='ltr'>videtur</span> <span class='ocrx_word' id='word_1_226' title='bbox 2311 2838 2375 2883; x_wconf 91' lang='lat' dir='ltr'>ut</span> <span class='ocrx_word' id='word_1_227' title='bbox 2407 2842 2551 2884; x_wconf 90' lang='lat' dir='ltr'>cum</span> <span class='ocrx_word' id='word_1_228' title='bbox 2571 2823 2665 2884; x_wconf 90' lang='lat' dir='ltr'>his</span> <span class='ocrx_word' id='word_1_229' title='bbox 2687 2823 2793 2902; x_wconf 86' lang='lat' dir='ltr'>qui</span> <span class='ocrx_word' id='word_1_230' title='bbox 2816 2824 3147 2884; x_wconf 52' lang='lat' dir='ltr'>Ecclesiam</span> 
     </span>
     <span class='ocr_line' id='line_1_27' title="bbox 538 2928 3145 3010; baseline 0.001 -20"><span class='ocrx_word' id='word_1_231' title='bbox 538 2946 963 3004; x_wconf 88' lang='lat' dir='ltr'>contemnunt,</span> <span class='ocrx_word' id='word_1_232' title='bbox 1011 2929 1160 2990; x_wconf 91' lang='lat' dir='ltr'>dum</span> <span class='ocrx_word' id='word_1_233' title='bbox 1210 2928 1561 3009; x_wconf 89' lang='lat' dir='ltr'>praesertim</span> <span class='ocrx_word' id='word_1_234' title='bbox 1607 2949 1677 2989; x_wconf 83' lang='lat' dir='ltr'>ex</span> <span class='ocrx_word' id='word_1_235' title='bbox 1727 2948 1949 2991; x_wconf 89' lang='lat' dir='ltr'>eorum</span> <span class='ocrx_word' id='word_1_236' title='bbox 1983 2930 2314 3009; x_wconf 85' lang='lat' dir='ltr'>pertinacia</span> <span class='ocrx_word' id='word_1_237' title='bbox 2344 2950 2484 3010; x_wconf 89' lang='lat' dir='ltr'>spes</span> <span class='ocrx_word' id='word_1_238' title='bbox 2517 2929 2981 3008; x_wconf 83' lang='lat' dir='ltr'>corrigibilitatis</span> <span class='ocrx_word' id='word_1_239' title='bbox 3016 2950 3145 2992; x_wconf 92' lang='lat' dir='ltr'>non</span> 
     </span>
     <span class='ocr_line' id='line_1_28' title="bbox 541 3036 3149 3118; baseline 0 -19"><span class='ocrx_word' id='word_1_240' title='bbox 541 3041 815 3109; x_wconf 88' lang='lat' dir='ltr'>habetur,</span> <span class='ocrx_word' id='word_1_241' title='bbox 868 3038 929 3098; x_wconf 91' lang='lat' dir='ltr'>hi</span> <span class='ocrx_word' id='word_1_242' title='bbox 982 3036 1090 3117; x_wconf 91' lang='lat' dir='ltr'>qui</span> <span class='ocrx_word' id='word_1_243' title='bbox 1140 3036 1357 3097; x_wconf 87' lang='lat' dir='ltr'>divinis</span> <span class='ocrx_word' id='word_1_244' title='bbox 1407 3036 1723 3115; x_wconf 87' lang='lat' dir='ltr'>obsequiis</span> <span class='ocrx_word' id='word_1_245' title='bbox 1769 3052 2002 3107; x_wconf 90' lang='lat' dir='ltr'>vacant,</span> <span class='ocrx_word' id='word_1_246' title='bbox 2049 3053 2512 3113; x_wconf 88' lang='lat' dir='ltr'>conversentur,</span> <span class='ocrx_word' id='word_1_247' title='bbox 2563 3039 2736 3118; x_wconf 91' lang='lat' dir='ltr'>quod</span> <span class='ocrx_word' id='word_1_248' title='bbox 2783 3038 2962 3098; x_wconf 87' lang='lat' dir='ltr'>etiam</span> <span class='ocrx_word' id='word_1_249' title='bbox 3011 3038 3149 3099; x_wconf 91' lang='lat' dir='ltr'>illos</span> 
     </span>
    </p>
   </div>
   <div class='ocr_carea' id='block_1_8' title="bbox 432 3142 3145 3226">
    <p class='ocr_par' dir='ltr' id='par_1_10' title="bbox 432 3142 3145 3226">
     <span class='ocr_line' id='line_1_29' title="bbox 432 3142 3145 3226; baseline -0.001 -18"><span class='ocrx_word' id='word_1_250' title='bbox 432 3179 478 3220; x_wconf 57' lang='grc' dir='ltr'>ες</span> <span class='ocrx_word' id='word_1_251' title='bbox 540 3145 732 3206; x_wconf 86' lang='lat' dir='ltr'>facere</span> <span class='ocrx_word' id='word_1_252' title='bbox 765 3164 894 3204; x_wconf 91' lang='lat' dir='ltr'>non</span> <span class='ocrx_word' id='word_1_253' title='bbox 927 3163 1107 3223; x_wconf 88' lang='lat' dir='ltr'>posse</span> <span class='ocrx_word' id='word_1_254' title='bbox 1142 3142 1553 3204; x_wconf 89' lang='lat' dir='ltr'>dubitandum</span> <span class='ocrx_word' id='word_1_255' title='bbox 1588 3158 1695 3217; x_wconf 91' lang='lat' dir='ltr'>est,</span> <span class='ocrx_word' id='word_1_256' title='bbox 1727 3144 2013 3204; x_wconf 89' lang='lat' dir='ltr'>omnium</span> <span class='ocrx_word' id='word_1_257' title='bbox 2047 3158 2106 3204; x_wconf 89' lang='lat' dir='ltr'>et</span> <span class='ocrx_word' id='word_1_258' title='bbox 2125 3144 2514 3223; x_wconf 86' lang='lat' dir='ltr'>singularum</span> <span class='ocrx_word' id='word_1_259' title='bbox 2536 3145 3145 3226; x_wconf 86' lang='lat' dir='ltr'>metropolitanarum</span> 
     </span>
    </p>
   </div>
   <div class='ocr_carea' id='block_1_9' title="bbox 429 3713 482 3744">
    <p class='ocr_par' dir='ltr' id='par_1_11' title="bbox 429 3713 482 3744">
     <span class='ocr_line' id='line_1_30' title="bbox 429 3713 482 3744; baseline -0.019 0"><span class='ocrx_word' id='word_1_260' title='bbox 429 3713 482 3744; x_wconf 67' lang='lat'>‘20</span> 
     </span>
    </p>
   </div>
   <div class='ocr_carea' id='block_1_10' title="bbox 536 3249 3147 4188">
    <p class='ocr_par' dir='ltr' id='par_1_12' title="bbox 536 3249 3147 4188">
     <span class='ocr_line' id='line_1_31' title="bbox 538 3249 3145 3329; baseline 0 -17"><span class='ocrx_word' id='word_1_261' title='bbox 538 3268 594 3313; x_wconf 82' lang='lat' dir='ltr'>et</span> <span class='ocrx_word' id='word_1_262' title='bbox 638 3251 893 3311; x_wconf 87' lang='lat' dir='ltr'>aliarum</span> <span class='ocrx_word' id='word_1_263' title='bbox 941 3249 1382 3311; x_wconf 86' lang='lat' dir='ltr'>cathedralium</span> <span class='ocrx_word' id='word_1_264' title='bbox 1427 3266 1932 3329; x_wconf 88' lang='lat' dir='ltr'>caeterarumque</span> <span class='ocrx_word' id='word_1_265' title='bbox 1977 3250 2346 3310; x_wconf 86' lang='lat' dir='ltr'>tnferiorum</span> <span class='ocrx_word' id='word_1_266' title='bbox 2393 3250 2785 3312; x_wconf 87' lang='lat' dir='ltr'>ecclesiarum</span> <span class='ocrx_word' id='word_1_267' title='bbox 2836 3268 2894 3312; x_wconf 91' lang='lat' dir='ltr'>et</span> <span class='ocrx_word' id='word_1_268' title='bbox 2927 3272 3145 3314; x_wconf 89' lang='lat' dir='ltr'>mona-</span> 
     </span>
     <span class='ocr_line' id='line_1_32' title="bbox 536 3355 3144 3439; baseline 0.001 -21"><span class='ocrx_word' id='word_1_269' title='bbox 536 3358 880 3433; x_wconf 88' lang='lat' dir='ltr'>steriorum,</span> <span class='ocrx_word' id='word_1_270' title='bbox 928 3355 1266 3417; x_wconf 91' lang='lat' dir='ltr'>domorum</span> <span class='ocrx_word' id='word_1_271' title='bbox 1313 3372 1371 3415; x_wconf 92' lang='lat' dir='ltr'>et</span> <span class='ocrx_word' id='word_1_272' title='bbox 1419 3356 1702 3416; x_wconf 90' lang='lat' dir='ltr'>locorum</span> <span class='ocrx_word' id='word_1_273' title='bbox 1750 3356 2176 3435; x_wconf 84' lang='lat' dir='ltr'>religiosorum</span> <span class='ocrx_word' id='word_1_274' title='bbox 2223 3371 2281 3416; x_wconf 91' lang='lat' dir='ltr'>et</span> <span class='ocrx_word' id='word_1_275' title='bbox 2315 3356 2560 3437; x_wconf 88' lang='lat' dir='ltr'>piorum</span> <span class='ocrx_word' id='word_1_276' title='bbox 2594 3377 3144 3439; x_wconf 86' lang='lat' dir='ltr'>quorumcunque,</span> 
     </span>
     <span class='ocr_line' id='line_1_33' title="bbox 537 3462 3146 3543; baseline -0 -16"><span class='ocrx_word' id='word_1_277' title='bbox 537 3467 718 3527; x_wconf 90' lang='lat' dir='ltr'>etiam</span> <span class='ocrx_word' id='word_1_278' title='bbox 765 3465 825 3526; x_wconf 91' lang='lat' dir='ltr'>S.</span> <span class='ocrx_word' id='word_1_279' title='bbox 865 3463 1214 3543; x_wconf 82' lang='lat' dir='ltr'>Augustini,</span> <span class='ocrx_word' id='word_1_280' title='bbox 1260 3462 1320 3522; x_wconf 89' lang='lat' dir='ltr'>S.</span> <span class='ocrx_word' id='word_1_281' title='bbox 1367 3463 1703 3539; x_wconf 90' lang='lat' dir='ltr'>Benedicti,</span> <span class='ocrx_word' id='word_1_282' title='bbox 1754 3462 2202 3537; x_wconf 76' lang='lat' dir='ltr'>CluniacensiS,</span> <span class='ocrx_word' id='word_1_283' title='bbox 2248 3463 2688 3531; x_wconf 84' lang='lat' dir='ltr'>Cisterciensis,</span> <span class='ocrx_word' id='word_1_284' title='bbox 2738 3466 3146 3526; x_wconf 85' lang='lat' dir='ltr'>Praemostra-</span> 
     </span>
     <span class='ocr_line' id='line_1_34' title="bbox 537 3569 3146 3650; baseline -0 -17"><span class='ocrx_word' id='word_1_285' title='bbox 537 3573 742 3647; x_wconf 88' lang='lat' dir='ltr'>tensis,</span> <span class='ocrx_word' id='word_1_286' title='bbox 774 3593 842 3633; x_wconf 90' lang='lat' dir='ltr'>ac</span> <span class='ocrx_word' id='word_1_287' title='bbox 876 3571 1392 3639; x_wconf 84' lang='lat' dir='ltr'>Praedicatorum,</span> <span class='ocrx_word' id='word_1_288' title='bbox 1430 3570 1769 3645; x_wconf 90' lang='lat' dir='ltr'>Minorum,</span> <span class='ocrx_word' id='word_1_289' title='bbox 1791 3570 2262 3631; x_wconf 89' lang='lat' dir='ltr'>Carmelitarum</span> <span class='ocrx_word' id='word_1_290' title='bbox 2286 3569 2676 3650; x_wconf 88' lang='lat' dir='ltr'>aliorumque</span> <span class='ocrx_word' id='word_1_291' title='bbox 2697 3590 3146 3650; x_wconf 86' lang='lat' dir='ltr'>quorumcum-</span> 
     </span>
     <span class='ocr_line' id='line_1_35' title="bbox 537 3677 3147 3760; baseline -0 -19"><span class='ocrx_word' id='word_1_292' title='bbox 537 3700 660 3760; x_wconf 91' lang='lat' dir='ltr'>que</span> <span class='ocrx_word' id='word_1_293' title='bbox 711 3680 1022 3740; x_wconf 88' lang='lat' dir='ltr'>Ordinum</span> <span class='ocrx_word' id='word_1_294' title='bbox 1076 3694 1133 3738; x_wconf 92' lang='lat' dir='ltr'>et</span> <span class='ocrx_word' id='word_1_295' title='bbox 1182 3678 1560 3752; x_wconf 88' lang='lat' dir='ltr'>Militiarum,</span> <span class='ocrx_word' id='word_1_296' title='bbox 1615 3677 1796 3738; x_wconf 89' lang='lat' dir='ltr'>etiam</span> <span class='ocrx_word' id='word_1_297' title='bbox 1851 3677 2187 3756; x_wconf 86' lang='lat' dir='ltr'>Hospitalis</span> <span class='ocrx_word' id='word_1_298' title='bbox 2237 3677 2803 3757; x_wconf 82' lang='lat' dir='ltr'>Hierosolymitani,</span> <span class='ocrx_word' id='word_1_299' title='bbox 2851 3679 3147 3758; x_wconf 75' lang='lat' dir='ltr'>praelatiS,</span> 
     </span>
     <span class='ocr_line' id='line_1_36' title="bbox 536 3784 3146 3867; baseline 0 -21"><span class='ocrx_word' id='word_1_300' title='bbox 536 3787 875 3860; x_wconf 83' lang='lat' dir='ltr'>abbatibus,</span> <span class='ocrx_word' id='word_1_301' title='bbox 913 3785 1238 3866; x_wconf 89' lang='lat' dir='ltr'>prioribus,</span> <span class='ocrx_word' id='word_1_302' title='bbox 1273 3784 1790 3865; x_wconf 79' lang='lat' dir='ltr'>praeceptoribuS,</span> <span class='ocrx_word' id='word_1_303' title='bbox 1817 3784 2197 3865; x_wconf 88' lang='lat' dir='ltr'>praepositis,</span> <span class='ocrx_word' id='word_1_304' title='bbox 2221 3784 2536 3863; x_wconf 79' lang='lat' dir='ltr'>ministriS,</span> <span class='ocrx_word' id='word_1_305' title='bbox 2559 3784 2941 3864; x_wconf 86' lang='lat' dir='ltr'>custodibus,</span> <span class='ocrx_word' id='word_1_306' title='bbox 2963 3806 3146 3867; x_wconf 84' lang='lat' dir='ltr'>guar-</span> 
     </span>
     <span class='ocr_line' id='line_1_37' title="bbox 536 3890 3143 3971; baseline -0 -17"><span class='ocrx_word' id='word_1_307' title='bbox 536 3894 753 3959; x_wconf 80' lang='lat' dir='ltr'>dianis,</span> <span class='ocrx_word' id='word_1_308' title='bbox 785 3892 1216 3968; x_wconf 83' lang='lat' dir='ltr'>conventibus,</span> <span class='ocrx_word' id='word_1_309' title='bbox 1254 3891 1527 3953; x_wconf 88' lang='lat' dir='ltr'>monacis</span> <span class='ocrx_word' id='word_1_310' title='bbox 1560 3907 1618 3951; x_wconf 92' lang='lat' dir='ltr'>et</span> <span class='ocrx_word' id='word_1_311' title='bbox 1649 3890 1983 3964; x_wconf 88' lang='lat' dir='ltr'>canonicis,</span> <span class='ocrx_word' id='word_1_312' title='bbox 2018 3910 2264 3952; x_wconf 88' lang='lat' dir='ltr'>necnon</span> <span class='ocrx_word' id='word_1_313' title='bbox 2287 3891 2730 3971; x_wconf 86' lang='lat' dir='ltr'>parochialium</span> <span class='ocrx_word' id='word_1_314' title='bbox 2753 3892 3143 3953; x_wconf 87' lang='lat' dir='ltr'>ecclesiarum</span> 
     </span>
     <span class='ocr_line' id='line_1_38' title="bbox 536 3998 3143 4079; baseline -0 -18"><span class='ocrx_word' id='word_1_315' title='bbox 536 4001 876 4061; x_wconf 90' lang='lat' dir='ltr'>rectoribus</span> <span class='ocrx_word' id='word_1_316' title='bbox 920 3999 1176 4078; x_wconf 89' lang='lat' dir='ltr'>aliisque</span> <span class='ocrx_word' id='word_1_317' title='bbox 1211 3999 1714 4078; x_wconf 89' lang='lat' dir='ltr'>quibuscumque</span> <span class='ocrx_word' id='word_1_318' title='bbox 1749 3999 2023 4079; x_wconf 88' lang='lat' dir='ltr'>prrsonis</span> <span class='ocrx_word' id='word_1_319' title='bbox 2057 3998 2493 4075; x_wconf 89' lang='lat' dir='ltr'>ecclesiasticis,</span> <span class='ocrx_word' id='word_1_320' title='bbox 2529 3999 2592 4059; x_wconf 94' lang='lat' dir='ltr'>in</span> <span class='ocrx_word' id='word_1_321' title='bbox 2626 4018 2821 4078; x_wconf 78' lang='lat' dir='ltr'>regno</span> <span class='ocrx_word' id='word_1_322' title='bbox 2853 4016 2912 4059; x_wconf 92' lang='lat' dir='ltr'>et</span> <span class='ocrx_word' id='word_1_323' title='bbox 2944 4001 3143 4060; x_wconf 91' lang='lat' dir='ltr'>domi-</span> 
     </span>
     <span class='ocr_line' id='line_1_39' title="bbox 536 4105 3145 4188; baseline -0.001 -19"><span class='ocrx_word' id='word_1_324' title='bbox 536 4109 657 4169; x_wconf 90' lang='lat' dir='ltr'>niis</span> <span class='ocrx_word' id='word_1_325' title='bbox 708 4107 1028 4188; x_wconf 88' lang='lat' dir='ltr'>praedictis</span> <span class='ocrx_word' id='word_1_326' title='bbox 1075 4106 1624 4181; x_wconf 88' lang='lat' dir='ltr'>commorantibus,</span> <span class='ocrx_word' id='word_1_327' title='bbox 1675 4109 1791 4165; x_wconf 89' lang='lat' dir='ltr'>sub</span> <span class='ocrx_word' id='word_1_328' title='bbox 1839 4105 2503 4166; x_wconf 79' lang='lat' dir='ltr'>excommunicationis</span> <span class='ocrx_word' id='word_1_329' title='bbox 2549 4127 2617 4166; x_wconf 90' lang='lat' dir='ltr'>ac</span> <span class='ocrx_word' id='word_1_330' title='bbox 2650 4106 3008 4185; x_wconf 88' lang='lat' dir='ltr'>privationis</span> <span class='ocrx_word' id='word_1_331' title='bbox 3040 4108 3145 4167; x_wconf 91' lang='lat' dir='ltr'>ad-</span> 
     </span>
    </p>
   </div>
   <div class='ocr_carea' id='block_1_11' title="bbox 429 4212 3144 4293">
    <p class='ocr_par' dir='ltr' id='par_1_13' title="bbox 429 4212 3144 4293">
     <span class='ocr_line' id='line_1_40' title="bbox 429 4212 3144 4293; baseline -0.002 -14"><span class='ocrx_word' id='word_1_332' title='bbox 429 4245 476 4287; x_wconf 71' lang='lat'>‘33</span> <span class='ocrx_word' id='word_1_333' title='bbox 536 4216 1059 4277; x_wconf 87' lang='lat' dir='ltr'>ministrationum</span> <span class='ocrx_word' id='word_1_334' title='bbox 1109 4229 1166 4273; x_wconf 93' lang='lat' dir='ltr'>et</span> <span class='ocrx_word' id='word_1_335' title='bbox 1227 4213 1603 4290; x_wconf 83' lang='lat' dir='ltr'>regiminum</span> <span class='ocrx_word' id='word_1_336' title='bbox 1667 4212 2206 4288; x_wconf 90' lang='lat' dir='ltr'>monasteriorum,</span> <span class='ocrx_word' id='word_1_337' title='bbox 2269 4213 2657 4291; x_wconf 85' lang='lat' dir='ltr'>dignitatum,</span> <span class='ocrx_word' id='word_1_338' title='bbox 2724 4229 3144 4293; x_wconf 90' lang='lat' dir='ltr'>personatum,</span> 
     </span>
    </p>
   </div>
   <div class='ocr_carea' id='block_1_12' title="bbox 535 4318 3146 5047">
    <p class='ocr_par' dir='ltr' id='par_1_14' title="bbox 535 4318 3146 5047">
     <span class='ocr_line' id='line_1_41' title="bbox 535 4318 3146 4401; baseline -0 -18"><span class='ocrx_word' id='word_1_339' title='bbox 535 4321 1138 4383; x_wconf 89' lang='lat' dir='ltr'>administrationum</span> <span class='ocrx_word' id='word_1_340' title='bbox 1190 4340 1256 4379; x_wconf 90' lang='lat' dir='ltr'>ac</span> <span class='ocrx_word' id='word_1_341' title='bbox 1304 4318 1658 4379; x_wconf 87' lang='lat' dir='ltr'>officiorum</span> <span class='ocrx_word' id='word_1_342' title='bbox 1691 4318 2298 4399; x_wconf 87' lang='lat' dir='ltr'>canonicatuumque</span> <span class='ocrx_word' id='word_1_343' title='bbox 2329 4337 2388 4380; x_wconf 89' lang='lat' dir='ltr'>et</span> <span class='ocrx_word' id='word_1_344' title='bbox 2421 4321 2930 4400; x_wconf 83' lang='lat' dir='ltr'>praebendarum,</span> <span class='ocrx_word' id='word_1_345' title='bbox 2967 4341 3146 4401; x_wconf 88' lang='lat' dir='ltr'>paro-</span> 
     </span>
     <span class='ocr_line' id='line_1_42' title="bbox 535 4425 3144 4507; baseline -0.001 -18"><span class='ocrx_word' id='word_1_346' title='bbox 535 4429 826 4490; x_wconf 89' lang='lat' dir='ltr'>chialium</span> <span class='ocrx_word' id='word_1_347' title='bbox 879 4426 1273 4487; x_wconf 81' lang='lat' dir='ltr'>ecclesiarum</span> <span class='ocrx_word' id='word_1_348' title='bbox 1325 4441 1384 4485; x_wconf 93' lang='lat' dir='ltr'>et</span> <span class='ocrx_word' id='word_1_349' title='bbox 1433 4425 1698 4486; x_wconf 90' lang='lat' dir='ltr'>aliorum</span> <span class='ocrx_word' id='word_1_350' title='bbox 1753 4425 2195 4487; x_wconf 88' lang='lat' dir='ltr'>beneficiorum</span> <span class='ocrx_word' id='word_1_351' title='bbox 2244 4427 2794 4489; x_wconf 89' lang='lat' dir='ltr'>ecclesiasticorum</span> <span class='ocrx_word' id='word_1_352' title='bbox 2842 4447 3144 4507; x_wconf 88' lang='lat' dir='ltr'>quorum-</span> 
     </span>
     <span class='ocr_line' id='line_1_43' title="bbox 536 4531 3144 4615; baseline -0.001 -19"><span class='ocrx_word' id='word_1_353' title='bbox 536 4554 825 4615; x_wconf 86' lang='lat' dir='ltr'>cumque,</span> <span class='ocrx_word' id='word_1_354' title='bbox 871 4534 1347 4614; x_wconf 90' lang='lat' dir='ltr'>quomodolibet</span> <span class='ocrx_word' id='word_1_355' title='bbox 1386 4531 1899 4612; x_wconf 87' lang='lat' dir='ltr'>qualificatorum,</span> <span class='ocrx_word' id='word_1_356' title='bbox 1937 4553 2045 4613; x_wconf 92' lang='lat' dir='ltr'>per</span> <span class='ocrx_word' id='word_1_357' title='bbox 2076 4553 2185 4595; x_wconf 88' lang='lat' dir='ltr'>eos</span> <span class='ocrx_word' id='word_1_358' title='bbox 2217 4535 2690 4614; x_wconf 89' lang='lat' dir='ltr'>quomodolibet</span> <span class='ocrx_word' id='word_1_359' title='bbox 2724 4538 3144 4605; x_wconf 85' lang='lat' dir='ltr'>obtentorum,</span> 
     </span>
     <span class='ocr_line' id='line_1_44' title="bbox 538 4639 3145 4723; baseline 0 -21"><span class='ocrx_word' id='word_1_360' title='bbox 538 4642 772 4723; x_wconf 77' lang='lat' dir='ltr'>poeniS,</span> <span class='ocrx_word' id='word_1_361' title='bbox 823 4642 1195 4702; x_wconf 87' lang='lat' dir='ltr'>mandamus</span> <span class='ocrx_word' id='word_1_362' title='bbox 1246 4656 1574 4721; x_wconf 75' lang='lat' dir='ltr'>quatenuS,</span> <span class='ocrx_word' id='word_1_363' title='bbox 1627 4639 1779 4700; x_wconf 87' lang='lat' dir='ltr'>infra</span> <span class='ocrx_word' id='word_1_364' title='bbox 1834 4639 2115 4719; x_wconf 90' lang='lat' dir='ltr'>quinque</span> <span class='ocrx_word' id='word_1_365' title='bbox 2166 4641 2295 4701; x_wconf 89' lang='lat' dir='ltr'>dies</span> <span class='ocrx_word' id='word_1_366' title='bbox 2340 4659 2478 4722; x_wconf 89' lang='lat' dir='ltr'>post</span> <span class='ocrx_word' id='word_1_367' title='bbox 2523 4661 2743 4702; x_wconf 91' lang='lat' dir='ltr'>omnes</span> <span class='ocrx_word' id='word_1_368' title='bbox 2775 4657 2834 4702; x_wconf 91' lang='lat' dir='ltr'>et</span> <span class='ocrx_word' id='word_1_369' title='bbox 2864 4642 3145 4721; x_wconf 84' lang='lat' dir='ltr'>singulos</span> 
     </span>
     <span class='ocr_line' id='line_1_45' title="bbox 539 4747 3144 4830; baseline -0 -21"><span class='ocrx_word' id='word_1_370' title='bbox 539 4750 740 4809; x_wconf 89' lang='lat' dir='ltr'>minos</span> <span class='ocrx_word' id='word_1_371' title='bbox 773 4749 1115 4830; x_wconf 89' lang='lat' dir='ltr'>praedictos</span> <span class='ocrx_word' id='word_1_372' title='bbox 1146 4748 1412 4829; x_wconf 77' lang='lat' dir='ltr'>elapSOS,</span> <span class='ocrx_word' id='word_1_373' title='bbox 1446 4748 1522 4807; x_wconf 94' lang='lat' dir='ltr'>de</span> <span class='ocrx_word' id='word_1_374' title='bbox 1554 4747 1699 4827; x_wconf 89' lang='lat' dir='ltr'>ipsis</span> <span class='ocrx_word' id='word_1_375' title='bbox 1733 4765 1927 4825; x_wconf 86' lang='lat' dir='ltr'>regno</span> <span class='ocrx_word' id='word_1_376' title='bbox 1961 4762 2019 4807; x_wconf 90' lang='lat' dir='ltr'>et</span> <span class='ocrx_word' id='word_1_377' title='bbox 2050 4747 2362 4825; x_wconf 76' lang='lat' dir='ltr'>dominiiS,</span> <span class='ocrx_word' id='word_1_378' title='bbox 2398 4749 2664 4809; x_wconf 87' lang='lat' dir='ltr'>dimissis</span> <span class='ocrx_word' id='word_1_379' title='bbox 2694 4765 2902 4809; x_wconf 88' lang='lat' dir='ltr'>tamen</span> <span class='ocrx_word' id='word_1_380' title='bbox 2922 4749 3144 4829; x_wconf 88' lang='lat' dir='ltr'>aliqui·</span> 
     </span>
     <span class='ocr_line' id='line_1_46' title="bbox 537 4856 3145 4941; baseline -0.002 -21"><span class='ocrx_word' id='word_1_381' title='bbox 537 4864 650 4920; x_wconf 90' lang='lat' dir='ltr'>bus</span> <span class='ocrx_word' id='word_1_382' title='bbox 698 4858 1062 4941; x_wconf 81' lang='lat' dir='ltr'>presbyteris</span> <span class='ocrx_word' id='word_1_383' title='bbox 1111 4859 1176 4918; x_wconf 91' lang='lat' dir='ltr'>in</span> <span class='ocrx_word' id='word_1_384' title='bbox 1224 4857 1511 4933; x_wconf 78' lang='lat' dir='ltr'>ecclesiiS,</span> <span class='ocrx_word' id='word_1_385' title='bbox 1561 4874 1838 4936; x_wconf 90' lang='lat' dir='ltr'>quorum</span> <span class='ocrx_word' id='word_1_386' title='bbox 1885 4874 2095 4916; x_wconf 89' lang='lat' dir='ltr'>curam</span> <span class='ocrx_word' id='word_1_387' title='bbox 2131 4857 2473 4930; x_wconf 88' lang='lat' dir='ltr'>habuerint,</span> <span class='ocrx_word' id='word_1_388' title='bbox 2508 4876 2620 4937; x_wconf 88' lang='lat' dir='ltr'>pro</span> <span class='ocrx_word' id='word_1_389' title='bbox 2654 4856 3145 4917; x_wconf 89' lang='lat' dir='ltr'>administrando</span> 
     </span>
     <span class='ocr_line' id='line_1_47' title="bbox 537 4961 3145 5047; baseline -0.002 -20"><span class='ocrx_word' id='word_1_390' title='bbox 537 4966 895 5047; x_wconf 82' lang='lat' dir='ltr'>baptismate</span> <span class='ocrx_word' id='word_1_391' title='bbox 944 4964 1227 5046; x_wconf 75' lang='lat' dir='ltr'>parvuliS,</span> <span class='ocrx_word' id='word_1_392' title='bbox 1273 4980 1331 5025; x_wconf 92' lang='lat' dir='ltr'>et</span> <span class='ocrx_word' id='word_1_393' title='bbox 1364 4961 1737 5044; x_wconf 89' lang='lat' dir='ltr'>poenitentia</span> <span class='ocrx_word' id='word_1_394' title='bbox 1773 4961 2230 5035; x_wconf 81' lang='lat' dir='ltr'>decedentibus,</span> <span class='ocrx_word' id='word_1_395' title='bbox 2263 4982 2330 5022; x_wconf 92' lang='lat' dir='ltr'>ac</span> <span class='ocrx_word' id='word_1_396' title='bbox 2362 4962 2494 5023; x_wconf 92' lang='lat' dir='ltr'>aliis</span> <span class='ocrx_word' id='word_1_397' title='bbox 2526 4962 2920 5023; x_wconf 88' lang='lat' dir='ltr'>sacramentis</span> <span class='ocrx_word' id='word_1_398' title='bbox 2954 4963 3145 5022; x_wconf 87' lang='lat' dir='ltr'>eccle-</span> 
     </span>
    </p>
   </div>
  </div>
 </body>
</html>
