3684 5416
564 1522 614 1554 10

563 2057 609 2101 ¹5

560 3131 611 3174 25

560 3666 615 3711 30

561 4201 613 4247 35

561 4736 618 4777 40

659 351 730 406 66
1625 349 1876 406 Ecclesia
1906 351 2316 424 antiquissima.

752 535 910 597 XIV.
945 530 1118 609 Περὶ
1143 532 1275 594 τῶν
1291 532 1809 614 κατηχουμένων
1826 531 1940 594 καὶ
2085 538 2242 598 XIV.
2278 538 2371 599 De
2416 539 2893 618 catechumeniS,
2938 539 3067 623 [qui
3099 541 3283 605 etiam

660 637 1199 718 παραπεσόντων
1247 636 1449 712 ἔδοξε
1495 641 1573 719 τῇ
1626 638 1789 720 ἁγίᾳ
1827 639 1942 703 καὶ
1993 644 2148 725 lapsi
2179 642 2366 723 sunt]‚
2414 662 2627 707 sancto
2660 663 2719 708 et
2748 667 2980 727 magno
3013 649 3282 712 concilio

661 747 918 831 μεγάλῃ
966 743 1238 827 συνόδῳ
1259 796 1273 820 ,
1320 744 1500 808 ὥστε
1541 747 1741 824 τριῶν
1772 747 1942 809 ἐτῶν
1997 750 2242 831 placuit,
2286 767 2352 812 ut
2383 751 2576 814 tribus
2609 753 2789 814 annis
2821 754 2945 815 sint
2976 755 3139 816 inter
3171 777 3282 817 au-

662 852 918 931 αύτοὺς
965 854 1454 936 ἀκροωμένους
1498 853 1727 935 μόνον,
1774 854 1942 935 μετὰ
1993 857 2229 919 dientes
2261 859 2715 935 tantummodo,
2752 861 3044 941 posthaec
3065 877 3278 923 autem

661 963 877 1027 ταῦτα
907 959 1228 1039 εὔχεσθαι
1261 960 1428 1043 μετὰ
1458 960 1590 1021 τῶν
1618 980 1938 1039 κατηχου·
1994 982 2140 1024 cum
2172 965 2628 1027 catechumenis
2659 984 2852 1029 orent.

664 1069 898 1152 μένων.

754 1177 886 1239 XV.
939 1174 1072 1238 Διὰ
1102 1173 1222 1236 τὸν
1251 1172 1466 1236 πολὺν
1495 1174 1798 1252 τάραχον
1827 1172 1940 1235 καὶ

664 1282 788 1359 τὰς
821 1282 1100 1358 στάσεις
1144 1281 1269 1357 τὰς
1311 1280 1671 1362 γινομένας
1716 1279 1942 1353 ἔδοξε-

664 1388 1048 1452 παντάπασι
1066 1387 1575 1467 περιαιρεθῆναι
1606 1385 1726 1464 τὴν
1746 1384 1941 1464 συνή-

665 1496 880 1571 θειαν,
926 1493 1045 1573 τὴν
1075 1494 1265 1571 παρὰ
1299 1493 1420 1558 τὸν
1456 1492 1721 1556 κανόνα
1758 1493 1940 1570 εὑρε-

667 1604 908 1665 θεῖσαν
958 1600 1032 1664 ἔν
1076 1615 1202 1663 τισι
1248 1601 1540 1683 μέρεσιν,
1587 1598 1765 1663 ὥστε
1805 1598 1942 1662 ἀπὸ

666 1710 931 1786 πόλεως
990 1709 1087 1784 εἰς
1142 1705 1335 1770 πόλιν
1384 1706 1468 1789 μὴ
1520 1704 1945 1791 μεταβαίνειν

668 1816 828 1898 μήτε
875 1814 1243 1877 ἐπίσκοπον
1275 1812 1437 1895 μήτε
1472 1811 1944 1898 πρεσβύτερον

667 1922 829 2006 μήτε
865 1922 1206 1986 διάκονον.
1273 1923 1331 1985 εἰ
1376 1921 1457 1984 δέ
1498 1942 1595 1999 τις
1627 1921 1795 2003 μετὰ
1824 1920 1944 1983 τὸν

668 2033 786 2109 τῆς
802 2031 1006 2110 ἁγίας
1018 2028 1131 2092 καὶ
1143 2030 1441 2111 μεγάλης
1457 2027 1760 2091 συνόδου
1774 2028 1946 2107 ὅρον

667 2137 947 2221 τοιούτῳ
967 2136 1086 2200 τινὶ
1106 2135 1604 2215 ἐπιχειρήσειεν,
1622 2135 1663 2214 ἢ
1686 2134 1944 2214 ἐπιδοίη

668 2244 918 2308 ἑαυτόν
955 2245 1292 2325 πράγματι
1329 2242 1633 2324 τοιούτῳ,
1688 2244 1944 2320 ἀκυρω·

667 2352 948 2431 θήσεται
982 2352 1362 2427 ἐξάπαντος
1379 2349 1459 2411 τὸ
1478 2347 1944 2412 κατασκεύασ·

668 2480 778 2542 μα,
823 2458 937 2522 καὶ
983 2455 1715 2535 ἀποκατασταθήσεται
1746 2458 1822 2536 τῇ
1848 2457 1945 2516 ἐκ·

665 2565 933 2647 κλησίᾳ,
961 2562 1002 2645 ᾗ
1036 2564 1078 2626 ὁ
1112 2563 1479 2640 ἐπίσκοπος
1510 2564 1550 2644 ᾖ
1583 2562 1625 2624 ὁ
1658 2560 1946 2647 πρεσβύ-

666 2693 869 2753 τερος
903 2670 1400 2753 ἐχειροτονήθη.

756 2778 1132 2846 XVIf'Ooot
1147 2776 1643 2862 ῥιψοκινδύνως
1657 2775 1949 2860 μήτετὸν

665 2887 892 2973 φόβον
904 2888 1027 2950 tos>
1041 2886 1211 2949 θεοῦ
1226 2883 1361 2964 πρὸ
1378 2884 1750 2966 ὀφθαλμῶν
1764 2881 1944 2964 ἔχον-

665 3015 798 3071 τες,
833 2994 994 3076 μήτε
1024 2991 1144 3057 τὸν
1164 2990 1721 3071 ἐκκλησιαστικὸν
1747 2990 1944 3053 κανό-

663 3122 753 3166 να
799 3099 1080 3177 εἰδότες,
1129 3098 1655 3180 ἀναχωρήσουσι
1693 3101 1813 3178 τῆς
1846 3099 1944 3161 ἐκ·

662 3207 969 3289 κλησίας,
1007 3205 1453 3291 πρεσβύτεροι
1490 3206 1532 3286 ἢ
1564 3204 1872 3268 διάκονοι
1905 3205 1945 3285 ἢ

665 3317 845 3393 ὅλως
895 3317 969 3376 ἐν
1018 3315 1109 3396 τῷ
1156 3313 1393 3377 κανόνι
1442 3313 1943 3394 ἐξεταζόμενοι·

666 3420 854 3485 οὗτοι
903 3421 1225 3504 οὐδαμῶς
1273 3419 1496 3483 δεκτοὶ
1554 3419 1948 3501 ὀφείλουσιν

667 3529 837 3594 εἶναι
882 3531 955 3592 ἐν
987 3528 1192 3608 ἑτέρᾳ
1221 3526 1565 3605 ἐκκλησίᾳ,
1613 3526 1792 3589 ἀλλὰ
1830 3529 1945 3589 πᾶ-

668 3653 809 3700 σαν
820 3637 1056 3714 αὐτοῖς
1074 3636 1381 3714 ἀνάγκην
1402 3634 1780 3714 ἐπάγεσθαι
1796 3632 1942 3713 χρὴ,

668 3744 1123 3824 ἀναστρέφειν
1156 3744 1253 3819 εἰς
1284 3742 1407 3818 τὰς
1436 3741 1697 3803 ἑαυτῶν
1715 3759 1944 3818 παροι-

665 3850 841 3928 κίας,
884 3851 924 3929 ἢ
960 3850 1396 3931 ἐπιμένοντας
1442 3846 1945 3925 ἀκοινωνήτους

670 3957 838 4020 εἶναι
868 3955 1217 4036 προσήκει.
1254 3957 1312 4018 εἰ
1343 3954 1425 4017 δὲ
1455 3954 1566 4017 καὶ
1589 3953 1946 4036 τολμήσειε

669 4085 767 4143 τις
810 4064 1212 4146 ὑφαρπάσαι
1259 4062 1379 4126 τὸν
1424 4063 1513 4143 τῷ
1562 4061 1771 4144 ἑτέρῳ
1807 4060 1944 4124 δια-

669 4173 992 4254 φέροντα,
1056 4169 1170 4232 καὶ
1220 4171 1692 4249 χειροτονῆσαι
1743 4171 1818 4231 ἐν
1865 4171 1943 4249 τῇ

671 4280 884 4343 αὑτοῦ
931 4276 1275 4357 ἐκκλησίᾳ,
1336 4275 1422 4358 μὴ
1468 4276 1944 4356 συγκατατιθε-

669 4387 875 4471 μένου
908 4386 1028 4447 τοῦ
1062 4383 1235 4446 ἰδίου
1266 4382 1658 4456 ἐπισκόπου,
1692 4380 1777 4445 οὗ
1798 4387 1944 4445 ἁνε-

669 4490 979 4573 χώρησεν
1025 4491 1064 4552 ὁ
1113 4493 1187 4553 ἐν
1230 4490 1322 4571 τῷ
1366 4489 1604 4552 κανόνι
1643 4488 1945 4564 ἐξεταζό-

670 4620 893 4684 μενος,
941 4600 1202 4676 άκυρος
1249 4597 1439 4659 ἔσται
1471 4597 1509 4675 ή
1544 4596 1943 4677 χειροτονία.

758 4709 944 4771 XVII.
964 4703 1237 4785 Ἐπειδὴ
1258 4703 1492 4767 πολλοὶ
1510 4707 1584 4765 ἐν
1601 4703 1692 4786 τῷ
1711 4703 1949 4767 κανόνι

671 4811 1139 4896 ἐξεταζόμενοι
1155 4810 1273 4891 τὴν
1285 4809 1681 4886 πλεονεξίαν
1694 4810 1807 4873 καὶ
1828 4809 1948 4892 τὴν

669 4918 1237 5001 αἰσχροκέρδειαν
1292 4916 1653 4998 διώκοντες
1716 4919 1946 4981 ἐπελά-

2083 1177 2215 1238 XV.
2267 1179 2525 1260 Propter
2568 1179 2826 1241 multam
2870 1180 3278 1261 perturbatio-

1997 1303 2143 1344 nem
2181 1299 2240 1344 et
2276 1285 2612 1347 seditiones
2644 1306 2803 1367 quae
2836 1288 3013 1362 fiunt,
3053 1286 3282 1368 placuit

1997 1392 2509 1453 consuetudinem
2538 1393 2928 1455 omnimodis
2960 1395 3280 1475 amputari,

1997 1517 2175 1577 quae,
2211 1515 2448 1578 praeter
2478 1501 2773 1579 regulam,
2806 1500 2872 1560 in
2902 1499 3280 1580 quibusdam

1998 1604 2271 1686 partibus
2316 1606 2557 1666 videtur
2603 1606 2901 1668 admissa:
2965 1606 3043 1667 ita
3092 1623 3158 1667 ut
3204 1608 3279 1667 de

1998 1711 2234 1772 civitate
2280 1712 2357 1773 ad
2397 1713 2722 1789 civitatem,
2771 1733 2902 1774 non
2934 1714 3280 1795 episcopm,

2001 1838 2130 1881 non
2161 1822 2498 1902 presbyter,
2533 1840 2661 1883 non
2693 1821 2988 1882 diaconus
3019 1819 3279 1882 transfe-

1999 1941 2180 1987 ratur.
2211 1925 2276 1987 si
2296 1927 2434 2007 quis
2453 1943 2680 2006 autem,
2700 1943 2840 2009 post
2854 1925 3280 1989 definitionem

1998 2033 2189 2094 sancti
2205 2050 2263 2094 et
2280 2034 2489 2112 magni
2510 2034 2770 2112 concilii,
2791 2033 2905 2095 tale
2928 2034 3078 2114 quid
3097 2053 3278 2113 agere

1998 2140 2333 2217 tentaverit,
2374 2155 2433 2202 et
2465 2161 2527 2201 se
2562 2140 2995 2202 huiuscemodi
3028 2140 3279 2219 negotio

2000 2246 2390 2326 manciparit,
2454 2248 2576 2308 hoc
2630 2246 2859 2309 factum
2910 2265 3160 2329 prorsus
3216 2247 3280 2308 in

2000 2353 2238 2413 irritum
2284 2353 2563 2431 ducatur,
2612 2369 2671 2414 et
2703 2354 3054 2416 restituatur
3085 2354 3278 2416 eccle-

2000 2460 2123 2521 siae
2156 2461 2255 2521 cui
2290 2458 2404 2520 fuit
2434 2460 2781 2542 episcopm,
2812 2477 2916 2522 aut
2948 2464 3280 2543 presbyter,

2000 2585 2105 2630 aut
2137 2570 2436 2630 diaconus
2469 2569 2804 2630 ordinatus.

2089 2783 2247 2845 XVI.
2300 2782 2699 2864 Quicumque
2731 2799 2981 2861 temere,
3019 2804 3088 2845 ac
3120 2783 3281 2865 peri-

2001 2892 2229 2966 culose,
2252 2909 2454 2970 neque
2477 2891 2762 2951 timorem
2786 2890 2900 2951 Dei
2922 2909 3063 2972 prae
3084 2890 3281 2952 oculis

2002 2999 2313 3074 habente3‚
2358 3016 2470 3058 nec
2505 2996 2973 3058 ecclesiasticam
3005 2997 3283 3079 regulam

2001 3119 2424 3183 agnoscenteS,
2476 3104 2803 3166 discedunt
2865 3107 2940 3165 ab
3005 3104 3277 3180 ecclesia,

2003 3211 2336 3293 presbyteri
2356 3226 2464 3272 aut
2485 3211 2749 3284 diaconi,
2780 3211 2877 3272 vel
2899 3211 3281 3292 quicumque

2002 3319 2115 3378 sub
2138 3319 2346 3396 regula
2367 3337 2619 3399 prorsus
2640 3318 2923 3396 existunt,
2958 3319 3022 3379 hi
3045 3337 3281 3400 nequa-

2002 3445 2192 3505 quam
2237 3426 2467 3487 debent
2512 3426 2574 3488 in
2620 3426 2798 3487 aliam
2833 3424 3155 3486 ecclesiam
3187 3444 3280 3485 re·

2001 3532 2140 3614 cipi,
2158 3533 2266 3593 sed
2284 3552 2538 3594 omnem
2556 3533 2972 3593 necessitatem
2993 3531 3281 3594 convenit

2000 3640 2117 3701 illis
2149 3639 2410 3720 imponi,
2446 3654 2512 3699 ut
2544 3639 2620 3698 ad
2653 3659 2794 3700 suas
2828 3638 3150 3721 parochias
3183 3656 3282 3698 re-

2000 3761 2335 3820 vertantur3
2371 3746 2543 3826 quod
2566 3745 2766 3807 sinon
2789 3745 3062 3822 fecerint,
3086 3764 3272 3826 opor-

1999 3868 2083 3913 tet
2114 3872 2220 3913 eos
2254 3852 2696 3914 communione
2728 3852 2977 3934 privari.
3036 3851 3101 3912 Si
3140 3851 3281 3932 quis

1999 3975 2205 4021 autem
2237 3959 2313 4020 ad
2346 3958 2534 4020 alium
2569 3959 2978 4039 pertinentem
2998 3958 3284 4019 audacter

2000 4067 2305 4140 invadere,
2351 4083 2410 4127 et
2457 4066 2520 4127 in
2565 4086 2674 4126 sua
2707 4066 2959 4127 ecclesia
2994 4065 3279 4126 ordinare

1999 4173 2332 4251 tentaverit,
2368 4192 2500 4234 non
2533 4172 2954 4235 consentiente
2987 4172 3281 4254 episcopo

2000 4301 2034 4342 a
2066 4300 2194 4361 quo
2226 4280 2501 4341 discessit
2531 4281 2581 4341 is
2614 4280 2720 4361 qui
2754 4280 3001 4361 regulae
3035 4278 3272 4340 manci-

2001 4403 2206 4468 patur:
2273 4386 2581 4449 ordiuatio
2629 4387 3063 4450 huiuscemodi
3119 4386 3282 4447 irrita

2002 4496 2457 4576 comprobetur.

2092 4706 2271 4768 XVII.
2321 4706 2642 4782 Quoniam
2690 4705 2884 4784 multi,
2919 4708 3033 4767 sub
3067 4703 3283 4786 regula

2003 4813 2337 4891 constituti,
2388 4814 2702 4876 avaritiam
2753 4829 2812 4874 et
2861 4812 3062 4894 turpia
3110 4812 3283 4873 lucra

2003 4935 2327 5000 sectantur,
2375 4921 2672 5002 oblitique
2718 4920 2962 4982 divinae
3008 4918 3280 5000 Scriptu-
