3684 5416
639 329 746 397 644
1509 327 1757 383 Ordines
1796 342 1852 384 et
1892 328 2394 400 congregationes.

639 512 1243 593 proportionabiliter
1274 513 1462 573 simul
1493 532 1714 574 omnes
1748 532 2114 575 communes
2149 532 2442 594 expensas
2476 514 2576 589 ita,
2625 513 2816 593 quod,
2868 512 2915 573 si
2950 533 3078 575 non
3110 532 3248 574 om-

642 637 750 679 nes
794 633 1090 698 poterunt
1135 620 1199 680 in
1246 619 1495 697 eisdem,
1541 619 1754 681 saltem
1788 621 1995 701 plures
2039 621 2228 682 simul
2260 620 2322 681 in
2357 620 2610 681 diversis
2642 620 2932 681 domibus
2966 638 3248 680 commo·

641 740 870 787 rentur.
934 724 1317 787 Ordinentur
1364 727 1543 788 etiam
1591 728 1652 789 in
1698 729 1922 789 eodem
1968 727 2240 809 capitulo
2287 728 2607 806 religiosae
2655 746 2723 788 ac
2774 726 3248 807 circumspectae

641 850 960 913 personae,
1009 852 1166 912 quae
1213 833 1485 912 singulas
1517 835 1787 896 abbatias
1820 835 2099 896 eiusdem
2132 835 2304 914 regni
2335 855 2445 897 seu
2481 833 2836 916 provinciae
2873 852 3002 893 non
3034 832 3246 894 solum

564 972 584 1013 5
643 939 1114 1017 monachorum,
1147 941 1252 1001 sed
1288 940 1468 1001 etiam
1504 941 1889 1015 monialium,
1921 943 2267 1003 secundum
2301 942 2566 1003 formam
2598 940 2713 1002 sibi
2748 939 3095 1022 praefixam,
3118 938 3252 999 vice

640 1062 843 1108 nostra
877 1048 1164 1109 studeant
1197 1047 1453 1124 visitare,
1485 1048 1861 1127 corrigentes
1893 1063 1951 1109 et
1984 1050 2405 1126 reformantes,
2438 1068 2596 1129 quae
2630 1048 3033 1108 correctionis
3065 1063 3121 1107 et
3153 1065 3246 1106 re-

641 1153 1024 1216 formationis
1067 1155 1274 1215 officio
1321 1155 1580 1216 viderint
1611 1155 1904 1234 indigere,
1950 1155 2026 1217 ita
2061 1158 2251 1236 quod,
2284 1156 2333 1216 si
2366 1173 2665 1217 rectorem
2695 1154 2818 1217 loci
2851 1152 3256 1233 cognoverint

641 1264 716 1321 ab
764 1261 1292 1323 administratione
1340 1261 1582 1341 penitus
1628 1261 2070 1336 amovendum,
2121 1262 2494 1323 denuncient
2540 1261 2832 1342 episcopo
2880 1261 3149 1341 propri0,
3181 1275 3252 1319 ut

641 1366 820 1428 illum
868 1386 1151 1428 amovere
1198 1383 1503 1449 procuret.
1565 1367 1757 1443 Quod
1806 1369 1856 1428 si
1894 1388 2024 1429 non
2060 1368 2282 1445 fecerit,
2315 1369 2430 1450 ipsi
2466 1368 2802 1429 visitatores
2835 1369 2956 1428 hoc
2989 1365 3257 1428 referant

542 1506 590 1539 ιο
642 1476 718 1535 ad
771 1474 1139 1555 apostolicae
1190 1475 1351 1535 sedis
1395 1494 1670 1536 examen.
1738 1475 1876 1535 Hoc
1926 1475 2129 1557 ipsum
2182 1474 2490 1555 regulares
2538 1475 2868 1535 canonicos
2901 1474 3256 1534 secundum

644 1579 923 1640 ordinem
974 1600 1157 1641 suum
1210 1582 1501 1643 volumus
1532 1599 1589 1659 et
1623 1583 2034 1665 praecipimus
2066 1585 2405 1645 observare.
2468 1583 2532 1645 Si
2568 1602 2711 1644 vero
2745 1581 2807 1643 in
2841 1583 2954 1642 hac
2985 1582 3262 1644 novitate

644 1686 977 1768 quicquam
1014 1686 1381 1748 difficultatis
1414 1689 1741 1766 emerserit,
1789 1691 1961 1770 quod
1997 1710 2104 1771 per
2140 1691 2473 1770 praedictas
2507 1707 2803 1770 personas
2837 1706 3103 1769 nequeat
3146 1709 3253 1749 ex-

644 1793 856 1874 pediri,
905 1794 981 1854 ad
1032 1793 1400 1876 apostolicae
1459 1796 1620 1857 sedis
1665 1796 1969 1858 iudicium
2014 1800 2247 1876 absque
2298 1795 2586 1857 scandalo
2633 1795 2941 1873 referatur,
3002 1795 3262 1857 caeteris

645 1902 1132 1983 irrefragabiliter
1162 1904 1514 1980 observatis,
1549 1925 1710 1985 quae
1745 1905 2041 1967 concordi
2082 1904 2261 1965 fuerit
2293 1904 2730 1965 deliberatione
2766 1906 3025 1986 provisa.
3060 1907 3263 1965 Porro

542 2043 585 2086 15
644 2010 990 2071 dioecesani
1023 2010 1291 2091 episcopi
1323 2012 1690 2073 monasteria
1710 2012 1823 2072 sibi
1847 2011 2120 2073 subiecta
2151 2010 2228 2072 ita
2258 2011 2542 2072 studeant
2561 2010 2915 2087 reformare,
2939 2029 3024 2089 ut,
3048 2031 3254 2093 quum

643 2117 720 2177 ad
754 2137 821 2177 ea
856 2117 1148 2198 praedicti
1182 2118 1519 2179 visitatores
1551 2119 1932 2193 accesserint,
1970 2120 2109 2200 plus
2144 2118 2207 2179 in
2240 2118 2357 2179 illis
2376 2118 2712 2193 inveniant,
2735 2118 2908 2199 quod
2928 2137 3256 2179 commen-

644 2224 910 2295 datione,
946 2244 1135 2304 quam
1169 2225 1345 2306 quod
1377 2226 1752 2287 correctione
1786 2227 1864 2286 sit
1895 2226 2181 2306 dignum,
2229 2225 2624 2288 attentissime
2673 2240 3121 2306 praecaventes,
3172 2244 3257 2286 ne

647 2349 755 2411 per
785 2349 893 2390 eos
926 2329 1081 2391 dicta
1115 2329 1482 2391 monasteria
1517 2331 1800 2391 indebitis
1832 2331 2128 2392 oneribus
2150 2347 2571 2413 aggraventur,
2595 2331 2758 2412 qnia.
2780 2333 2937 2393 sicut
2956 2333 3264 2393 volumus

646 2436 1038 2517 superiorum
1070 2435 1204 2497 iura
1236 2437 1559 2509 observari,
1579 2436 1658 2497 ita
1690 2436 2007 2498 inferiores
2040 2436 2333 2498 nolumus
2365 2437 2614 2498 iniurias
2645 2437 2963 2499 sustinere.
2999 2439 3093 2499 Ad
3128 2439 3259 2500 hoc

538 2576 589 2609 ιο
646 2543 911 2605 districte
956 2543 1361 2624 praecipimus
1405 2559 1530 2604 tam
1563 2544 1945 2605 dioecesanis
1977 2543 2280 2625 episcopis
2311 2563 2500 2624 quam
2535 2544 2835 2625 personis,
2868 2564 3027 2625 quae
3074 2564 3258 2625 prae-

644 2668 822 2714 erunt
839 2649 1116 2733 capitulis
1135 2650 1529 2729 celebrandiS,
1552 2666 1617 2712 nt
1637 2670 1746 2734 per
1761 2670 2085 2712 censuram
2108 2649 2577 2713 ecclesiasticam
2593 2650 3002 2732 appellatione
3019 2666 3259 2712 remota

643 2778 1038 2843 compescant
1068 2764 1414 2839 advocatos,
1449 2779 1760 2842 patmum,
1795 2759 2237 2832 vicedominOS,
2271 2774 2531 2819 rectores
2563 2774 2623 2819 et
2655 2761 2958 2834 consuleS,
2991 2778 3262 2838 magna-⁷

626 2885 731 2935 ‚tes
781 2885 839 2930 et
888 2870 1129 2947 militeS,
1174 2890 1284 2932 seu
1331 2869 1635 2950 quoslibet
1682 2868 1855 2944 alios,
1892 2886 1969 2927 ne
2007 2866 2372 2927 monasteria
2407 2883 2802 2946 praesumant
2834 2866 3146 2928 offendere
3180 2866 3254 2928 in

643 2976 922 3055 personis
976 2992 1079 3037 aut
1125 2978 1327 3052 rebus,
1373 2991 1448 3052 et,
1499 2975 1546 3037 si
1598 2974 1852 3035 forsitan
1893 2972 2288 3043 offenderint,
2320 2991 2427 3033 eos
2459 2973 2537 3033 ad
2569 2972 3042 3034 satisfactionem
3075 2991 3260 3033 com-

532 3117 583 3162 ²5
642 3082 864 3162 pellere
911 3101 1041 3143 non
1094 3081 1394 3155 omittant,
1442 3098 1507 3142 ut
1554 3080 1807 3142 liberius
1855 3095 1914 3141 et
1961 3079 2232 3161 quietius
2278 3080 2687 3160 omnipotenti
2728 3081 2858 3141 Deo
2891 3079 3128 3140 valeant
3161 3079 3258 3139 fa·—

643 3177 880 3250 mulari.

1346 3288 1473 3346 272.
1510 3283 1907 3343 'BONORIUS
1947 3289 2068 3343 111.
2106 3287 2537 3356 (tata—1227).

636 3414 1117 3488 Approbatio
1172 3413 1486 3486 regulae
1526 3425 1596 3469 et
1636 3411 1935 3468 ordinis
1977 3411 2296 3467 fratrum
2336 3409 2705 3466 minorum
2744 3411 2799 3466 S.
2841 3409 3252 3466 Francisci.

849 3545 878 3573 ‘
919 3545 1225 3598 Bullarium
1264 3544 1592 3596 Romanum.
1634 3539 1825 3595 Editio
1857 3538 2246 3594 Taurinensis
2290 3541 2463 3595 Tom.
2492 3539 2577 3593 111.
2616 3556 2669 3609 p.
2699 3553 2997 3611 394—399.
3038 3535 3248 3588 Wad-

530 3651 581 3696 30
638 3625 759 3679 din
776 3642 844 3696 g,
880 3627 1123 3679 Annales
1159 3626 1444 3679 Minorum
1480 3641 1573 3674 seu
1611 3624 1776 3675 trium
1816 3622 2076 3675 ordinum
2115 3640 2148 3674 α
2187 3623 2240 3673 S.
2271 3622 2562 3675 Francisco
2599 3623 2993 3674 institutorum.
3049 3614 3248 3670 Edttio

636 3707 886 3760 secunda
926 3722 1103 3777 opere
1140 3705 1184 3759 J.
1226 3705 1300 3758 M.
1342 3702 1437 3758 Fo
1461 3719 1700 3756 nseca.
1741 3701 1960 3756 Romae
2012 3718 2130 3773 ¹73¹
2166 3718 2286 3772 seq.
2342 3699 2781 3764 Confetius,
2820 3699 3243 3766 Privilegiorum

633 3791 686 3842 S.
730 3789 1010 3842 Ordinum
1048 3788 1306 3840 Fratrum
1345 3784 1783 3837 Mendicantium
1822 3785 2087 3836 collectio.
2127 3780 2381 3836 Venetiis
2431 3782 2577 3849 1604
2654 3781 2836 3834 Codex
2874 3780 3125 3831 redactus
3162 3779 3243 3830 le-

626 3886 767 3940 gum
804 3870 1061 3922 Fratrum
1101 3869 1385 3919 Minorum
1421 3866 1476 3918 in
1516 3866 1804 3934 synopsitn.
1846 3864 2065 3917 Romae
2113 3862 2259 3933 1796.
2300 3860 2687 3930 Sabatier,
2736 3862 2829 3913 Vie
2863 3861 2929 3913 de
2964 3860 3017 3911 S.
3058 3859 3244 3912 Fran-

631 3952 760 4014 ςοιζς.
800 3967 847 4017 3.
888 3947 976 4002 ed.
1017 3945 1175 4002 Paris
1225 3946 1372 4016 1894.
1446 3945 1493 3998 L
1514 3945 1648 3998 aba
1671 3961 1835 4012 nea,
1875 3945 2181 3998 Francesco
2217 3944 2522 3996 d’Assisic
2549 3939 3245 3995 iFrancescanidal1226

525 4059 573 4103 35
632 4033 691 4082 al
730 4030 880 4101 1328·
922 4029 1107 4082 Roma
1156 4026 1303 4097 1894.
1360 4024 1731 4092 Marian0,
1770 4025 2070 4079 Francesco
2107 4024 2372 4077 d'Assisi.
2413 4020 2618 4092 Napoli
2666 4020 2810 4091 1896.
2867 4017 3244 4086 Sabatier,

630 4112 847 4181 Regula
897 4113 1126 4180 antiqua
1162 4109 1425 4179 fratrum
1484 4113 1537 4160 et
1583 4123 1834 4160 sororum
1886 4106 2244 4176 poenitentiae
2279 4122 2374 4157 seu
2414 4105 2566 4158 tertii
2596 4104 2807 4156 ordinis
2842 4104 2895 4155 S.
2933 4103 3246 4155 Francisci.

629 4189 786 4245 Paris
836 4208 982 4263 ¹90¹·
1055 4191 1229 4244 Actus
1264 4190 1328 4241 B.
1370 4189 1658 4242 Francisci
1701 4191 1758 4239 et
1791 4188 2066 4239 sociorum
2107 4185 2238 4237 eius.
2303 4181 2496 4237 Edidit
2534 4182 2597 4236 P.
2636 4180 3006 4236 Sabatier.
3082 4179 3241 4235 Paris

638 4287 790 4341 ¹90²·
867 4271 1095 4337 Idem,
1146 4269 1435 4323 Nouveaux
1487 4273 1749 4323 traveaux
1800 4282 1901 4319 sur
1947 4268 2025 4319 les
2077 4265 2392 4318 documents
2411 4263 2818 4332 franciscains.
2882 4260 3040 4316 Paris
3090 4277 3237 4333 ¹904·

629 4350 1166 4416 Heimbucher,
1203 4351 1390 4404 Orden
1432 4350 1548 4402 und
1584 4349 2080 4418 Congregationen.
2120 4347 2159 4399 Ι.
2199 4362 2253 4416 p.
2304 4344 2399 4413 164
2438 4360 2564 4416 seq.

518 4507 573 4547 ⁴0
627 4483 948 4546 Honorius
997 4483 1312 4561 episcopus
1361 4499 1571 4541 servus
1618 4498 1929 4539 servorum
1968 4477 2118 4550 Dei,
2153 4475 2395 4537 dilectis
2424 4473 2606 4552 filiis
2639 4474 2854 4552 fratri
2879 4470 3243 4545 FranciscO,

626 4591 687 4644 et
733 4582 881 4642 aliis
909 4577 1232 4660 fratribus
1282 4578 1354 4637 de
1404 4579 1621 4639 ordine
1649 4578 1934 4654 fratrum
1989 4575 2332 4649 Minorum,
2395 4573 2652 4635 salutem
2717 4577 2778 4632 et
2836 4570 3237 4653 apostolicam

1708 4673 2166 4733 beneditionem.

839 4797 1009 4861 Solet
1054 4817 1325 4860 annuere
1359 4796 1547 4858 Sedes
1583 4795 1939 4878 Apostolica
1986 4795 2100 4876 piis
2143 4795 2317 4874 votis,
2352 4811 2411 4856 et
2441 4794 2716 4856 honestis
2749 4793 3092 4875 petentium
3127 4792 3238 4853 de-

620 4907 861 4970 sideriis
908 4905 1183 4968 favorem
1231 4902 1605 4967 benevolum
1654 4902 1968 4984 impartiri.
2032 4902 2118 4964 Ea
2158 4916 2428 4984 propter,
2463 4900 2663 4963 dilecti
2698 4901 2760 4962 in
2795 4900 3070 4962 Domino
3103 4898 3238 4978 filii,
