3684 5416
1605 358 1868 428 Capituli.
2944 379 3044 434 593

424 542 714 603 dientiam
760 563 938 603 suam
987 543 1297 623 expleant3
1350 559 1408 603 et
1453 544 1709 623 quando
1758 563 2156 606 communem
2201 563 2455 625 operam
2503 564 2634 607 non
2667 562 2756 606 est
2790 564 3041 606 necesse

426 648 638 729 facere,
678 665 888 730 postea
922 650 1379 730 unusquisque,
1414 651 1586 729 quod
1622 670 1783 730 opus
1818 652 2019 727 habet,
2057 650 2247 711 faciat.

641 756 792 836 Cap.
825 756 956 817 XV.
1034 755 1137 816 De
1172 756 1576 836 gravioribus
1623 757 1838 837 culpis.
1913 757 1975 817 Si
2011 757 2150 837 quis
2184 758 2462 820 Clericus
2495 758 2570 818 de
2602 759 2821 819 ordine
2855 776 3046 818 cano-

425 864 564 924 nico
609 865 918 943 graviores
964 865 1175 944 culpas
1208 863 1601 940 commiserit,
1648 864 1708 923 id
1741 880 1828 925 est
1863 864 2291 941 homicidium,
2329 864 2819 941 fornicationem,
2862 866 3039 926 adul-

345 992 367 1035 5
422 972 665 1043 terium,
703 972 955 1045 furtum,
989 973 1083 1032 vel
1119 973 1212 1032 his
1245 972 1441 1033 simile
1479 991 1678 1032 unum
1714 991 1785 1033 ex
1818 972 2257 1052 principalibus
2291 972 2448 1033 vitiis
2480 973 2872 1049 commiserit,
2907 993 3044 1034 cor-

325 1526 374 1556 to

327 2065 372 2107 ¹5

321 2608 375 2638 20

329 4214 378 4258 35

426 1079 618 1159 porali
654 1081 1031 1161 castigationi
1066 1081 1351 1162 primitus
1385 1080 1726 1157 subjaceat:
1768 1081 1995 1142 deinde
2029 1082 2282 1161 quando
2316 1097 2593 1163 tempore
2629 1081 2758 1141 vult
2792 1081 3044 1161 Episco-

427 1205 560 1266 pus,
595 1187 690 1247 vel
725 1188 831 1266 qui
859 1191 974 1248 sub
997 1208 1071 1249 eo
1094 1204 1258 1264 sunt,
1283 1207 1588 1248 carcerem
1613 1187 1708 1247 vel
1728 1187 1980 1249 exilium
2003 1188 2281 1269 patiatur,
2306 1189 2504 1249 sciens
2527 1188 2693 1249 illam
2715 1188 3042 1248 terribilem

425 1293 790 1353 sententiam
845 1296 1128 1374 Apostoli
1182 1294 1469 1356 dicentis:
1544 1293 1806 1355 Tradere
1855 1294 2211 1374 hujusmodi
2256 1295 2556 1355 hominem
2609 1297 2673 1354 in
2726 1296 3043 1355 interilum

425 1401 682 1472 carni5‚·
728 1406 797 1459 ut
826 1402 1097 1481 Spiritus
1142 1402 1349 1461 salvus
1400 1404 1486 1462 sit
1531 1404 1594 1461 in
1630 1402 1730 1461 die
1760 1400 2041 1461 Domini.
2105 1402 2180 1462 Et
2212 1401 2364 1461 dum
2398 1402 2462 1462 in
2493 1402 2631 1481 ipso
2664 1418 2900 1460 carcere
2934 1416 3044 1472 est,

429 1504 639 1565 nullus
672 1525 743 1565 ex
777 1506 962 1567 Clero
996 1506 1060 1566 in
1092 1506 1269 1568 nullo
1303 1507 1357 1567 ei
1393 1506 1681 1585 jungatur
1714 1506 2049 1585 consortio,
2082 1525 2286 1586 neque
2319 1505 2382 1565 in
2417 1505 2757 1585 colloquio,
2794 1503 2909 1564 nisi
2944 1504 3044 1563 cui

430 1611 599 1673 Prior
662 1611 930 1688 jusserit:
1012 1613 1198 1675 Solus
1261 1614 1589 1695 persistens
1651 1613 1716 1673 in
1780 1612 2192 1693 poenitentiae
2243 1614 2433 1687 luctu,
2495 1610 2796 1692 quamdiu
2849 1610 3045 1672 Priori

427 1720 626 1780 visum
664 1735 772 1785 est.

642 1828 942 1907 Egressus
988 1830 1064 1889 de
1112 1848 1367 1905 carcere,
1412 1828 1459 1888 si
1496 1828 1823 1909 Episcopo,
1875 1828 1969 1888 vel
2003 1827 2111 1908 qui
2145 1828 2261 1886 sub
2295 1844 2372 1886 eo
2404 1842 2571 1902 sunt,
2608 1824 2810 1885 visum
2846 1824 3048 1901 fuerit,

428 1948 565 2012 agat
596 1935 803 1995 adhuc
834 1935 1144 2015 publicam
1181 1936 1625 2016 poenitentiam
1661 1935 1721 1995 id
1753 1950 1864 2011 est,
1911 1935 2325 2016 suspendatur
2356 1935 2432 1994 ab
2466 1932 2734 1993 oratorio
2768 1933 2958 1993 simul
2991 1948 3050 1993 et

426 2061 458 2099 a
494 2040 698 2111 Missa,
747 2058 805 2102 et
856 2043 1149 2103 omnibus
1200 2043 1513 2103 canonicis
1572 2042 1741 2102 horis
1791 2041 1990 2103 veniat
2049 2056 2187 2100 ante
2248 2039 2523 2100 hostium
2572 2039 2894 2112 Ecclesiae,
2943 2039 3049 2098 ubi

426 2145 598 2205 Prior
644 2144 884 2223 jusserit
931 2147 1134 2222 jacens
1180 2163 1520 2227 prostratus
1573 2149 1745 2209 omni
1794 2167 2053 2229 corpore
2086 2162 2226 2207 ante
2260 2146 2465 2226 ipsum
2500 2146 2691 2206 limen
2725 2145 3052 2221 Ecclesiae,

429 2270 628 2331 usque
683 2254 834 2313 dum
888 2254 1320 2333 ingrediuntur
1372 2274 1607 2328 omne-5,
1659 2269 1715 2314 et
1764 2269 1973 2334 postea
2022 2254 2210 2331 erigat
2252 2273 2336 2327 se,
2371 2268 2484 2313 stet
2516 2251 2679 2313 foras
2713 2251 3044 2312 Ecclesiam

430 2373 568 2418 ante
589 2359 793 2438 ipsum
816 2362 1065 2438 ostium,
1085 2361 1335 2441 impleat
1354 2360 1435 2421 ibi
1457 2360 1734 2421 officium
1768 2380 1973 2435 suum,
2007 2360 2069 2421 in
2101 2376 2405 2440 quantum
2440 2373 2657 2441 potest.
2707 2358 3045 2437 Egredien-

430 2465 592 2525 tibus
639 2467 713 2526 de
748 2467 1015 2528 Ecclesia
1049 2468 1324 2529 similiter
1359 2485 1693 2548 prostratus
1728 2467 1935 2545 jaceat,
1972 2488 2169 2549 usque
2204 2468 2358 2529 dum
2392 2486 2612 2529 omnes
2644 2467 3050 2546 egrediuntur

432 2569 627 2631 foras:
679 2587 738 2631 et
784 2572 1004 2649 jacens,
1052 2574 1149 2633 vel
1194 2590 1358 2634 stans
1404 2590 1545 2635 ante
1595 2575 1801 2655 ipsum
1834 2575 2025 2636 limen
2059 2595 2202 2635 cum
2238 2575 2413 2635 nullo
2448 2574 2702 2637 homine
2736 2575 3047 2652 loquatur.

648 2679 741 2740 De
774 2679 1132 2742 abstinentia
1170 2699 1333 2759 vere,
1371 2682 1690 2762 quamdiu,
1722 2682 1820 2742 vel
1852 2681 2112 2763 qualiter
2145 2682 2453 2763 Episcopo
2487 2681 2688 2742 visum
2721 2678 2921 2756 fuerit,
2954 2678 3054 2738 vel

433 2785 540 2865 qui
587 2789 705 2847 sub
754 2806 828 2846 eo
874 2803 1036 2866 sunt,
1085 2808 1396 2866 mensura,
1445 2790 1542 2849 vel
1590 2791 1761 2866 hora,
1809 2810 1933 2870 qua
1981 2791 2034 2850 ei
2081 2790 2299 2849 viderit
2344 2805 2728 2868 competere:
2778 2806 2982 2866 neque
3015 2807 3052 2845 a

434 2913 759 2974 quoquam
793 2896 1210 2973 benedicatur,
1247 2917 1447 2977 usque
1481 2898 1634 2958 dum
1668 2899 2118 2960 reconcilietur.
2184 2898 2314 2974 Qui
2346 2899 2499 2959 dum
2533 2912 2785 2958 vocatus
2819 2895 3053 2956 venerit

434 3001 507 3061 ad
557 3003 1085 3063 reconciliandum
1133 3022 1274 3064 ante
1307 3004 1688 3084 Episcopum
1721 3006 1815 3065 vel
1853 3007 2106 3067 Clerum
2141 3024 2284 3064 cum
2319 3004 2491 3065 omni
2528 3003 2870 3064 humilitate
2908 3021 3052 3082 pro-

359 3143 377 3172 ς
436 3124 658 3170 stratus
705 3111 880 3171 omni
926 3130 1187 3191 corpore
1235 3111 1300 3171 in
1347 3127 1502 3171 terra
1537 3128 1699 3192 petat
1732 3114 1807 3172 ab
1842 3114 2138 3174 omnibus
2171 3112 2444 3182 veniam;
2495 3126 2552 3170 et
2584 3110 2925 3192 Episcopus
2956 3127 3051 3168 se-

437 3219 716 3278 cundum
750 3219 1034 3278 ordinem
1071 3218 1445 3280 canonicum
1480 3238 1624 3279 eum
1659 3219 2025 3280 reconciliet.

651 3327 801 3405 Cap.
837 3325 1030 3388 XXV.
1090 3325 1193 3414 Df’
1226 3324 1682 3384 Arclzidiacono
1714 3325 1811 3383 vel
1837 3324 2226 3387 PrimiceriO.
2289 3325 2555 3406 Oportet
2600 3345 2707 3385 eos
2741 3342 2871 3384 esse
2906 3342 3052 3403 pru-

438 3434 651 3494 dentes
684 3433 841 3493 sicut
873 3414 1205 3512 serpentes,
1238 3447 1297 3492 et
1328 3431 1635 3511 simplices
1667 3429 1825 3492 sicut
1859 3433 2210 3492 columbas:
2262 3432 2323 3491 id
2358 3449 2462 3508 est,
2496 3447 2565 3492 ut
2595 3431 2715 3491 sint
2747 3430 3055 3509 sapientes

437 3541 502 3601 in
535 3542 797 3616 bonum,
830 3555 887 3599 et
918 3539 1224 3618 simplices
1258 3537 1319 3597 in
1354 3538 1619 3608 malum;
1671 3553 1730 3597 et
1762 3537 1929 3597 docti
1961 3537 2289 3617 Evangelia
2324 3553 2381 3598 et
2414 3555 2766 3599 sanctorum
2805 3537 3053 3598 Parrum

440 3647 707 3707 instituta
742 3664 1077 3721 canonum,
1111 3659 1179 3704 ut
1213 3642 1450 3723 possint
1483 3643 1703 3703 docere
1725 3643 1983 3705 Clerum
2017 3643 2081 3703 in
2113 3644 2245 3722 lege
2280 3643 2486 3704 divina
2520 3659 2577 3704 et
2609 3641 2798 3720 hujus
2831 3662 3051 3723 parvae

440 3753 854 3815 institutionis,
918 3754 991 3813 Et
1024 3753 1110 3813 sic
1143 3773 1205 3812 se
1240 3750 1635 3812 conforment
1668 3751 1875 3828 ClerO,
1928 3765 1992 3811 ut
2025 3771 2154 3811 non
2190 3766 2427 3812 tantum
2461 3750 2660 3811 verbis
2693 3749 3053 3829 capacibus:

437 3862 542 3922 sed
577 3864 762 3922 etiam
801 3860 1086 3940 exemplo
1122 3858 1601 3939 simplicioribus
1634 3858 1840 3918 divina
1875 3874 2193 3938 praecepta
2229 3859 2688 3919 demonstrent:
2740 3858 2848 3937 qui
2885 3863 3055 3937 Apo-

436 3969 575 4029 stoli
609 3969 833 4029 debent
865 3986 1108 4047 semper
1140 3985 1379 4026 servare
1416 3966 1679 4026 formam
1713 3965 1774 4025 in
1809 3985 1931 4044 qua
1972 3965 2149 4028 dicit:
2199 3966 2438 4044 Argue,
2472 3964 2746 4037 obsecra,
2781 3966 3056 4043 increpa,

439 4073 499 4134 id
546 4090 635 4135 est
680 4075 944 4135 miscens
976 4074 1360 4153 temporibus
1395 4088 1692 4151 tempora,
1728 4071 2063 4131 terroribus
2097 4071 2541 4138 blandimenta:
2592 4069 2653 4128 id
2687 4084 2775 4128 est
2806 4068 3054 4128 indisci-

439 4182 701 4263 plinatos
748 4198 807 4243 et
851 4182 1164 4262 inquietos
1210 4181 1436 4241 debent
1481 4181 1697 4242 durius
1743 4196 2032 4259 arguere:
2068 4180 2426 4241 obedientes
2459 4193 2664 4239 autem
2700 4192 2759 4237 et
2790 4177 2967 4236 mites
2999 4192 3056 4236 et

439 4291 752 4372 patienteS,
800 4305 868 4349 ut
914 4290 976 4350 in
1026 4289 1248 4348 melius
1296 4288 1634 4368 proficiant,
1684 4290 2039 4349 obsecrare:
2091 4286 2470 4366 negligentes
2505 4302 2562 4345 ct
2595 4300 3060 4345 contemnentes

439 4413 497 4459 et
528 4401 849 4478 superbOS,
902 4413 967 4458 ut
1013 4398 1353 4475 increpent,
1403 4413 1460 4456 et
1510 4396 1861 4476 corripiant,
1912 4389 2116 4473 neque
2164 4392 2553 4454 dissimulent
2587 4410 2827 4473 peccata
2861 4392 3057 4452 delin-

440 4506 788 4585 quentium,
834 4505 940 4565 sed
989 4525 1152 4576 mox,
1205 4520 1271 4564 ut
1319 4503 1629 4584 coeperint
1679 4502 1844 4578 oriri,
1877 4493 2184 4578 radicitus,
2223 4517 2287 4560 ut
2323 4501 2686 4580 praevalent,
2719 4515 3057 4580 amputent,

439 4631 748 4672 memores
781 4611 1033 4691 periculi
1069 4612 1209 4672 Heli
1244 4610 1588 4671 Sacerdotis
1622 4611 1696 4670 de
1731 4609 1894 4678 Silo;
1946 4624 2005 4668 et
2038 4607 2423 4669 honestiores
2456 4607 2714 4687 quidem
2748 4621 2932 4686 atque
2966 4606 3042 4666 in·

439 4718 783 4796 telligibiles
832 4718 1029 4798 prima
1081 4734 1138 4778 et
1187 4718 1457 4778 secunda
1492 4715 1923 4776 admonitione
1955 4716 2155 4775 verbis
2186 4714 2546 4795 corripiant;
2598 4713 2917 4793 improbos
2950 4731 3057 4772 au-

440 4842 564 4887 tem
598 4847 667 4887 ac
701 4826 891 4886 duros
924 4827 1109 4887 corde
1143 4845 1210 4886 ac
1244 4827 1565 4905 superbos,
1614 4822 1711 4882 vel
1744 4821 2166 4882 inobedientes
2199 4824 2447 4881 verbere
2481 4838 2538 4881 et
2571 4822 2849 4900 corporis
2884 4819 3059 4880 casti-

441 4934 684 5013 gatione
732 4934 794 4994 in
847 4934 981 5014 ipso
1032 4934 1203 4994 initio
1253 4932 1479 5013 peccati
1529 4946 1869 5008 coerceant,
1918 4929 2176 4990 scientes
2207 4930 2522 5009 scriptum.
2590 4928 2827 4989 Slultus
2861 4927 3064 4989 verbis

605 5053 754 5096 Gala
773 5061 898 5094 nte:
929 5051 1097 5095 Fontes
1125 5051 1207 5103 jur.
1236 5063 1333 5094 can.
1994 5049 1999 5054 '
2709 5029 2775 5103 38
