3684 5416
293 1507 346 1539 to

298 2051 345 2093 ⁸5

294 3117 349 3161 ²5

296 3659 354 3705 30

295 4194 351 4239 35

400 418 450 424 φ
1407 327 1676 396 Pontifex
1715 358 2008 397 romanus.
2717 389 2721 394 .
2918 362 2954 413 4
2960 362 2986 416 3
2995 363 3023 416 5

611 534 640 594 S
675 527 733 587 6.
796 524 1246 604 Suffragiorum
1295 541 1503 586 autem
1550 525 1882 587 schedulae
1929 526 2315 603 huiusmodi,
2358 542 2481 588 tam
2526 528 2802 589 scrutinii
2833 548 3027 608 quam

397 650 699 710 accessus,
753 632 856 693 ubi
904 630 1036 693 fieri
1081 632 1368 714 potuerit,
1421 633 1753 714 impressae
1787 632 2054 693 omnino
2088 653 2219 693 esse
2253 633 2550 708 debeant;
2604 635 2711 696 ubi
2748 654 2877 696 non
2910 654 3023 717 po-

397 739 595 816 tuerit,
648 737 839 800 unius
887 754 1131 800 tanturn
1184 759 1375 801 manu
1431 739 1692 820 scriptae
1743 739 1884 815 sint,
1934 739 2015 800 ita
2061 739 2363 818 videlicet,
2408 756 2476 802 ut
2517 755 2641 801 tam
2677 740 3025 823 impressae,

398 864 586 924 quam
631 844 715 906 ita
761 845 1040 926 scriptae,
1089 866 1159 908 ea
1206 846 1443 924 omnia,
1482 865 1642 926 quae
1677 846 1739 906 in
1775 846 2086 907 schedulis
2118 847 2485 909 huiusmodi
2518 847 2774 927 exprimi
2806 849 3025 927 solent,

397 955 771 1033 contineant,
825 969 1062 1036 praeter
1111 954 1241 1014 sola
1293 955 1549 1015 nomina
1602 973 1718 1014 seu
1766 954 2302 1015 denominationes
2339 954 2618 1032 eligentis
2650 970 2709 1016 et
2740 955 2934 1033 electi,
2967 971 3026 1017 et

401 1060 778 1142 infrascripta
828 1060 1023 1141 signa,
1068 1079 1231 1141 quae
1279 1060 1492 1121 omnia
1539 1080 1737 1121 manu
1772 1061 2056 1121 eiusdem
2088 1059 2364 1139 eligentis
2397 1061 2771 1134 scribantur;
2821 1077 2878 1123 et
2911 1083 3024 1124 no-

400 1186 543 1228 men
591 1167 848 1248 quidem
894 1167 1173 1246 eligentis
1221 1167 1284 1228 in
1330 1168 1529 1249 prima
1562 1182 1727 1248 parte
1760 1166 2109 1243 schedulae,
2142 1166 2313 1238 electi
2347 1186 2492 1228 vero
2526 1166 2589 1228 in
2624 1169 2930 1248 sequenti,
2962 1183 3022 1231 et

399 1292 611 1335 rursus
643 1273 835 1350 electi,
870 1289 1180 1354 quantum
1216 1273 1345 1334 fieri
1386 1275 1629 1355 poterit,
1671 1274 2014 1335 charactere
2049 1274 2319 1353 alterato,
2354 1273 2435 1335 ita
2468 1289 2535 1334 ut
2568 1277 2856 1355 cognosci
2890 1296 3023 1338 non

403 1381 626 1462 possit:
679 1400 877 1460 eaque
924 1377 1259 1442 schedulae
1305 1401 1461 1462 pars,
1507 1380 1571 1442 in
1618 1400 1743 1461 qua
1794 1380 1909 1441 erit
1955 1380 2234 1460 eligentis
2279 1400 2532 1458 nomen,
2582 1381 2920 1460 claudetur,
2955 1402 3025 1445 ac

398 1487 600 1567 sigillo
631 1487 708 1548 ad
740 1487 860 1549 hoc
894 1503 1121 1568 parato,
1154 1507 1224 1548 ac
1254 1503 1480 1549 secrete
1517 1488 1744 1564 habito,
1777 1507 1906 1549 non
1938 1503 2150 1548 autem
2182 1507 2259 1549 eo
2290 1508 2422 1568 quo
2454 1488 2722 1569 quisque
2745 1489 2833 1550 uti
2854 1490 3026 1566 solet,

400 1594 776 1674 obsignetur.
809 1595 893 1658 Ut
924 1610 1131 1656 autem
1165 1594 1358 1656 videri
1391 1595 1602 1676 possit,
1635 1614 1734 1673 ne,
1769 1594 1883 1675 qui
1918 1594 2097 1655 alicui
2133 1595 2398 1673 accessit,
2419 1595 2704 1657 eidemin
2726 1596 3024 1658 scrutinio

398 1701 764 1781 suffragium
797 1701 1051 1779 dederit,
1094 1702 1425 1764 schedulae
1467 1722 1687 1764 omnes
1719 1703 1973 1763 duobus
2008 1702 2142 1764 aliis
2175 1700 2368 1780 signis
2401 1702 2466 1764 in
2497 1703 2711 1764 ultima
2746 1719 2911 1784 parte
2942 1704 3023 1764 si-

401 1823 686 1889 gnentur,
736 1826 1000 1869 numero
1053 1827 1278 1890 nempe
1328 1808 1556 1890 aliqu0,
1608 1824 1666 1869 et
1726 1808 1894 1870 brevi
1947 1809 2111 1870 dicto
2152 1828 2357 1869 sacrae
2388 1809 2742 1891 scripturae,
2776 1811 2870 1871 vel
2905 1812 3025 1872 alio

404 1915 787 1991 huiusmodi,
831 1933 992 1995 quae
1039 1914 1214 1994 signa
1260 1914 1326 1976 iu
1381 1930 1643 1995 utraque
1694 1914 2007 1990 schedula,
2038 1929 2160 1975 tam
2194 1914 2468 1976 scrutinii
2503 1936 2692 1997 quam
2725 1937 3024 1995 accessus,

404 2023 619 2083 eadem
653 2022 791 2083 sint.

615 2138 644 2198 s
681 2150 737 2197 7.
771 2128 985 2188 Postea
1021 2146 1167 2188 vero
1200 2147 1338 2209 pars
1370 2128 1471 2190 illa
1507 2128 1860 2206 schedulae,
1895 2128 2002 2190 ubi
2036 2128 2186 2189 haec
2217 2128 2392 2208 signa
2425 2145 2624 2209 erunt,
2645 2128 2829 2190 etiam
2851 2149 3025 2192 com-

406 2235 661 2315 plicetur
693 2250 752 2296 et
783 2236 1164 2324 obsignetur,
1200 2253 1278 2295 ne
1310 2255 1343 2294 a
1376 2236 1825 2297 scrutatoribus
1858 2235 2047 2297 videri
2083 2236 2292 2318 possit,
2333 2236 2450 2297 nisi
2483 2252 2812 2318 postquam
2847 2237 3028 2297 fuerit

404 2363 509 2426 per
540 2342 907 2403 scrutinium
939 2358 997 2403 et
1029 2360 1345 2404 accessum
1378 2340 1595 2402 electio
1630 2341 1925 2424 perfecta;
1977 2360 2107 2422 quo
2141 2362 2285 2404 casu
2318 2343 2648 2406 schedulae
2680 2363 2959 2405 accessus
2992 2364 3024 2404 a

404 2450 843 2512 scrutatoribus
875 2469 942 2511 ea
977 2450 1043 2510 in
1074 2466 1264 2532 parte,
1301 2449 1409 2511 ubi
1442 2450 1572 2512 duo
1604 2449 1908 2532 praedicta
1940 2465 2082 2511 sunt
2132 2451 2330 2530 signa,
2378 2452 2756 2531 aperiantur3
2823 2451 3023 2532 iisque

406 2558 692 2639 inspectis
738 2572 797 2618 et
843 2577 1056 2619 earum
1107 2557 1342 2637 sigillis,
1393 2557 1548 2619 aliae
1582 2557 1912 2618 schedulae
1946 2576 2090 2618 cum
2121 2556 2339 2619 iisdem
2374 2557 2566 2637 signis
2598 2573 2838 2620 notatae
2869 2574 2927 2619 et
2957 2559 3021 2620 in

404 2664 699 2727 scrutinio
733 2664 906 2726 datae
938 2665 1337 2747 reperiantur,
1371 2679 1440 2726 ut
1474 2664 1751 2727 videlicet
1783 2683 1863 2726 an
1896 2663 2025 2725 duo
2060 2664 2210 2726 haec
2244 2663 2421 2744 signa
2441 2680 2499 2726 et
2518 2664 2786 2747 sigillum
2808 2666 3023 2729 eadem

405 2773 527 2834 sint
573 2788 1006 2852 cognoscatur,
1056 2789 1115 2834 et
1160 2772 1304 2834 inde
1351 2772 1482 2834 duo
1528 2772 1817 2851 suffragia
1865 2774 1940 2833 ab
1990 2771 2214 2832 eodem
2261 2771 2691 2834 cardinalium
2724 2773 2861 2834 data
2893 2792 3026 2835 non

406 2881 593 2943 fuisse
624 2898 928 2961 appareat.

620 2998 650 3058 S
686 2992 742 3052 8.
806 2993 887 3048 At
930 2986 980 3047 si
1012 2986 1171 3047 inter
1201 2987 1535 3049 schedulas
1566 2987 1844 3048 scrutinii
1876 2987 2046 3049 nulla
2079 2987 2413 3068 reperietur
2443 2987 2662 3047 iisdem
2694 2986 2879 3066 signis
2912 3006 3027 3047 no·

406 3113 544 3173 tata,
593 3096 821 3176 quibus
870 3093 1166 3155 schedula
1217 3114 1496 3156 accessus
1548 3095 1782 3174 signata
1832 3095 1962 3173 erit,
2014 3110 2119 3156 aut
2163 3095 2213 3155 si
2262 3095 2404 3174 quis
2451 3094 2651 3156 eidem
2686 3095 3024 3171 accesserit,

407 3223 598 3285 quem
644 3203 709 3264 in
756 3201 1053 3263 scrutinio
1100 3200 1530 3280 nominaverit,
1576 3217 1842 3283 utroque
1891 3221 2036 3261 casu
2068 3201 2431 3280 suffragium
2464 3220 2747 3265 accessus
2781 3201 3023 3263 nullum

406 3312 497 3374 sit.
560 3309 943 3399 Subscriptio
976 3324 1202 3387 autem,
1235 3328 1346 3370 seu
1380 3327 1618 3370 nomen
1652 3308 1951 3386 eligentis,
1987 3308 2281 3386 resignari
2317 3328 2441 3369 non
2476 3309 2689 3388 possit,
2721 3307 2836 3368 nisi
2871 3327 3026 3368 con-

408 3419 619 3497 tingat,
668 3434 733 3478 ut
782 3416 1054 3496 sigillum
1102 3430 1161 3476 et
1192 3415 1306 3476 alia
1341 3416 1473 3477 duo
1506 3414 1810 3496 praedicta
1841 3414 2012 3492 signa
2046 3413 2174 3474 sint
2206 3415 2418 3475 eadem
2453 3434 2597 3474 cum
2630 3414 2821 3493 signis
2853 3429 2912 3474 et
2944 3414 3027 3473 si-

407 3524 560 3606 gillo
591 3524 851 3585 alicuius
884 3522 1129 3584 alterius
1163 3520 1509 3599 cardinalis,
1547 3536 1653 3582 aut
1684 3521 1799 3581 alia
1833 3519 2189 3580 difficultate
2221 3535 2497 3599 cogente.

621 3639 651 3699 S
686 3652 744 3707 9.
806 3629 1000 3705 Quod
1046 3644 1251 3689 autem
1299 3628 1510 3689 attinet
1560 3629 1636 3688 ad
1671 3646 1907 3688 nomen
1939 3626 2130 3701 electi,
2163 3625 2318 3686 illud
2350 3644 2426 3685 eo
2456 3625 2651 3685 modo
2683 3646 2716 3685 a
2749 3624 3026 3685 cardina-

408 3738 570 3798 libus
616 3738 929 3810 scribatur,
978 3737 1306 3817 quomodo
1355 3735 1417 3797 in
1473 3735 1623 3795 folio
1673 3735 1994 3815 impress0,
2037 3733 2142 3793 ubi
2176 3733 2239 3793 in
2274 3732 2547 3793 conclavi
2584 3732 2779 3793 notari
2810 3731 3029 3793 suffra-

408 3844 508 3924 gia
539 3843 758 3905 solent.
820 3844 1153 3921 Praeterea,
1190 3859 1257 3904 ut
1290 3857 1528 3904 secreto
1561 3842 1797 3902 cautius
1830 3842 2212 3917 consulatur,
2244 3838 2571 3900 schedulae
2591 3838 3030 3918 suffragiorum

410 3949 818 4012 conficiantur
863 3970 985 4011 una
1032 3970 1141 4011 seu
1191 3949 1471 4031 pluribus
1517 3949 1582 4008 in
1629 3948 1860 4009 mensis
1904 3947 1967 4009 in
2020 3947 2224 4008 media
2257 3946 2529 4027 cappella
2573 3945 2934 4020 constitutis,
2968 3945 3030 4019 it,

411 4078 446 4118 a
478 4052 893 4119 cardinalibus
926 4056 1176 4118 remotis
1210 4071 1268 4116 et
1300 4054 1777 4136 circumspectis,
1815 4070 1883 4114 ut
1915 4053 2071 4133 quid
2103 4051 2402 4113 scribatur
2431 4054 2506 4112 ab
2527 4052 2656 4112 aliis
2677 4051 2865 4112 videri
2901 4069 3026 4110 non

411 4166 621 4248 possit.
684 4165 747 4227 Si
780 4165 923 4246 quis
957 4184 1101 4225 vero
1134 4164 1208 4224 ad
1245 4182 1525 4224 mensam
1560 4163 1869 4239 accedere,
1920 4161 2254 4243 impeditus
2301 4158 2651 4221 valetudine
2697 4175 2824 4218 non
2858 4172 3030 4238 pote-

413 4276 503 4344 rit,
555 4275 605 4335 is
655 4273 1020 4353 suffragium
1070 4289 1259 4332 suum
1310 4272 1375 4330 in
1424 4270 1564 4330 loco
1618 4288 1735 4330 suo
1781 4285 2008 4330 secrete
2064 4268 2366 4330 conficere
2412 4266 2647 4342 debeat,
2680 4279 2738 4325 et
2769 4265 2843 4325 ad
2878 4262 3032 4325 illud

412 4382 842 4464 accipiendum
876 4379 1130 4440 ultimus
1162 4392 1573 4438 scrutatorum
1608 4376 1878 4438 accedat.

625 4498 654 4557 S
701 4508 791 4549 io.
855 4487 929 4547 Et
974 4502 1042 4546 ut
1087 4503 1367 4546 accessus
1415 4499 1642 4544 secrete
1697 4481 1881 4542 etiam
1915 4496 2260 4562 peragatur,
2295 4478 2591 4540 scrutinio
2625 4478 2953 4559 publicato,
2984 4477 3032 4538 si

413 4596 628 4656 electio
674 4614 782 4675 per
826 4611 1201 4655 consensum
1248 4591 1515 4652 duarum
1564 4589 1826 4670 partium
1878 4587 1942 4648 in
1975 4608 2051 4649 eo
2085 4606 2216 4648 non
2251 4586 2431 4648 fuerit
2463 4586 2782 4661 celebrata,
2817 4584 3033 4659 statim,

414 4717 746 4781 antequam
792 4701 868 4761 ad
915 4702 1067 4763 alios
1101 4717 1271 4763 actus
1303 4700 1683 4775 deveniatur,
1716 4697 2057 4759 cardinales
2089 4696 2452 4757 schedulam
2486 4712 2599 4774 pro
2630 4712 2874 4755 accessu
2909 4690 3034 4751 for-

417 4824 644 4870 matam
693 4809 1013 4889 praedictis
1057 4809 1123 4870 in
1171 4807 1402 4870 mensis
1452 4806 1772 4882 conficere,
1807 4804 1967 4866 sicut
1997 4805 2059 4865 in
2092 4802 2405 4879 scrutinio,
2437 4815 2778 4863 teneantur.
2841 4798 3035 4860 Porro

418 4936 567 4977 usus
611 4915 1049 4977 schedularum
1097 4936 1210 4998 pro
1259 4936 1507 4978 accessu
1545 4913 1678 4974 talis
1711 4913 1839 4974 erit.
1904 4911 2031 4987 Qui
2068 4909 2352 4973 accedere
2385 4908 2566 4969 alicui
2600 4927 2672 4969 ex
2704 4905 3037 4967 nominatis

2718 5007 2821 5063 28*
