3684 5416
289 1596 346 1630 10

283 2259 341 2304 ¹5

280 2859 346 2892 20

282 3394 344 3440 ²5

291 4471 354 4516 3⁵

395 500 451 507 —
1043 427 1308 481 Potestas
1347 424 1726 481 ecclesiastica
1765 438 1822 480 et
1860 425 2164 496 imperium
2203 425 2380 481 civile.
2913 443 3009 510 ¹33

621 628 721 676 27.
758 607 969 686 Quam
1003 607 1107 690 [sc.
1127 610 1446 672 ecclesiam
1476 609 1670 672 sancti
1702 607 1877 690 Petri]
1912 627 2058 671 cum
2086 610 2237 672 tanti
2270 611 2582 692 penderet,
2616 626 2823 672 tamen
2857 611 3011 672 intra

398 737 483 795 47
519 735 848 790 annorum,
880 717 1109 798 quibus
1141 732 1519 797 regnaverat,
1552 718 1819 799 spatium
1842 733 2059 798 quater
2074 733 2313 779 tantum
2333 717 2439 779 illo
2460 733 2746 780 votorum
2768 719 3014 780 solven-

399 823 630 885 dorum
676 844 746 886 ac
789 823 1179 906 supplicandi
1219 843 1401 886 causa
1433 824 1743 906 profectus
1775 840 1882 887 est.
1919 858 1994 869 —
2037 826 2139 886 28.
2174 823 2391 887 Ultimi
2422 824 2721 887 adventus
2751 825 2849 886 sui
2882 844 3012 887 non

398 931 610 992 solum
658 931 773 992 hae
823 930 995 994 fuere
1043 950 1262 993 causae
1307 948 1527 993 verum
1571 932 1757 993 etiarn
1800 931 1974 1012 quod
2010 931 2281 993 Romani
2312 932 2591 994 Leonem
2632 931 3011 1014 pontificem,

399 1037 615 1098 multis
662 1037 953 1100 affectum
1000 1039 1257 1116 iniuriis,
1306 1039 1493 1100 erutis
1542 1036 1771 1100 scilicet
1820 1038 2018 1100 oculis
2065 1039 2403 1120 linguaque
2450 1054 2778 1120 amputata,
2824 1037 3013 1100 fldem

398 1144 563 1223 regis
591 1143 923 1225 implorare
954 1145 1407 1227 compulerunt.
1439 1146 1672 1208 Idcirco
1691 1147 1966 1207 Romam
1995 1145 2265 1223 veniens,
2296 1161 2547 1228 propter
2576 1146 3010 1227 reparandum,

399 1251 512 1332 qui
543 1251 728 1313 nimis
761 1255 1159 1315 conturbatus
1190 1270 1336 1330 erat,
1367 1253 1653 1316 ecclesiae
1683 1269 1911 1314 statum
1943 1253 2025 1315 ibi
2055 1268 2257 1314 toturn
2288 1252 2509 1314 hiemis
2540 1267 2785 1334 tempus
2817 1268 3012 1314 extra-

399 1357 506 1419 xit.
571 1358 721 1434 Quo
752 1375 1032 1443 tempore
1061 1361 1447 1442 imperatoris
1478 1375 1539 1422 et
1567 1360 1814 1441 augusti
1847 1378 2081 1422 nomen
2114 1359 2362 1442 accepit.
2415 1359 2608 1435 Quod
2642 1360 2913 1442 primum
2947 1359 3012 1420 in

399 1479 646 1526 tantum
675 1483 982 1529 aversatus
1013 1483 1123 1546 est,
1158 1483 1226 1530 ut
1255 1467 1623 1544 adfirmaret,
1654 1487 1719 1529 se
1764 1487 1841 1531 eo
1885 1468 2000 1546 die,
2046 1468 2329 1549 quamvis
2367 1467 2691 1550 praecipua
2729 1466 3014 1529 festivitas

401 1588 578 1652 esset,
630 1574 949 1636 ecclesiam
997 1594 1126 1637 non
1157 1575 1546 1654 intraturum,
1576 1575 1627 1637 si
1659 1574 1970 1657 pontificis
2000 1575 2332 1637 consilium
2363 1575 2663 1657 praescire
2693 1575 3012 1657 potuisset.

401 1679 704 1743 Invidiam
747 1697 954 1744 tamen
999 1683 1265 1764 suscepti
1311 1682 1605 1756 nominis
1637 1683 1940 1745 Romanis
1976 1682 2450 1764 imperatoribus
2480 1702 2667 1763 super
2698 1682 2822 1743 hoc
2851 1681 3011 1743 indi·-

389 1788 755 1868 gnantibus,
803 1808 1025 1870 magna
1067 1790 1209 1851 tulit
1251 1789 1551 1872 patientia.
1614 1790 1897 1871 Vicitque
1942 1808 2162 1851 eorum
2208 1790 2666 1852 contumaciam
2698 1790 3015 1871 magnani-

401 1895 631 1970 mitate,
675 1914 799 1976 qua
843 1896 930 1958 eis
962 1895 1177 1979 procul
1210 1897 1403 1958 dubio
1433 1897 1623 1977 longe
1668 1897 2071 1978 praestantior
2112 1912 2259 1976 erat,
2304 1896 2602 1958 mittendo
2636 1898 2712 1959 ad
2745 1913 2853 1958 eos
2884 1916 3016 1957 cre-

402 2003 544 2061 bras
572 2001 911 2081 legationes
940 2019 1000 2066 et
1029 2003 1092 2066 in
1123 2003 1398 2087 epistolis
1429 2004 1638 2066 fratres
1669 2023 1777 2065 eos
1809 2004 2200 2086 appellandO.
2267 2002 2327 2083 [l.
2359 2024 2407 2068 c.
2442 2023 2579 2085 pag.
2620 2000 2739 2083 24]

1012 2238 1248 2295 LIBER
1284 2238 1818 2296 Ponwmcaus
1835 2254 1856 2297 ε
1894 2238 1947 2294 V
1962 2238 1978 2293 i
1994 2250 2064 2295 ta
2105 2237 2149 2293 L
2166 2255 2197 2293 e
2215 2255 2250 2293 o
2270 2238 2397 2294 nis.

622 2346 651 2374 ·
688 2347 845 2400 Liber
881 2347 1230 2419 Pontificalis.
1270 2346 1361 2402 ed.
1401 2347 1453 2402 D
1473 2364 1509 2401 u
1526 2363 1556 2402 c
1573 2347 1702 2402 hes
1719 2363 1824 2401 ne.
1863 2346 2038 2402 Tom.
2067 2345 2129 2401 11.
2156 2363 2208 2418 p.
2239 2359 2292 2418 7.

600 2505 668 2583 (c.
694 2506 813 2588 23.)
848 2506 989 2567 Post
1020 2507 1171 2569 haec
1201 2505 1562 2569 adveniente
1582 2507 1680 2569 die
1702 2506 1916 2569 natalis
1935 2505 2171 2567 domini
2190 2503 2384 2567 nostri
2401 2504 2542 2567 Jesu
2566 2503 2793 2566 Christi
2810 2502 2875 2565 in
2897 2502 3021 2564 iam

403 2613 568 2675 dicta
615 2613 856 2675 basilica
902 2613 1059 2675 beati
1091 2614 1249 2676 Petri
1291 2615 1551 2695 apostoli
1601 2633 1824 2677 omnes
1870 2614 2090 2675 iterum
2135 2611 2490 2692 congregati
2533 2626 2694 2673 sunt.
2758 2609 2835 2671 Et
2867 2623 3019 2670 tunc
3108 2657 3111 2658 ν

401 2720 772 2783 venerabilis
816 2737 875 2783 et
919 2721 1222 2784 almificus
1266 2724 1510 2804 praesul
1542 2721 1829 2784 manibus
1874 2722 2001 2784 suis
2032 2721 2291 2804 propriis
2323 2719 2759 2802 pretiosissima
2791 2736 3021 2780 corona

406 2827 728 2890 coronavit
758 2847 922 2890 eum.
959 2828 1144 2890 Tunc
1174 2829 1442 2891 universi
1474 2829 1686 2892 fideles
1718 2829 1992 2891 Romani
2025 2829 2299 2890 videntes
2329 2842 2560 2890 tantam
2595 2825 3019 2889 defensionem

409 2951 470 2996 et
515 2935 930 3015 dilectionem,
981 2955 1170 3017 quam
1215 2955 1357 3016 erga
1402 2952 1678 2999 sanctam
1711 2937 2065 2999 Romanam
2108 2935 2426 2998 ecclesiam
2471 2949 2533 2996 et
2562 2934 2696 2996 eius
2726 2932 3021 2995 vicarium

408 3042 647 3119 habuit,
693 3042 1068 3105 unanimiter
1112 3043 1370 3106 altisona
1402 3063 1572 3121 voce,
1619 3044 1720 3105 dei
1752 3060 1909 3106 nutu
1942 3060 2127 3125 atque
2158 3042 2317 3105 beati
2349 3041 2505 3104 Petri
2537 3040 2819 3122 clavigeri
2849 3039 3022 3119 regni

407 3148 732 3211 coelorum
764 3150 1283 3212 exclamaverunt:
1326 3151 1620 3230 «Kar010,
1653 3151 1932 3233 piissimo
1963 3167 2229 3231 augusto
2247 3171 2280 3211 a
2301 3151 2422 3213 deo
2442 3164 2758 3225 coronato,
2789 3164 3022 3225 magno

409 3271 469 3317 et
514 3254 769 3336 pacifico
815 3256 1184 3338 imperatori,
1229 3256 1349 3317 vita
1395 3272 1453 3318 et
1496 3256 1817 3319 victorial»
1888 3263 2051 3320 Ante
2094 3275 2328 3318 sacram
2375 3254 2830 3318 confessionem
2863 3251 3024 3313 beati

407 3362 570 3424 Petri
603 3362 888 3445 apostoli,
921 3363 1128 3445 plures
1159 3380 1404 3425 sanctos
1436 3363 1813 3441 invocantes„
1847 3380 1938 3424 ter
1967 3362 2205 3424 dictum
2224 3376 2342 3437 est3
2376 3376 2435 3422 et
2455 3363 2530 3422 ab
2551 3360 2848 3424 omnibus
2866 3377 3016 3420 con-

409 3469 698 3531 stitutum
741 3487 831 3532 est
875 3470 1205 3554 imperator
1246 3473 1698 3534 Romanorum.
1762 3469 1830 3549 (c.
1868 3471 1969 3551 24)
2016 3470 2162 3532 Ilico
2206 3468 2624 3532 sanctissimus
2668 3466 2918 3529 antistes
2965 3481 3024 3526 et

410 3576 689 3658 pontifex
735 3578 912 3640 unxit
957 3578 1098 3641 oleo
1143 3595 1356 3641 sancto
1387 3579 1641 3657 Kar010,
1689 3578 2198 3640 excellentissimo
2245 3576 2373 3638 filio
2408 3574 2559 3653 eius,
2594 3593 2755 3656 rege,
2787 3574 2848 3634 in
2882 3573 3016 3653 ipso

410 3684 511 3745 die
546 3685 758 3746 natalis
791 3685 1031 3748 domini
1064 3686 1252 3747 nostri
1288 3686 1423 3747 lesu
1458 3685 1704 3747 Christi.

531 3910 627 3968 43.
683 3912 1109 3968 Amwm‘rlo
1148 3911 1583 3969 &Emmaus
1623 3910 1916 3968 numm
1954 3909 2203 3966 MAGM
2240 3911 2375 3981 (789
2411 3925 2492 3967 m.
2530 3907 2755 3965 lartio
2791 3906 2914 3977 28).

636 4048 665 4076 ‘
705 4047 1036 4119 capitulana
1068 4065 1262 4119 vregvm
1295 4048 1643 4112 francorvm.
1683 4047 1771 4102 ed.
1802 4047 1905 4101 Bo
1924 4043 2181 4099 retivs.
2220 4045 2601 4109 (Monumenta
2636 4043 2832 4097 Germ.
2858 4040 2984 4098 haist.
3000 4061 3024 4104 ;

411 4128 614 4198 Legum
639 4127 772 4181 Sect.
800 4127 888 4194 11).
919 4128 1302 4183 Hannoverae
1337 4127 1513 4201 18832.
1541 4128 1708 4184 Tom.
1738 4128 1777 4182 1.
1801 4145 1859 4199 p.
1887 4126 2106 4199 53—62.
2147 4126 2199 4180 D
2217 4142 2253 4179 o
2272 4122 2454 4180 ellin
2470 4141 2554 4196 ge
2571 4141 2627 4186 r,
2653 4125 2774 4177 Das
2800 4123 3023 4176 Kaskar·

414 4209 570 4263 thum
607 4210 779 4263 Karls
815 4210 866 4263 d.
895 4210 1161 4263 Grossen.
1201 4209 1237 4267 l.
1276 4225 1323 4264 c.
1351 4226 1404 4281 p.
1431 4226 1498 4280 72
1527 4226 1647 4281 seq.
1702 4210 1751 4263 K
1768 4208 1918 4262 nits
1936 4225 1965 4262 c
1982 4207 2019 4262 h
2036 4207 2073 4261 k
2091 4224 2127 4279 y
2145 4247 2158 4271 ‚
2197 4205 2254 4261 in
2291 4205 2736 4275 Zeitschrfftfu‘r
2760 4204 3026 4258 Kirchen·

412 4289 585 4344 recht.
612 4288 754 4343 XIII.
781 4305 834 4360 p.
863 4304 1160 4361 397—400.
1212 4291 1262 4343 K
1278 4306 1308 4343 e
1326 4301 1348 4344 t
1364 4301 1386 4344 t
1403 4306 1434 4344 e
1450 4305 1522 4343 re
1541 4308 1595 4353 r,
1635 4291 1781 4343 Karl
1813 4290 1915 4343 der
1939 4289 2154 4343 Grosse
2190 4288 2306 4342 und
2325 4288 2410 4340 die
2437 4285 2650 4340 Kirche.
2690 4301 2746 4355 p.
2782 4301 2879 4354 ¹40
2905 4300 3030 4354 seq.

413 4368 670 4424 Muhlb
688 4385 721 4423 a
738 4367 943 4431 cher,
981 4370 1253 4424 Deutsche
1276 4369 1609 4425 Geschi'chte
1644 4375 1805 4425 unter
1840 4371 1942 4423 den
1971 4369 2344 4439 Karolingern
2371 4383 2424 4438 p.
2453 4367 2560 4436 264
2583 4382 2704 4437 seq.
2757 4366 2832 4417 W
2849 4362 2950 4419 ait
2966 4381 2995 4418 z
3018 4406 3030 4425 ,

412 4448 691 4504 Deutsche
738 4449 1441 4521 Verfassungsgeschkhtc.
1469 4450 1530 4504 11.
1567 4449 1664 4522 178
1690 4466 1809 4522 seq.
1876 4448 2008 4505 Gla
2029 4465 2055 4503 s
2072 4465 2099 4502 s
2115 4465 2151 4502 o
2170 4465 2239 4511 n,
2278 4448 2517 4502 Histoire
2552 4448 2626 4500 du
2663 4447 2814 4501 droit
2843 4449 2903 4498 et
2932 4445 3027 4498 des

412 4532 744 4584 institutions
779 4532 848 4584 de
883 4534 940 4585 la
979 4532 1205 4585 France.
1264 4530 1351 4584 111.
1393 4548 1447 4603 p.
1476 4531 1596 4603 596.
1660 4531 1699 4587 S
1722 4530 1930 4595 olmi,
1983 4532 2138 4585 Staio
2173 4550 2201 4583 e
2240 4529 2434 4584 Chiesa
2470 4529 2701 4582 secondo
2728 4529 2821 4598 gli
2850 4528 3034 4581 scritti

403 4613 623 4685 poliuti
650 4631 758 4665 ecc.
798 4627 851 4682 p.
889 4610 963 4666 18.
1034 4610 1439 4675 Merchier‚
1491 4614 1653 4667 Essai
1682 4630 1783 4667 sur
1819 4615 1870 4666 le
1899 4614 2328 4682 gouvernement
2358 4610 2425 4663 de
2471 4595 2707 4679 I'Eglise
2744 4626 2817 4661 au
2857 4611 3029 4679 temps

414 4693 484 4746 de
524 4691 945 4762 (Utar-lemque.
983 4690 1069 4747 St.
1097 4691 1356 4761 Quentin
1390 4691 1539 4764 1887.
1590 4694 1784 4761 (Mem.
1822 4694 1890 4746 de
1926 4695 1981 4746 la
2007 4693 2125 4745 Soc.
2150 4691 2324 4745 Acad.
2361 4691 2428 4743 de
2452 4691 2529 4743 St.
2558 4690 2813 4759 Quenizb.
2853 4687 3031 4741 Tom.

414 4772 561 4840 vn).
615 4771 667 4827 O
688 4771 800 4835 hr,
849 4774 969 4828 Der
1016 4774 1422 4845 karolingtkcbe
1471 4775 1841 4829 Gottesstaat.
1906 4771 2141 4843 Leipzig
2190 4788 2336 4843 ¹90²·
2423 4768 2673 4825 Lilien
2691 4768 2876 4831 sein,
2927 4770 3031 4822 Die

290 4880 361 4923 40
415 4854 855 4925 Anscbauungen
892 4872 991 4908 von
1029 4857 1188 4910 Staat
1225 4855 1341 4908 und
1373 4854 1578 4909 Kirche
1616 4854 1694 4907 im
1734 4853 1900 4909 Reich
1938 4854 2039 4907 der
2076 4854 2431 4921 Karolt'nger.
2482 4849 2833 4921 Heidelberg
2877 4866 3029 4920 ¹902·

416 4950 472 5006 p.
503 4933 570 5008 36
595 4949 714 5006 seq.
767 4933 1125 4998 Bartelli‚
1164 4936 1242 4989 La
1269 4937 1470 5007 polizia
1507 4935 1876 4988 ecclesiastica
1914 4933 2060 4986 della
2097 4934 2440 5002 legislazione
2477 4932 2803 5000 carolingica
2841 4928 3029 4983 Roma

403 5014 577 5088 ‚1895
