3684 5416
378 1535 428 1567 to

377 2071 424 2113 ¹5

371 2613 425 2645 20

384 3148 434 3191 ²5

364 3683 419 3725 30

359 4216 411 4262 35

352 4752 410 4791 ⁴0

1481 353 1748 408 Pontifex
1786 372 2079 411 romanus.
2983 378 3088 431 4¹5

483 531 850 611 praevidere.
931 533 1328 616 Quapropter
1378 537 1656 599 instructi
1710 539 2253 619 praedecessorum
2303 557 2660 604 nostrorum
2711 542 3102 624 aliorumque

482 655 840 700 sanctorum
875 658 1117 720 patrum
1153 644 1510 704 auctoritate
1545 645 1937 706 decernimus
1969 662 2156 726 atque
2189 648 2548 709 statuimus:
3121 632 3132 642 ⁸

695 746 777 828 [3]
812 748 916 826 Ut,
950 750 1219 810 obeunte
1253 751 1438 811 huius
1463 751 1783 813 Romanae
1805 752 2159 814 universalis
2181 755 2466 817 ecclesiae
2490 757 2799 837 pontifice,
2821 757 3099 838 inprimis

482 855 815 916 cardinales
863 858 1135 938 episcopi
1184 857 1645 938 diligentissima
1693 861 1878 921 simul
1925 861 2423 924 consideratione
2457 880 2778 925 tractantes
2810 883 2954 925 mox
2986 865 3102 926 sibi

486 963 739 1024 clericos
770 963 1105 1026 cardinales
1136 967 1488 1044 adhibeant,
1537 967 1748 1046 sicque
1782 968 2060 1048 reliquus
2092 968 2290 1030 clerus
2323 986 2381 1030 et
2414 971 2687 1052 populus
2719 971 2797 1031 ad
2831 990 3096 1033 consen-

482 1090 623 1133 sum
656 1091 851 1132 novae
883 1071 1199 1135 electionis
1231 1075 1537 1138 accedant.

696 1177 780 1257 [4]
816 1179 898 1241 Ut
929 1212 1018 1221 —
1049 1180 1348 1242 nimirum
1380 1200 1458 1242 ne
1492 1182 1828 1243 venalitatis
1863 1184 2122 1244 morbus
2156 1185 2429 1264 qualibet
2461 1184 2788 1247 occasione
2809 1187 3097 1266 subrepat

484 1319 570 1330 —-
616 1286 883 1365 religiosi
931 1287 1039 1348 viri
1087 1288 1423 1368 praeduces
1468 1288 1588 1349 sint
1633 1289 1698 1349 in
1733 1290 2144 1369 promovendi
2178 1291 2484 1371 pontificis
2518 1290 2835 1367 electione,
2866 1292 3086 1372 reliqui

484 1410 691 1455 autem
736 1415 1045 1476 sequaces,
1109 1396 1184 1456 Et
1230 1411 1388 1457 certe
1441 1411 1641 1456 rectus
1685 1412 1872 1476 atque
1918 1396 2233 1475 legitimus
2279 1398 2380 1458 hic
2412 1397 2730 1460 electionis
2762 1397 2918 1460 ordo
2953 1418 3091 1479 per-

486 1502 791 1582 penditur,
826 1505 873 1563 si
910 1503 1240 1584 perspectis
1274 1503 1659 1564 diversorum
1695 1519 1939 1584 patrum
1975 1504 2201 1583 regulis
2233 1504 2358 1566 sive
2379 1505 2580 1584 gestis,
2613 1505 2796 1565 etiam
2820 1504 2918 1564 illa
2941 1505 3096 1566 beati

483 1610 969 1690 praedecessoris
1001 1610 1232 1672 Leonis
1252 1610 1554 1671 sententia
1577 1608 1912 1671 recolatur:
1951 1611 2195 1686 ,Nulla‘,
2215 1610 2434 1691 inquit,
2458 1611 2631 1684 ,ratio
2651 1611 2812 1690 sinit,
2848 1628 2915 1672 ut
2938 1612 3094 1672 inter

483 1715 811 1796 episcopos
858 1716 1217 1793 habeantur,
1263 1716 1371 1796 qui
1421 1736 1533 1777 nec
1565 1738 1597 1776 a
1630 1715 1862 1776 clericis
1911 1731 2053 1776 sunt
2099 1716 2271 1777 electi
2316 1737 2431 1778 nec
2462 1739 2496 1778 a
2529 1718 2812 1798 plebibus
2844 1719 3086 1800 expetiti

483 1842 595 1883 nec
638 1845 671 1884 a
720 1823 1342 1903 comprovincialibus
1388 1823 1696 1904 episcopis
1742 1842 1889 1884 cum
1937 1823 2390 1905 metropolitani
2439 1826 2668 1888 iudicio
2714 1827 3096 1889 consecrati‘.

493 1927 657 2004 Quia
702 1950 850 1992 vero
896 1933 1071 1991 sedes
1117 1930 1453 2012 apostolica
1499 1930 1735 1992 cunctis
1782 1930 1844 1991 in
1899 1932 2048 1992 orbe
2096 1948 2393 1992 terrarum
2441 1933 2777 2012 praefertur
2822 1933 3091 1994 ecclesiis

484 2052 666 2117 atque
699 2038 841 2100 ideo
874 2059 1062 2120 super
1093 2061 1156 2100 se
1190 2038 1744 2119 metropolitanum
1778 2040 2002 2099 habere
2038 2058 2167 2099 non
2201 2055 2418 2119 potest,
2453 2040 2789 2101 cardinales
2822 2042 3096 2123 episcopi

482 2146 699 2225 procul
733 2145 926 2207 dubio
959 2146 1417 2227 metropolitani
1452 2146 1580 2206 vice
1617 2146 1984 2226 funguntur,
2025 2145 2132 2224 qui
2166 2145 2443 2226 videlicet
2476 2147 2739 2208 electum
2772 2147 3101 2208 antistitem

485 2251 561 2312 ad
593 2253 912 2333 apostolici
946 2254 1234 2314 culminis
1267 2254 1502 2334 apicem
1540 2254 1914 2333 provehunt.

698 2358 778 2439 [5]
815 2360 1056 2442 Eligant
1087 2376 1294 2421 autem
1328 2362 1403 2420 de
1438 2360 1631 2442 ipsius
1664 2359 1952 2420 ecclesiae
1984 2357 2246 2437 gremio,
2277 2358 2326 2419 si
2360 2360 2658 2441 reperitur
2691 2361 2973 2440 idoneus,
3004 2363 3100 2423 vel

482 2465 534 2524 si
568 2465 643 2526 de
675 2466 801 2547 ipsa
836 2487 963 2529 non
998 2467 1325 2544 invenitur,
1360 2487 1431 2527 ex
1463 2467 1577 2528 alia
1610 2483 1974 2527 assumatur.

690 2571 773 2654 [6]
824 2575 1009 2637 Salvo
1057 2576 1266 2636 debito
1314 2576 1556 2636 honore
1603 2590 1661 2634 et
1696 2574 2030 2634 reverentia
2068 2575 2265 2635 dilecti
2300 2575 2406 2637 filii
2441 2577 2634 2639 nostri
2669 2576 2940 2656 Henrici,
2985 2577 3093 2658 qui

488 2682 1035 2764 inpraesentiarum
1068 2705 1168 2747 rex
1204 2686 1463 2746 habetur
1494 2700 1552 2745 et
1586 2683 1830 2745 futurus
1865 2683 2196 2765 imperator
2218 2685 2354 2748 Deo
2388 2685 2763 2746 concedente
2796 2702 3091 2767 speratur,

478 2793 635 2855 sicut
670 2793 789 2854 iam
822 2795 934 2854 sibi
970 2794 1408 2867 concessimuS,
1441 2807 1499 2853 et
1530 2812 1962 2854 successorum
1996 2792 2178 2869 illius,
2213 2792 2322 2873 qui
2353 2794 2429 2854 ab
2465 2795 2577 2854 hac
2604 2793 2934 2873 apostolica
2954 2795 3097 2854 sede

479 2900 882 2981 personaliter
914 2901 1035 2962 hoc
1070 2901 1166 2961 ius
1198 2899 1674 2980 impetraverint.

691 3004 772 3086 [7]
823 3006 1018 3081 Quod
1065 3007 1114 3067 si
1151 3025 1483 3087 pravorum
1516 3022 1701 3086 atque
1736 3005 2103 3086 iniquorum
2137 3006 2470 3067 hominum
2502 3006 2578 3067 ita
2615 3006 2971 3087 perversitas
3003 3005 3096 3067 in-

477 3114 754 3191 valuerit,
808 3130 874 3175 ut
927 3135 1079 3196 pura
1130 3115 1365 3176 sincera
1417 3132 1599 3195 atque
1645 3115 1909 3194 gratuita
1963 3115 2182 3175 electio
2230 3113 2359 3174 fieri
2406 3114 2468 3175 in
2505 3114 2670 3176 Urbe
2719 3134 2847 3175 non
2882 3116 3092 3195 possit,

480 3220 813 3281 cardinales
863 3222 1137 3303 episcopi
1186 3243 1330 3284 cum
1378 3222 1677 3300 religiosis
1726 3221 1957 3283 clericis
2004 3222 2444 3303 catholicisque
2475 3222 2659 3297 laicis,
2691 3221 2825 3283 licet
2861 3222 3092 3302 pauciS,

476 3325 573 3387 ius
607 3329 920 3407 potestatis
967 3330 1283 3390 obtineant
1330 3329 1554 3410 eligere
1601 3327 1971 3408 apostolicae
2018 3328 2179 3388 sedis
2230 3328 2610 3408 pontificem,
2660 3327 2767 3387 ubi
2814 3346 3086 3406 congru-

476 3436 678 3496 entius
709 3435 1128 3498 iudicaverint.

696 3542 776 3623 [8]
833 3545 1019 3605 Plane
1069 3560 1403 3626 postquam
1448 3544 1665 3604 electio
1703 3541 1883 3603 fuerit
1918 3542 2091 3617 facta,
2127 3541 2175 3600 si
2215 3539 2429 3600 bellica
2464 3554 2790 3619 tempestas
2824 3538 2918 3597 vel
2951 3556 3073 3616 qua

477 3651 802 3734 liscunque
850 3653 1181 3715 hominum
1229 3667 1484 3712 conatus
1532 3649 1926 3729 malignitatis
1959 3647 2174 3710 studio
2207 3646 2505 3715 restiterit,
2541 3660 2607 3706 ut
2642 3646 2690 3705 is
2724 3644 2831 3724 qui
2865 3643 3092 3704 electus

475 3775 567 3821 est
612 3761 675 3821 in
722 3762 1058 3842 apostolica
1104 3761 1246 3821 sede
1299 3760 1460 3821 iuxta
1508 3758 2032 3820 consuetudinem
2067 3755 2421 3816 intronizari
2458 3773 2586 3813 non
2619 3751 2830 3829 valeat,
2864 3752 3091 3812 electus

477 3884 681 3929 tamen
714 3870 870 3930 sicut
903 3887 1059 3949 papa
1092 3868 1518 3929 auctoritatem
1540 3866 1810 3927 obtineat
1831 3864 2083 3943 regendi
2106 3879 2377 3923 sanctam
2399 3862 2747 3921 Romanam
2768 3859 3084 3920 ecclesiam

474 3991 532 4048 et
564 3975 940 4057 disponendi
974 3994 1193 4036 omnes
1229 3974 1544 4035 facultates
1578 3972 1757 4049 illius,
1798 3973 1971 4052 quod
2008 3974 2258 4032 beatum
2292 3967 2668 4050 Gregorium
2701 3980 2841 4026 ante
2875 3985 3089 4025 conse-

474 4083 807 4144 crationem
840 4102 1017 4144 suam
1053 4082 1265 4142 fecisse
1298 4081 1751 4161 cognoscimus.

684 4187 765 4267 [9]
821 4187 1012 4263 Quod
1062 4188 1110 4249 si
1159 4188 1299 4268 quis
1345 4202 1559 4248 contra
1607 4188 1727 4247 hoc
1776 4202 2063 4247 nostrum
2112 4185 2427 4244 decretum
2474 4179 2756 4263 synodali
2789 4178 3089 4239 sententia

476 4295 942 4375 promulgatum
992 4315 1098 4377 per
1148 4295 1519 4357 seditionem
1552 4296 1643 4355 vel
1679 4292 2247 4374 praesumptionem
2279 4305 2385 4350 aut
2417 4288 2736 4369 quodlibet
2771 4286 3089 4366 ingenium

470 4405 697 4464 electus
729 4421 834 4465 aut
865 4405 1049 4465 etiam
1083 4404 1401 4464 ordinatus
1435 4424 1543 4464 seu
1579 4401 1980 4464 intronizatus
2019 4400 2217 4476 fuerit,
2261 4396 2421 4478 [non
2455 4417 2612 4478 papa
2645 4395 2751 4456 sed
2784 4394 3086 4473 sathanaS‚

469 4531 601 4573 non
634 4512 1011 4593 apostolicus
1044 4513 1152 4572 sed
1185 4511 1558 4592 apostaticus
1591 4512 1666 4570 ab
1700 4508 1997 4571 omnibus
2034 4509 2328 4568 habeatur
2360 4520 2419 4566 et
2450 4519 2728 4565 teneatur
2760 4499 2837 4579 et]
2874 4516 3087 4561 aucto-

466 4622 636 4683 ritate
684 4620 893 4682 divina
939 4635 998 4681 et
1044 4600 1400 4681 sanctorum
1433 4618 1861 4699 apostolorum
1895 4616 2054 4677 Petri
2087 4630 2143 4675 et
2178 4613 2349 4675 Pauli
2382 4627 2683 4694 perpetuo
2717 4608 3086 4668 anathemati

467 4746 611 4789 cum
643 4728 772 4789 suis
813 4728 1188 4804 auctoribus,
1215 4724 1578 4801 fautoribuS,
1612 4721 1981 4802 sequacibus
2002 4742 2034 4781 a
2056 4719 2377 4781 liminibus
2396 4732 2641 4779 sanctae
2664 4714 2780 4775 Dei
2801 4712 3088 4773 ecclesiae

467 4851 783 4917 separatus
829 4835 1183 4913 subiciatur,
1232 4834 1386 4895 sicut
1431 4832 1848 4893 Antichristus
1895 4846 1951 4891 et
1999 4830 2246 4891 invasor
2290 4843 2473 4907 atque
2521 4826 2863 4886 destructor
2894 4821 3086 4882 totius

466 4940 952 5019 christianitatis;
1014 4961 1127 5003 nec
1176 4941 1382 5021 aliqua
1415 4958 1601 5020 super
1633 4940 1753 5000 hoc
1785 4936 2096 4999 audientia
2128 4935 2466 5015 aliquando
2500 4933 2555 4994 ei
2588 4945 2944 5007 reservetur,
2979 4928 3087 4989 sed
