3684 5416
366 1549 417 1580 10

365 2085 413 2127 ¹5

359 2620 416 2652 20

359 3157 411 3199 25

358 3693 414 3736 30

359 4226 411 4269 35

361 4762 417 4802 40

1436 378 1683 436 Ecclesia
1713 375 2121 446 antiquissima.
3018 392 3045 427 2
3055 392 3081 444 5

472 581 755 638 τροπος,
818 559 1165 637 εὐπειθής,
1229 558 1611 643 εὐγνώμων,
1677 560 1751 619 έν
1807 560 1998 637 ribus,
2030 561 2390 635 oboediens,
2425 561 2801 638 intellegenS,
2837 560 2901 621 in
2934 580 3080 621 con·

471 671 619 744 ταίς
677 671 1036 745 κυριακαίς
1098 667 1423 746 συνόδοις
1483 668 1751 746 πρῶτος
1810 666 2089 727 ventibus
2118 667 2445 729 dominicis
2475 667 2711 749 primus
2742 687 3084 743 accurrens,

473 773 883 856 σύνδρομος,
947 774 1271 854 εῦήκοος,
1335 774 1748 854 διηγητικός,
1807 771 1918 853 qui
1964 773 2138 834 facile
2184 774 2467 836 audiatur
2497 791 2556 835 et
2588 792 2872 857 prompte
2904 776 3081 854 legat,

473 882 806 961 εἰδώς,ὅτι
824 885 1312 964 εὐαγγελιστοῦ
1330 883 1538 946 τόπον
1555 883 1749 962 ἐργά-
1806 899 2052 942 memor
2096 882 2498 961 evangelistae
2543 884 2685 944 loco
2731 902 2795 943 se
2826 884 3084 965 operari.

472 992 687 1064 ζεται·
741 991 781 1053 ὁ
815 992 952 1069 γὰρ
986 991 1318 1073 ἐμπιπλῶν
1349 989 1491 1053 <bra
1526 990 1610 1072 μὴ
1645 1012 1750 1053 νο-

476 1100 719 1174 οῦντος
751 1096 1107 1178 ἔγγραφος
1131 1097 1614 1178 λογισθήσεται
1635 1118 1751 1160 πα-

475 1204 568 1282 ρὰ
597 1206 689 1286 τῶ
722 1205 878 1285 θεῷ.

562 1315 695 1375 XX.
760 1313 1121 1389 Ματθαίος
1154 1311 1368 1374 εἶπεν·
1426 1312 1749 1374 Διάκονοι

473 1419 1054 1481 καθιστάσθωσαν
1076 1420 1318 1501 [τρεῖς]·
1354 1419 1747 1498 γέγραπται.

476 1524 621 1587 Ἐπὶ
670 1527 872 1603 τριῶν
921 1524 1337 1605 σταθήσεται
1387 1528 1521 1588 πᾶν
1569 1526 1752 1607 ῥῆμα

469 1632 729 1710 κυρίου.
748 1631 1176 1697 2.*Εστωσαν
1186 1631 1747 1715 δεδοκιμασμένοι

470 1740 653 1820 πάσῃ
681 1738 1014 1818 διακονία,
1037 1742 1612 1822 μεμαρτυρημένοι
1633 1760 1747 1801 πα-

471 1848 565 1924 ρὰ
594 1849 715 1909 τοῦ
748 1846 1070 1925 πλήθους,
1107 1846 1500 1928 μονόγαμοι,
1526 1867 1746 1909 τεκνο·

471 1955 734 2035 τρόφοι,
782 1952 1161 2035 σώφρονες,
1212 1955 1539 2030 ἐπιεικεῖς,
1592 1953 1748 2032 ἥσυ·

471 2083 593 2141 χοι,
628 2061 710 2143 μὴ
742 2060 1097 2140 γόγγυσοι,
1132 2059 1216 2142 μὴ
1239 2059 1626 2138 δίγλωσσοι,
1662 2060 1745 2142 μὴ

470 2168 753 2250 ὀργίλοι,
776 2166 950 2247 ὀργὴ
972 2167 1110 2246 γὰρ
1131 2166 1503 2230 ἀπόλλυσιν
1523 2168 1748 2246 ἄνδρα

471 2276 820 2357 φρόνιμον,
871 2273 954 2356 μὴ
1005 2272 1375 2351 πρόσωπον
1418 2275 1747 2337 πλουσίου

470 2382 937 2468 λαμβάνοντες
979 2378 1150 2464 μηδὲ
1180 2382 1432 2461 πένητα
1460 2382 1747 2445 καταδυ-

468 2487 919 2565 ναστεύοντες
950 2485 1119 2570 μηδὲ
1153 2488 1314 2570 οἴνῳ
1339 2489 1565 2570 πολλῷ
1586 2486 1746 2568 χρῶ·

471 2617 679 2679 μενοι,
728 2594 1113 2659 εὔσκυλτοι·
1183 2619 1240 2678 3.
1287 2596 1417 2657 τῶν
1448 2594 1753 2677 κρυφίων

470 2704 692 2784 ἔργων
720 2703 916 2766 καλοὶ
947 2702 1440 2783 προτρεπτικοί,
1463 2703 1748 2780 ἐπαναγ-

467 2813 794 2888 κάζοντες
810 2809 970 2888 τοὺς
987 2809 1269 2889 ἔχοντας
1282 2812 1414 2872 τῶν
1430 2810 1748 2891 ἀδελφῶν

472 2919 735 2980 ἁπλοῦν
765 2918 888 2994 τὰς
919 2921 1172 2997 χεῖρας,
1203 2916 1318 2980 καὶ
1344 2917 1537 2980 αὐτοὶ
1569 2919 1737 2999 εῦμε

468 3025 765 3098 τάδοτοι,
803 3023 1199 3097 κοινωνικοί,
1241 3025 1427 3104 πάσῃ
1459 3026 1604 3106 τιμῇ
1635 3024 1749 3087 καὶ

470 3135 757 3212 ἐντροπῇ
808 3132 921 3194 καὶ
973 3132 1170 3217 φόβῳ
1216 3129 1563 3214 τιμώμενοι
1610 3132 1746 3194 ἀπὸ

468 3243 590 3302 τοῦ
611 3239 933 3320 πλήθους,
950 3241 1273 3320 ἐπιμελῶς
1291 3240 1747 3317 προσέχοντες

468 3350 612 3424 τοίς
632 3347 940 3422 ἀτάκτως
958 3350 1458 3424 περιπατοῦσιν,
1481 3345 1605 3423 οὓς
1627 3345 1746 3427 pins

466 3454 975 3531 νουθετοῦντες,
1009 3451 1133 3530 οὓς
1166 3451 1247 3514 δὲ
1279 3455 1746 3530 παρακαλοῦν-

468 3581 603 3638 τες,
650 3559 775 3637 οὓς
821 3559 902 3622 δὲ
948 3561 1390 3641 ἐπιτιμῶντες·
1453 3558 1615 3636 τοὺς
1666 3559 1746 3621 δὲ

467 3670 1078 3749 καταφρονοῦντας
1123 3667 1371 3742 τελέως
1408 3687 1746 3749 παραπεμ-

468 3774 768 3856 πόμενοι,
818 3773 1098 3850 εἰδότες,
1147 3774 1246 3835 ὅτι
1296 3773 1359 3834 οἱ
1407 3773 1746 3851 ἀντίλογοι

468 3881 581 3942 καὶ
596 3881 1106 3962 καταφρονηταὶ
1125 3879 1237 3942 καὶ
1261 3879 1570 3959 λοίδοροι
1593 3881 1745 3958 Χρι-

471 3989 609 4068 στῷ
642 3989 1113 4062 ἀντετάξαντο.

560 4098 715 4158 XXI.
766 4095 1017 4175 Κηφᾶς
1047 4093 1253 4156 εἶπεν·
1306 4094 1532 4174 Χῆραι
1569 4097 1748 4156 καθι-

469 4201 963 4264 στανέσθωσαν
983 4205 1189 4279 τρεῖς·
1228 4201 1295 4262 αἱ
1317 4200 1445 4263 δύο
1466 4203 1750 4284 προσμέ-

468 4325 714 4371 νουσαι
763 4312 841 4390 τῇ
886 4311 1233 4389 προσευχῇ
1284 4309 1435 4387 περὶ
1486 4310 1752 4372 πάντων

471 4418 603 4478 τῶν
648 4419 722 4478 ἐν
753 4417 955 4497 πείρᾳ
982 4418 1097 4480 καὶ
1131 4418 1306 4496 πρὸς
1337 4419 1462 4495 τὰς
1495 4423 1747 4480 ἀποκα-

469 4521 711 4604 λύψεις
757 4524 908 4603 περὶ
954 4523 1038 4586 οὗ
1087 4527 1174 4587 ἂν
1206 4524 1360 4605 δέῃ·
1434 4549 1488 4588 2.
1526 4524 1640 4605 μία
1672 4523 1754 4586 δε

470 4629 1008 4708 παρεδρεύουσα
1053 4636 1200 4709 ταῖς
1234 4634 1306 4692 ἐν
1337 4636 1486 4708 ταῖς
1515 4631 1754 4708 νόσοις

472 4739 1008 4820 πειραζομέναις,
1033 4738 1440 4814 εῦδιάκονος
1462 4737 1521 4818 ᾖ,
1544 4759 1753 4818 νηπτι·

471 4844 579 4922 κή,
629 4845 715 4906 τὰ
760 4844 1009 4908 δέοντα
1043 4845 1581 4924 ἀπαγγέλλουσα
1612 4848 1751 4920 τοῖς

470 4953 983 5035 πρεσβυτέροις,
1017 4952 1100 5035 μὴ
1126 4950 1646 5031 αἰσχροκερδής,
1664 4949 1748 5033 μὴ

1809 986 1938 1062 Qui
1961 987 2129 1049 enim
2150 1008 2327 1050 aures
2348 989 2557 1070 implet
2577 1009 2708 1052 non
2728 990 3086 1070 intellegen-

1808 1095 1901 1173 tis,
1951 1095 2280 1177 inscriptus
2313 1097 2623 1177 putabitur
2659 1099 2823 1179 apud
2859 1098 3081 1159 Deum.

1898 1310 2029 1371 XX.
2077 1310 2422 1372 Matthaeus
2470 1311 2648 1373 dixit:
2700 1313 2962 1374 Diaconi
2996 1313 3089 1375 in-

1807 1417 2138 1478 stituantur
2203 1415 2396 1497 [tres];
2476 1418 2770 1499 scriptum
2835 1436 2955 1481 est:
3022 1420 3088 1480 ln

1805 1525 2000 1586 tribus
2045 1525 2224 1587 stabit
2268 1544 2457 1587 omne
2503 1530 2764 1587 verbum
2815 1526 3089 1590 Domini.

1810 1652 1867 1692 2.
1917 1631 2052 1693 Sint
2102 1633 2339 1714 probati
2389 1633 2455 1693 in
2505 1633 2677 1694 omni
2729 1633 3086 1709 ministeriO,

1804 1738 2231 1801 testimonium
2277 1739 2572 1802 habentes
2605 1762 2637 1800 a
2673 1740 2866 1821 plebe,
2905 1739 3090 1802 unius

1805 1846 2014 1907 uxoris
2058 1846 2190 1923 viri,
2237 1846 2509 1908 filiorum
2555 1847 2906 1921 nutritores,
2941 1867 3089 1927 pru-

1805 1953 2037 2031 denteS‚
2073 1953 2354 2023 modesti,
2387 1953 2627 2034 placidi,
2653 1973 2781 2015 non
2803 1973 3091 2016 murmu-

1804 2076 2027 2135 rantes,
2072 2079 2204 2122 non
2239 2060 2567 2141 bilingues,
2619 2080 2745 2122 non
2792 2060 3090 2123 iracundi.

1803 2168 1892 2227 ira
1924 2167 2089 2228 enim
2120 2167 2319 2247 perdit
2351 2167 2553 2227 virum
2578 2167 2934 2246 sapientem,
2959 2187 3089 2228 non

1805 2293 2134 2355 personam
2204 2273 2402 2334 divitis
2465 2273 2831 2354 accipientes
2885 2293 3089 2353 neque

1806 2401 2141 2465 pauperem
2194 2380 2612 2462 opprimentes
2674 2399 2878 2460 neque
2942 2381 3089 2441 vino

1807 2491 2003 2551 multo
2036 2489 2454 2568 indulgentes,
2487 2488 2711 2569 agiles;
2782 2506 2837 2566 3.
2871 2487 2977 2566 qui
3017 2485 3094 2546 ad

1805 2597 2044 2660 occulta
2091 2615 2277 2677 opera
2325 2598 2481 2656 bene
2514 2595 2945 2671 adhortentur,
2982 2612 3088 2653 co-

1805 2721 1952 2785 gant
1996 2706 2327 2786 opulentos
2372 2704 2528 2766 inter
2574 2704 2807 2781 fratres,
2862 2719 2927 2763 ut
2960 2720 3090 2763 ma-

1807 2832 1927 2873 nus
1973 2813 2340 2894 expandant,
2390 2829 2447 2873 et
2480 2812 2592 2893 ipsi
2626 2812 2750 2872 sint
2783 2808 3084 2880 munifici,

1802 2920 2140 2999 largitoreS,
2172 2920 2346 2982 omni
2380 2920 2620 2980 honore
2641 2934 2698 2977 et
2717 2916 3092 2978 verecundia

1804 3043 1864 3088 et
1913 3027 2134 3088 timore
2189 3028 2576 3088 honorentur
2625 3047 2660 3086 a
2707 3024 2902 3105 plebe,
2951 3024 3090 3085 dili-

1800 3149 2013 3214 genter
2059 3134 2373 3194 attendzmt
2420 3134 2484 3193 in
2529 3153 2656 3210 eos,
2706 3131 2813 3212 qui
2850 3130 3083 3192 inordi—

1802 3257 1939 3302 nate
1991 3241 2399 3316 circumeunt,
2454 3239 2604 3300 alios
2654 3239 3087 3315 admonenteS,

1801 3348 1953 3408 alios
2004 3346 2416 3416 consolantes,
2469 3347 2620 3408 alios
2674 3347 3086 3425 increpante3‚

1800 3475 1909 3516 eos
1942 3456 2047 3534 qui
2083 3454 2296 3515 omnia
2329 3453 2590 3514 omnino
2612 3468 2911 3534 spernunt
2933 3451 3082 3511 mis-

1800 3582 1903 3622 sos
1952 3561 2258 3638 facientes,
2317 3579 2626 3621 memores
2676 3558 3086 3620 contradicto-

1800 3688 1896 3728 res
1934 3685 1994 3728 et
2025 3683 2483 3748 contemptores
2516 3683 2573 3726 et
2605 3667 3079 3726 calumniatores

1800 3775 2051 3835 Christo
2086 3774 2395 3835 restitisse.

1893 4098 2050 4158 XXI.
2087 4096 2333 4177 Cephas
2366 4095 2540 4156 dixit:
2576 4094 2818 4155 Viduae
2853 4092 3092 4153 institu-

1803 4220 1986 4265 antur
2018 4219 2167 4272 tres;
2222 4204 2380 4263 duae
2425 4217 2815 4282 perseverent
2848 4200 2913 4261 in
2948 4218 3086 4260 ora-

1805 4312 1974 4373 tione
2007 4330 2118 4392 pro
2152 4309 2465 4386 omnibuS,
2511 4307 2619 4387 qui
2652 4307 2717 4368 in
2750 4307 3091 4367 tentatione

1803 4435 1963 4494 sunt,
2010 4434 2067 4478 et
2115 4416 2569 4478 revelationum
2607 4434 2812 4486 causa,
2849 4413 2899 4473 si
2934 4433 3094 4493 quae

1805 4545 1965 4605 opus
1997 4539 2168 4596 sunt;
2230 4542 2284 4583 2.
2335 4542 2458 4583 una
2497 4522 2784 4583 adsidens
2819 4520 3095 4581 mulieri-

1809 4636 1924 4692 bus
1988 4632 2209 4691 morbo
2255 4629 2514 4703 tentatiS,
2584 4631 2744 4690 bona
2800 4628 3096 4700 ministra,

1810 4737 2031 4814 sobria,
2097 4737 2433 4798 necessaria
2497 4736 2790 4797 nuntians
2843 4736 3096 4814 presby-

1810 4846 1978 4922 teris,
2031 4864 2159 4906 non
2208 4844 2402 4924 turpis
2454 4843 2607 4903 lucri
2659 4841 2900 4922 cupida,
2970 4859 3098 4900 non

1812 4953 2011 5013 multo
2065 4952 2209 5011 vino
2256 4950 2478 5027 dedita,
2531 4965 2597 5009 ut
2631 4948 2819 5029 possit
2851 4947 3099 5027 vigilare
