3684 5416
413 1684 462 1714 10

415 2258 460 2300 15

410 2894 463 2925 20

414 4055 470 4101 30

415 4644 465 4688 55

511 431 562 434 Ἀ
1667 354 1984 409 Ordinatio.
3024 360 3127 430 365

511 537 576 596 11.
609 537 1076 617 praedecessore
1112 550 1326 597 nostro
1359 537 1504 598 editi
1541 538 1600 598 in
1635 536 1906 599 favorem
1942 540 2130 601 totius
2165 539 2398 602 ordinis
2431 541 2741 602 clericalis.
2809 543 2883 602 Et
2926 563 3129 622 quum

511 643 676 704 iuxta
711 642 1048 703 parisiense
1094 643 1423 704 concilium
1475 645 1682 705 nullus
1729 646 1986 707 clericus
2018 647 2297 727 distringi
2331 665 2432 708 aut
2469 648 2870 709 condemnari
2907 650 3125 710 debeat

511 771 543 809 a
593 749 792 810 iudice
837 749 1160 811 saeculari:
1213 751 1515 831 praesenti
1551 752 1935 814 declaramus
1967 754 2186 831 edicto,
2221 755 2585 817 huiusmodi
2621 755 2874 817 clericos
2907 757 3128 818 coniu-

511 873 685 935 gatos
731 876 844 937 pro
879 857 1241 918 >commissis
1272 861 1347 918 ab
1385 858 1470 919 eis
1504 861 1849 920 excessibus
1884 860 1978 921 vel
2011 861 2245 922 delictis
2276 863 2430 922 trabi
2465 881 2592 923 non
2629 883 2808 943 posse
2841 863 3131 924 crimina-

511 963 643 1024 liter
688 979 792 1025 aut
838 964 1093 1024 civiliter
1137 966 1211 1025 ad
1247 963 1544 1026 iudicium
1578 966 1909 1038 saeculare,
1946 986 2060 1028 nec
2091 970 2165 1028 ab
2201 968 2346 1048 ipsis
2377 968 2788 1029 saecularibus
2821 968 3133 1030 iudicibus

512 1091 618 1133 eos
650 1072 871 1132 debere
906 1070 1310 1152 personaliter
1342 1073 1435 1132 vel
1469 1072 1647 1132 etiam
1685 1072 2099 1152 pecunialiter,
2132 1074 2231 1149 (ne
2266 1093 2372 1153 per
2406 1093 2597 1134 unam
2631 1075 2789 1136 viam
2824 1077 3127 1138 conceda·

512 1194 611 1239 tur
641 1179 872 1239 eisdem
907 1178 1213 1240 iudicibus
1246 1181 1418 1259 quod
1455 1199 1560 1261 per
1591 1180 1769 1240 aliam
1806 1182 2187 1261 denegatur),
2223 1181 2531 1242 ullatenus
2564 1184 2986 1246 condemnari.
3055 1186 3120 1246 In

513 1285 722 1346 ceteris
768 1301 994 1360 autem,
1040 1285 1137 1344 vel
1182 1286 1316 1363 nisi,
1367 1304 1431 1347 ut
1477 1287 1898 1368 praemittitur,
1932 1304 2249 1349 tonsuram
2288 1290 2380 1348 vel
2417 1304 2609 1349 vestes
2644 1290 2917 1351 deferant
2950 1292 3131 1351 cleri·

514 1391 691 1467 cales,
725 1391 908 1452 etiam
942 1391 1005 1451 in
1037 1393 1386 1474 praemissis
1418 1412 1524 1454 eos
1555 1395 1824 1474 gaudere
1860 1395 2158 1456 nolumus
2191 1396 2513 1475 privilegio
2548 1397 2827 1459 clericali.

992 1652 1115 1707 139.
1175 1653 1594 1710 cononum
1633 1655 2173 1710 'rmum'rmmu
2213 1657 2650 1727 (lats—1563).

1298 1797 1338 1852 S
1358 1815 1387 1851 e
1405 1816 1430 1850 s
1450 1797 1561 1852 sio
1603 1798 1795 1852 XXlll.
1834 1800 1900 1852 de
1939 1800 2346 1868 refsbrmatione.

728 1924 756 1952 ⁶
806 1925 1052 1979 Canones
1087 1929 1144 1978 et
1175 1925 1322 1978 decr.
1363 1924 1522 1978 Conc.
1574 1924 1714 1978 Trici.
1755 1923 1841 1978 ed.
1884 1922 2206 1977 Richter.
2262 1941 2314 1994 p.
2365 1923 2475 1991 180,
2525 1922 2637 1985 181,
2688 1923 2800 1985 182,
2853 1924 2962 1992 ¹84,
3015 1941 3135 1995 197,

526 2021 782 2075 199,2ot.

853 2096 916 2148 C.
945 2093 1030 2146 111.
1071 2092 1337 2164 Episcopi
1364 2107 1520 2147 extra
1548 2092 1966 2164 aegritudinem
1994 2110 2096 2163 per
2121 2109 2182 2147 se
2211 2091 2442 2146 ordines
2471 2092 2789 2146 conferant.

728 2225 1015 2306 Episcopi
1049 2244 1157 2306 per
1189 2225 1551 2305 semetipsos
1582 2225 1833 2285 ordines
1867 2225 2208 2285 conferant.
2262 2223 2455 2299 Quod
2489 2222 2539 2282 si
2573 2222 2953 2301 aegritudine
2990 2222 3124 2284 fue-

516 2332 634 2393 rint
678 2332 975 2412 impediti,
1024 2332 1306 2393 subditos
1353 2352 1503 2393 suos
1549 2352 1679 2394 non
1727 2332 1918 2408 aliter,
1955 2351 2142 2413 quam
2180 2333 2302 2392 iam
2336 2334 2625 2413 probatos
2659 2348 2716 2392 et
2749 2331 3130 2394 examinatos

517 2440 594 2499 ad
626 2439 813 2500 alium
848 2439 1213 2520 episcopum
1246 2439 1627 2500 ordinandos
1658 2440 1982 2500 dimittant.
2053 2441 2107 2519 [1.
2143 2459 2190 2500 c.
2227 2460 2360 2521 pag.
2411 2437 2563 2517 180.]

1263 2612 1328 2666 C.
1355 2612 1447 2665 IV.
1491 2612 1602 2681 Qui
1641 2612 1822 2683 prima
1852 2626 2087 2667 tonsura
2114 2612 2383 2667 initiandi.

732 2754 934 2814 Prima
980 2771 1231 2815 tonsura
1281 2774 1407 2814 non
1454 2754 1772 2815 initientur
1818 2754 1925 2835 qui
1971 2770 2426 2816 sacramentum
2472 2754 2955 2815 confirmationis
3004 2775 3130 2815 non

519 2861 919 2943 susceperint,
955 2878 1010 2922 et
1046 2860 1186 2922 fidei
1221 2863 1568 2922 rudimenta
1602 2862 1802 2922 edocti
1837 2881 1965 2922 non
1999 2861 2240 2938 fuerint,
2277 2860 2511 2942 quique
2543 2863 2744 2942 legere
2779 2880 2835 2922 et
2868 2862 3129 2923 scribere

519 2968 804 3042 nesciant,
849 2985 906 3029 et
953 2970 1028 3029 de
1062 2969 1292 3048 quibus
1325 2969 1658 3050 probabilis
1691 2969 2045 3031 coniectura
2080 2989 2207 3030 non
2240 2969 2333 3047 sit,
2370 2989 2475 3030 eos
2511 2989 2642 3030 non
2676 2971 3004 3032 saecularis
3038 2970 3131 3030 iu-

520 3074 659 3136 dicii
693 3076 967 3153 fugiendi
1003 3076 1235 3152 fraude,
1270 3079 1397 3153 sed,
1432 3092 1500 3138 ut
1522 3078 1655 3138 Deo
1690 3077 1935 3138 fidelem
1969 3079 2207 3139 cultum
2243 3093 2567 3159 praestent,
2590 3078 2709 3139 hoc
2741 3078 2896 3139 vitae
2930 3096 3133 3159 genus

520 3183 788 3264 elegisse.
839 3181 894 3262 [l.
928 3204 975 3244 c.
1012 3204 1145 3265 pag.
1195 3183 1350 3264 181.]

1089 3358 1152 3411 C.
1181 3358 1247 3410 V.
1290 3357 1608 3412 Ordinandi
1637 3356 1842 3429 quibus
1874 3357 2128 3411 instructi
2156 3375 2279 3411 esse
2308 3358 2573 3412 debeant.

737 3488 832 3548 Ad
886 3488 1153 3549 minores
1203 3489 1450 3550 ordines
1505 3488 1916 3570 promovendi
1969 3491 2209 3549 bonum
2260 3511 2291 3548 a
2344 3489 2619 3568 parocho
2670 3504 2726 3547 et
2773 3509 2805 3548 a
2841 3489 3132 3566 magistro

521 3595 788 3672 scholae,
824 3595 884 3656 in
918 3615 1040 3675 qua
1074 3598 1434 3674 educantur,
1479 3595 1908 3657 testimonium
1943 3596 2223 3655 habeant.
2295 3594 2374 3654 Hi
2410 3614 2570 3664 vero,
2603 3594 2711 3673 qui
2745 3594 2820 3654 ad
2854 3594 3134 3672 singulos

524 3700 785 3762 maiores
805 3719 984 3762 erunt
1005 3703 1375 3780 assumendi,
1401 3723 1507 3784 per
1528 3721 1808 3763 mensem
1840 3717 1977 3761 ante
2001 3700 2458 3762 ordinationem
2493 3700 2855 3780 episcopum
2891 3702 3131 3776 adeant,

522 3808 629 3887 qui
684 3811 955 3890 parocho
1003 3830 1105 3871 aut
1152 3811 1339 3886 alteri,
1386 3811 1481 3871 cui
1527 3811 1718 3888 magis
1753 3808 2032 3889 expedire
2067 3807 2390 3884 videbitur,
2428 3807 2791 3883 committat,
2828 3823 2890 3866 ut
2928 3809 3133 3867 nomi-

525 3916 704 3977 nibus
751 3937 818 3978 ae
865 3920 1170 3979 desiderio
1218 3919 1460 3998 eorum,
1510 3920 1616 4000 qui
1666 3921 1872 3979 volent
1905 3916 2275 3998 promoveri,
2323 3915 2566 3998 publice
2603 3915 2665 3976 in
2700 3916 2949 3975 ecclesia
2988 3935 3135 3995 pro-

523 4011 754 4105 positiS,
805 4026 879 4085 de
928 4026 1204 4107 ipsorum
1253 4027 1738 4088 ordinandorum
1790 4025 2111 4102 natalibuS,
2157 4040 2363 4099 aetate,
2397 4023 2673 4084 moribus
2707 4039 2764 4083 et
2797 4023 2913 4082 vita
2948 4043 2978 4082 a
3016 4022 3135 4083 tide

524 4131 726 4213 dignis
777 4133 1101 4213 diligenter
1152 4134 1438 4214 inquirat,
1502 4151 1559 4195 et
1623 4134 1821 4194 literas
1884 4132 2341 4208 testimonialeS,
2405 4131 2599 4210 ipsam
2666 4131 3134 4211 inquisitionem

525 4238 743 4300 factam
789 4241 1193 4318 continenteS,
1241 4242 1316 4301 ad
1367 4242 1570 4321 ipsum
1619 4242 1983 4322 episcopum
2030 4260 2216 4321 quam
2255 4239 2523 4320 primum
2558 4238 2941 4300 transmittat.
2993 4236 3050 4317 [1.
3088 4257 3143 4297 c,

525 4368 659 4428 pag.
710 4347 866 4428 182]

584 4521 648 4576 C.
677 4522 768 4574 VI.
806 4524 980 4576 Aetas
1009 4523 1447 4593 quatuordecim
1475 4540 1760 4576 annorum
1788 4522 1859 4575 ad
1892 4520 2235 4576 beneficium
2267 4519 2712 4574 ccele<iastieum
2744 4519 3076 4591 requiritur,

1274 4603 1398 4673 quis
1429 4602 1721 4673 privilegio
1751 4602 1863 4657 fori
1889 4603 2138 4673 gaudere
2168 4603 2389 4656 debeat.

741 4725 965 4785 Nullus
1000 4725 1193 4805 prima
1229 4742 1479 4785 tonsura
1517 4725 1784 4786 initiatus
1817 4742 1921 4785 aut
1954 4724 2134 4785 etiam
2170 4724 2233 4784 in
2267 4723 2615 4783 minoribus
2637 4723 2961 4783 ordinibus
2985 4743 3139 4783 con·

524 4832 768 4893 stitutus
801 4848 940 4892 ante
974 4832 1282 4892 decimum
1319 4848 1608 4911 quartum
1643 4852 1880 4893 annum
1916 4831 2288 4892 beneficium
2321 4832 2512 4912 possit
2545 4831 2836 4892 obtinere.
2874 4830 2925 4889 Is
2958 4830 3136 4890 etiam

526 4938 640 5000 fori
689 4939 1007 5019 privilegio
1054 4958 1182 4999 non
1218 4940 1500 5017 gaudeat,
1535 4939 1649 4998 nisi
1685 4938 2053 4999 beneficium
2091 4939 2567 4999 ecclesiasticum
2603 4939 2840 5012 habeat,
2876 4953 2979 4997 aut
3013 4939 3143 4997 cle-
