<?xml version="1.0" encoding="UTF-8"?>
<!DOCTYPE html PUBLIC "-//W3C//DTD XHTML 1.0 Transitional//EN"
    "http://www.w3.org/TR/xhtml1/DTD/xhtml1-transitional.dtd">
<html xmlns="http://www.w3.org/1999/xhtml" xml:lang="en" lang="en">
 <head>
  <title>
</title>
<meta http-equiv="Content-Type" content="text/html;charset=utf-8" />
  <meta name='ocr-system' content='tesseract 3.04.00' />
  <meta name='ocr-capabilities' content='ocr_page ocr_carea ocr_par ocr_line ocrx_word'/>
</head>
<body>
  <div class='ocr_page' id='page_1' title='image "./fontesiuriscano00unkngoog/fontesiuriscano00unkngoog_0267.png"; bbox 0 0 3684 5416; ppageno 0'>
   <div class='ocr_carea' id='block_1_1' title="bbox 1130 404 3099 477">
    <p class='ocr_par' dir='ltr' id='par_1_1' title="bbox 1130 404 3099 477">
     <span class='ocr_line' id='line_1_1' title="bbox 1130 404 3099 477; baseline 0 -17"><span class='ocrx_word' id='word_1_1' title='bbox 1130 406 1395 462; x_wconf 80' lang='lat' dir='ltr'>Potestas</span> <span class='ocrx_word' id='word_1_2' title='bbox 1435 405 1815 462; x_wconf 89' lang='lat' dir='ltr'>ecclesiastica</span> <span class='ocrx_word' id='word_1_3' title='bbox 1858 418 1914 460; x_wconf 92' lang='lat' dir='ltr'>et</span> <span class='ocrx_word' id='word_1_4' title='bbox 1952 404 2255 476; x_wconf 85' lang='lat' dir='ltr'>imperium</span> <span class='ocrx_word' id='word_1_5' title='bbox 2293 404 2468 459; x_wconf 86' lang='lat' dir='ltr'>civile.</span> <span class='ocrx_word' id='word_1_6' title='bbox 2997 422 3099 477; x_wconf 84' lang='lat'>²29</span> 
     </span>
    </p>
   </div>
   <div class='ocr_carea' id='block_1_2' title="bbox 369 588 3100 3667">
    <p class='ocr_par' dir='ltr' id='par_1_2' title="bbox 369 588 3100 3667">
     <span class='ocr_line' id='line_1_2' title="bbox 484 588 3097 671; baseline 0 -20"><span class='ocrx_word' id='word_1_7' title='bbox 484 591 711 652; x_wconf 89' lang='lat' dir='ltr'>tatibus</span> <span class='ocrx_word' id='word_1_8' title='bbox 744 605 802 650; x_wconf 91' lang='lat' dir='ltr'>et</span> <span class='ocrx_word' id='word_1_9' title='bbox 836 589 1227 654; x_wconf 79' lang='lat' dir='ltr'>facinoribuS.</span> <span class='ocrx_word' id='word_1_10' title='bbox 1280 607 1337 651; x_wconf 91' lang='lat' dir='ltr'>et</span> <span class='ocrx_word' id='word_1_11' title='bbox 1376 606 1684 671; x_wconf 88' lang='lat' dir='ltr'>praeterea</span> <span class='ocrx_word' id='word_1_12' title='bbox 1732 589 2011 652; x_wconf 88' lang='lat' dir='ltr'>fidelium</span> <span class='ocrx_word' id='word_1_13' title='bbox 2047 591 2494 671; x_wconf 86' lang='lat' dir='ltr'>persecutione,</span> <span class='ocrx_word' id='word_1_14' title='bbox 2542 588 2978 670; x_wconf 86' lang='lat' dir='ltr'>religionisque</span> <span class='ocrx_word' id='word_1_15' title='bbox 3009 589 3097 651; x_wconf 88' lang='lat' dir='ltr'>af-</span> 
     </span>
     <span class='ocr_line' id='line_1_3' title="bbox 487 696 3094 779; baseline -0 -21"><span class='ocrx_word' id='word_1_16' title='bbox 487 698 753 758; x_wconf 85' lang='lat' dir='ltr'>flictione</span> <span class='ocrx_word' id='word_1_17' title='bbox 786 697 1058 778; x_wconf 88' lang='lat' dir='ltr'>impulsu</span> <span class='ocrx_word' id='word_1_18' title='bbox 1103 714 1160 758; x_wconf 91' lang='lat' dir='ltr'>et</span> <span class='ocrx_word' id='word_1_19' title='bbox 1206 716 1391 778; x_wconf 89' lang='lat' dir='ltr'>opera</span> <span class='ocrx_word' id='word_1_20' title='bbox 1439 697 1633 758; x_wconf 91' lang='lat' dir='ltr'>dictae</span> <span class='ocrx_word' id='word_1_21' title='bbox 1679 696 1989 757; x_wconf 86' lang='lat' dir='ltr'>Elisabeth</span> <span class='ocrx_word' id='word_1_22' title='bbox 2043 696 2321 776; x_wconf 90' lang='lat' dir='ltr'>quotidie</span> <span class='ocrx_word' id='word_1_23' title='bbox 2366 697 2561 779; x_wconf 82' lang='lat' dir='ltr'>magis</span> <span class='ocrx_word' id='word_1_24' title='bbox 2604 696 3094 776; x_wconf 79' lang='lat' dir='ltr'>ingravescente:</span> 
     </span>
     <span class='ocr_line' id='line_1_4' title="bbox 490 802 3099 885; baseline 0.001 -21"><span class='ocrx_word' id='word_1_25' title='bbox 490 804 786 885; x_wconf 86' lang='lat' dir='ltr'>quoniam</span> <span class='ocrx_word' id='word_1_26' title='bbox 833 804 995 866; x_wconf 89' lang='lat' dir='ltr'>illius</span> <span class='ocrx_word' id='word_1_27' title='bbox 1042 803 1325 865; x_wconf 90' lang='lat' dir='ltr'>animum</span> <span class='ocrx_word' id='word_1_28' title='bbox 1364 804 1440 865; x_wconf 91' lang='lat' dir='ltr'>ita</span> <span class='ocrx_word' id='word_1_29' title='bbox 1488 802 1887 865; x_wconf 89' lang='lat' dir='ltr'>obfirmatum</span> <span class='ocrx_word' id='word_1_30' title='bbox 1936 820 2119 884; x_wconf 89' lang='lat' dir='ltr'>atque</span> <span class='ocrx_word' id='word_1_31' title='bbox 2164 804 2521 865; x_wconf 90' lang='lat' dir='ltr'>induratum</span> <span class='ocrx_word' id='word_1_32' title='bbox 2572 803 2986 883; x_wconf 84' lang='lat' dir='ltr'>intelligimus,</span> <span class='ocrx_word' id='word_1_33' title='bbox 3033 820 3099 866; x_wconf 93' lang='lat' dir='ltr'>ut</span> 
     </span>
     <span class='ocr_line' id='line_1_5' title="bbox 488 910 3097 992; baseline -0.001 -20"><span class='ocrx_word' id='word_1_34' title='bbox 488 930 615 972; x_wconf 89' lang='lat' dir='ltr'>non</span> <span class='ocrx_word' id='word_1_35' title='bbox 648 911 840 972; x_wconf 87' lang='lat' dir='ltr'>modo</span> <span class='ocrx_word' id='word_1_36' title='bbox 875 911 1004 992; x_wconf 86' lang='lat' dir='ltr'>pias</span> <span class='ocrx_word' id='word_1_37' title='bbox 1049 911 1494 973; x_wconf 86' lang='lat' dir='ltr'>catholicorum</span> <span class='ocrx_word' id='word_1_38' title='bbox 1550 910 1897 992; x_wconf 84' lang='lat' dir='ltr'>principum</span> <span class='ocrx_word' id='word_1_39' title='bbox 1930 911 2007 971; x_wconf 92' lang='lat' dir='ltr'>de</span> <span class='ocrx_word' id='word_1_40' title='bbox 2052 910 2303 972; x_wconf 89' lang='lat' dir='ltr'>sanitate</span> <span class='ocrx_word' id='word_1_41' title='bbox 2336 927 2393 972; x_wconf 91' lang='lat' dir='ltr'>et</span> <span class='ocrx_word' id='word_1_42' title='bbox 2440 910 2840 973; x_wconf 84' lang='lat' dir='ltr'>conversione</span> <span class='ocrx_word' id='word_1_43' title='bbox 2890 929 3097 991; x_wconf 86' lang='lat' dir='ltr'>preces</span> 
     </span>
     <span class='ocr_line' id='line_1_6' title="bbox 405 1016 3097 1099; baseline 0 -21"><span class='ocrx_word' id='word_1_44' title='bbox 405 1047 425 1088; x_wconf 66' lang='lat'>3</span> <span class='ocrx_word' id='word_1_45' title='bbox 488 1017 989 1098; x_wconf 89' lang='lat' dir='ltr'>monitionesque</span> <span class='ocrx_word' id='word_1_46' title='bbox 1037 1017 1452 1095; x_wconf 84' lang='lat' dir='ltr'>contemserit,</span> <span class='ocrx_word' id='word_1_47' title='bbox 1500 1019 1608 1077; x_wconf 92' lang='lat' dir='ltr'>sed</span> <span class='ocrx_word' id='word_1_48' title='bbox 1642 1037 1718 1079; x_wconf 92' lang='lat' dir='ltr'>ne</span> <span class='ocrx_word' id='word_1_49' title='bbox 1762 1017 1952 1078; x_wconf 89' lang='lat' dir='ltr'>huius</span> <span class='ocrx_word' id='word_1_50' title='bbox 1997 1018 2252 1096; x_wconf 88' lang='lat' dir='ltr'>quidem</span> <span class='ocrx_word' id='word_1_51' title='bbox 2289 1016 2465 1079; x_wconf 87' lang='lat' dir='ltr'>Sedis</span> <span class='ocrx_word' id='word_1_52' title='bbox 2510 1018 2586 1078; x_wconf 89' lang='lat' dir='ltr'>ad</span> <span class='ocrx_word' id='word_1_53' title='bbox 2630 1018 2829 1099; x_wconf 91' lang='lat' dir='ltr'>ipsam</span> <span class='ocrx_word' id='word_1_54' title='bbox 2875 1018 2989 1078; x_wconf 90' lang='lat' dir='ltr'>hac</span> <span class='ocrx_word' id='word_1_55' title='bbox 3021 1018 3097 1078; x_wconf 90' lang='lat' dir='ltr'>de</span> 
     </span>
     <span class='ocr_line' id='line_1_7' title="bbox 487 1123 3096 1205; baseline 0 -21"><span class='ocrx_word' id='word_1_56' title='bbox 487 1144 668 1185; x_wconf 89' lang='lat' dir='ltr'>causa</span> <span class='ocrx_word' id='word_1_57' title='bbox 702 1123 964 1185; x_wconf 89' lang='lat' dir='ltr'>nuncios</span> <span class='ocrx_word' id='word_1_58' title='bbox 998 1124 1061 1184; x_wconf 92' lang='lat' dir='ltr'>in</span> <span class='ocrx_word' id='word_1_59' title='bbox 1093 1124 1384 1205; x_wconf 82' lang='lat' dir='ltr'>Angliam</span> <span class='ocrx_word' id='word_1_60' title='bbox 1414 1124 1684 1185; x_wconf 88' lang='lat' dir='ltr'>traiicere</span> <span class='ocrx_word' id='word_1_61' title='bbox 1706 1123 2082 1205; x_wconf 86' lang='lat' dir='ltr'>permiserit;</span> <span class='ocrx_word' id='word_1_62' title='bbox 2117 1124 2194 1184; x_wconf 90' lang='lat' dir='ltr'>ad</span> <span class='ocrx_word' id='word_1_63' title='bbox 2222 1143 2389 1185; x_wconf 89' lang='lat' dir='ltr'>arma</span> <span class='ocrx_word' id='word_1_64' title='bbox 2423 1124 2681 1186; x_wconf 85' lang='lat' dir='ltr'>iustitiae</span> <span class='ocrx_word' id='word_1_65' title='bbox 2713 1140 2922 1186; x_wconf 89' lang='lat' dir='ltr'>contra</span> <span class='ocrx_word' id='word_1_66' title='bbox 2957 1143 3096 1185; x_wconf 90' lang='lat' dir='ltr'>earn</span> 
     </span>
     <span class='ocr_line' id='line_1_8' title="bbox 487 1230 3097 1313; baseline 0 -22"><span class='ocrx_word' id='word_1_67' title='bbox 487 1232 562 1291; x_wconf 92' lang='lat' dir='ltr'>de</span> <span class='ocrx_word' id='word_1_68' title='bbox 595 1230 949 1293; x_wconf 80' lang='lat' dir='ltr'>necessitate</span> <span class='ocrx_word' id='word_1_69' title='bbox 983 1231 1283 1310; x_wconf 86' lang='lat' dir='ltr'>conversi,</span> <span class='ocrx_word' id='word_1_70' title='bbox 1317 1232 1602 1294; x_wconf 89' lang='lat' dir='ltr'>dolorem</span> <span class='ocrx_word' id='word_1_71' title='bbox 1637 1231 1826 1293; x_wconf 90' lang='lat' dir='ltr'>lenire</span> <span class='ocrx_word' id='word_1_72' title='bbox 1859 1250 1986 1293; x_wconf 89' lang='lat' dir='ltr'>non</span> <span class='ocrx_word' id='word_1_73' title='bbox 2019 1250 2373 1313; x_wconf 79' lang='lat' dir='ltr'>possumuS‚</span> <span class='ocrx_word' id='word_1_74' title='bbox 2413 1232 2587 1312; x_wconf 92' lang='lat' dir='ltr'>quod</span> <span class='ocrx_word' id='word_1_75' title='bbox 2618 1232 3002 1293; x_wconf 80' lang='lat' dir='ltr'>abducamur</span> <span class='ocrx_word' id='word_1_76' title='bbox 3032 1232 3097 1292; x_wconf 92' lang='lat' dir='ltr'>in</span> 
     </span>
     <span class='ocr_line' id='line_1_9' title="bbox 487 1337 3096 1419; baseline 0 -21"><span class='ocrx_word' id='word_1_77' title='bbox 487 1356 677 1398; x_wconf 91' lang='lat' dir='ltr'>unam</span> <span class='ocrx_word' id='word_1_78' title='bbox 710 1338 1218 1414; x_wconf 88' lang='lat' dir='ltr'>animadvertere,</span> <span class='ocrx_word' id='word_1_79' title='bbox 1268 1338 1449 1399; x_wconf 86' lang='lat' dir='ltr'>cuius</span> <span class='ocrx_word' id='word_1_80' title='bbox 1478 1338 1744 1399; x_wconf 86' lang='lat' dir='ltr'>maiores</span> <span class='ocrx_word' id='word_1_81' title='bbox 1792 1339 1869 1399; x_wconf 91' lang='lat' dir='ltr'>de</span> <span class='ocrx_word' id='word_1_82' title='bbox 1901 1337 2214 1419; x_wconf 80' lang='lat' dir='ltr'>republica</span> <span class='ocrx_word' id='word_1_83' title='bbox 2261 1337 2585 1399; x_wconf 88' lang='lat' dir='ltr'>christiana</span> <span class='ocrx_word' id='word_1_84' title='bbox 2617 1355 2935 1419; x_wconf 88' lang='lat' dir='ltr'>tantopere</span> <span class='ocrx_word' id='word_1_85' title='bbox 2968 1358 3096 1399; x_wconf 91' lang='lat' dir='ltr'>me·</span> 
     </span>
     <span class='ocr_line' id='line_1_10' title="bbox 485 1442 3098 1526; baseline 0.001 -23"><span class='ocrx_word' id='word_1_86' title='bbox 485 1462 681 1504; x_wconf 88' lang='lat' dir='ltr'>ruere.</span> <span class='ocrx_word' id='word_1_87' title='bbox 729 1442 894 1504; x_wconf 91' lang='lat' dir='ltr'>lllius</span> <span class='ocrx_word' id='word_1_88' title='bbox 941 1443 1143 1523; x_wconf 89' lang='lat' dir='ltr'>itaque</span> <span class='ocrx_word' id='word_1_89' title='bbox 1194 1443 1549 1506; x_wconf 90' lang='lat' dir='ltr'>auctoritate</span> <span class='ocrx_word' id='word_1_90' title='bbox 1595 1444 1855 1522; x_wconf 85' lang='lat' dir='ltr'>suffulti,</span> <span class='ocrx_word' id='word_1_91' title='bbox 1903 1444 2011 1524; x_wconf 89' lang='lat' dir='ltr'>qui</span> <span class='ocrx_word' id='word_1_92' title='bbox 2060 1463 2177 1506; x_wconf 83' lang='lat' dir='ltr'>nos</span> <span class='ocrx_word' id='word_1_93' title='bbox 2223 1443 2285 1504; x_wconf 92' lang='lat' dir='ltr'>in</span> <span class='ocrx_word' id='word_1_94' title='bbox 2332 1445 2452 1505; x_wconf 89' lang='lat' dir='ltr'>hoc</span> <span class='ocrx_word' id='word_1_95' title='bbox 2497 1464 2792 1526; x_wconf 90' lang='lat' dir='ltr'>supremo</span> <span class='ocrx_word' id='word_1_96' title='bbox 2838 1444 3098 1507; x_wconf 90' lang='lat' dir='ltr'>iustitiae</span> 
     </span>
     <span class='ocr_line' id='line_1_11' title="bbox 380 1550 3098 1633; baseline 0.001 -23"><span class='ocrx_word' id='word_1_97' title='bbox 380 1579 431 1610; x_wconf 74' lang='grc' dir='ltr'>ιο</span> <span class='ocrx_word' id='word_1_98' title='bbox 483 1552 734 1628; x_wconf 88' lang='lat' dir='ltr'>throno,</span> <span class='ocrx_word' id='word_1_99' title='bbox 768 1550 906 1612; x_wconf 92' lang='lat' dir='ltr'>licet</span> <span class='ocrx_word' id='word_1_100' title='bbox 938 1567 1107 1612; x_wconf 90' lang='lat' dir='ltr'>tanto</span> <span class='ocrx_word' id='word_1_101' title='bbox 1141 1551 1319 1631; x_wconf 86' lang='lat' dir='ltr'>operi</span> <span class='ocrx_word' id='word_1_102' title='bbox 1350 1551 1636 1632; x_wconf 87' lang='lat' dir='ltr'>impares,</span> <span class='ocrx_word' id='word_1_103' title='bbox 1682 1550 1877 1613; x_wconf 90' lang='lat' dir='ltr'>voluit</span> <span class='ocrx_word' id='word_1_104' title='bbox 1907 1551 2227 1623; x_wconf 90' lang='lat' dir='ltr'>collocare,</span> <span class='ocrx_word' id='word_1_105' title='bbox 2273 1551 2351 1611; x_wconf 89' lang='lat' dir='ltr'>de</span> <span class='ocrx_word' id='word_1_106' title='bbox 2383 1552 2753 1633; x_wconf 86' lang='lat' dir='ltr'>apostolicae</span> <span class='ocrx_word' id='word_1_107' title='bbox 2784 1553 3098 1633; x_wconf 88' lang='lat' dir='ltr'>potestatis</span> 
     </span>
     <span class='ocr_line' id='line_1_12' title="bbox 485 1656 3096 1739; baseline 0.002 -21"><span class='ocrx_word' id='word_1_108' title='bbox 485 1658 889 1737; x_wconf 88' lang='lat' dir='ltr'>plenitudine,</span> <span class='ocrx_word' id='word_1_109' title='bbox 934 1658 1316 1719; x_wconf 86' lang='lat' dir='ltr'>declaramus</span> <span class='ocrx_word' id='word_1_110' title='bbox 1368 1658 1740 1739; x_wconf 86' lang='lat' dir='ltr'>praedictam</span> <span class='ocrx_word' id='word_1_111' title='bbox 1771 1657 2080 1718; x_wconf 90' lang='lat' dir='ltr'>Elisabeth</span> <span class='ocrx_word' id='word_1_112' title='bbox 2133 1656 2493 1718; x_wconf 86' lang='lat' dir='ltr'>haereticam</span> <span class='ocrx_word' id='word_1_113' title='bbox 2542 1675 2598 1719; x_wconf 91' lang='lat' dir='ltr'>et</span> <span class='ocrx_word' id='word_1_114' title='bbox 2644 1658 3096 1722; x_wconf 89' lang='lat' dir='ltr'>haereticorum</span> 
     </span>
     <span class='ocr_line' id='line_1_13' title="bbox 484 1762 3095 1845; baseline 0.002 -21"><span class='ocrx_word' id='word_1_115' title='bbox 484 1763 822 1840; x_wconf 85' lang='lat' dir='ltr'>fautricem,</span> <span class='ocrx_word' id='word_1_116' title='bbox 859 1764 1040 1845; x_wconf 88' lang='lat' dir='ltr'>eique</span> <span class='ocrx_word' id='word_1_117' title='bbox 1060 1765 1464 1826; x_wconf 88' lang='lat' dir='ltr'>adhaerentes</span> <span class='ocrx_word' id='word_1_118' title='bbox 1496 1764 1561 1825; x_wconf 92' lang='lat' dir='ltr'>in</span> <span class='ocrx_word' id='word_1_119' title='bbox 1584 1764 1930 1845; x_wconf 89' lang='lat' dir='ltr'>praedictis,</span> <span class='ocrx_word' id='word_1_120' title='bbox 1963 1762 2363 1824; x_wconf 86' lang='lat' dir='ltr'>anathematis</span> <span class='ocrx_word' id='word_1_121' title='bbox 2383 1765 2749 1827; x_wconf 88' lang='lat' dir='ltr'>sententiam</span> <span class='ocrx_word' id='word_1_122' title='bbox 2779 1766 3095 1839; x_wconf 75' lang='lat' dir='ltr'>incur-isse,</span> 
     </span>
     <span class='ocr_line' id='line_1_14' title="bbox 484 1869 3098 1954; baseline 0.002 -23"><span class='ocrx_word' id='word_1_123' title='bbox 484 1890 741 1952; x_wconf 86' lang='lat' dir='ltr'>esseque</span> <span class='ocrx_word' id='word_1_124' title='bbox 773 1893 807 1931; x_wconf 89' lang='lat' dir='ltr'>a</span> <span class='ocrx_word' id='word_1_125' title='bbox 839 1871 1066 1933; x_wconf 84' lang='lat' dir='ltr'>Christi</span> <span class='ocrx_word' id='word_1_126' title='bbox 1099 1871 1375 1953; x_wconf 90' lang='lat' dir='ltr'>corporis</span> <span class='ocrx_word' id='word_1_127' title='bbox 1413 1870 1648 1932; x_wconf 91' lang='lat' dir='ltr'>unitate</span> <span class='ocrx_word' id='word_1_128' title='bbox 1680 1870 2005 1951; x_wconf 90' lang='lat' dir='ltr'>praecisos.</span> <span class='ocrx_word' id='word_1_129' title='bbox 2054 1891 2116 1949; x_wconf 88' lang='lat'>4.</span> <span class='ocrx_word' id='word_1_130' title='bbox 2151 1869 2325 1946; x_wconf 91' lang='lat' dir='ltr'>Quin</span> <span class='ocrx_word' id='word_1_131' title='bbox 2357 1870 2542 1932; x_wconf 88' lang='lat' dir='ltr'>etiam</span> <span class='ocrx_word' id='word_1_132' title='bbox 2564 1871 2758 1953; x_wconf 88' lang='lat' dir='ltr'>ipsam</span> <span class='ocrx_word' id='word_1_133' title='bbox 2779 1890 3098 1954; x_wconf 88' lang='lat' dir='ltr'>praetenso</span> 
     </span>
     <span class='ocr_line' id='line_1_15' title="bbox 484 1976 3098 2062; baseline 0.001 -23"><span class='ocrx_word' id='word_1_134' title='bbox 484 1978 651 2057; x_wconf 87' lang='lat' dir='ltr'>regni</span> <span class='ocrx_word' id='word_1_135' title='bbox 688 1979 975 2060; x_wconf 87' lang='lat' dir='ltr'>praedicti</span> <span class='ocrx_word' id='word_1_136' title='bbox 1023 1979 1174 2052; x_wconf 88' lang='lat' dir='ltr'>iure,</span> <span class='ocrx_word' id='word_1_137' title='bbox 1231 1997 1481 2039; x_wconf 89' lang='lat' dir='ltr'>necnon</span> <span class='ocrx_word' id='word_1_138' title='bbox 1535 1976 1709 2038; x_wconf 85' lang='lat' dir='ltr'>omni</span> <span class='ocrx_word' id='word_1_139' title='bbox 1757 1992 1817 2037; x_wconf 92' lang='lat' dir='ltr'>et</span> <span class='ocrx_word' id='word_1_140' title='bbox 1850 1995 2233 2057; x_wconf 90' lang='lat' dir='ltr'>quocunque</span> <span class='ocrx_word' id='word_1_141' title='bbox 2279 1977 2581 2054; x_wconf 90' lang='lat' dir='ltr'>domini0,</span> <span class='ocrx_word' id='word_1_142' title='bbox 2629 1979 2940 2059; x_wconf 84' lang='lat' dir='ltr'>dignitate,</span> <span class='ocrx_word' id='word_1_143' title='bbox 2977 1982 3098 2062; x_wconf 88' lang='lat' dir='ltr'>pri-</span> 
     </span>
     <span class='ocr_line' id='line_1_16' title="bbox 379 2082 3099 2167; baseline 0.001 -23"><span class='ocrx_word' id='word_1_144' title='bbox 379 2115 425 2158; x_wconf 66' lang='lat'>25</span> <span class='ocrx_word' id='word_1_145' title='bbox 483 2084 833 2166; x_wconf 85' lang='lat' dir='ltr'>vilegioque</span> <span class='ocrx_word' id='word_1_146' title='bbox 868 2086 1184 2167; x_wconf 87' lang='lat' dir='ltr'>privatam.</span> <span class='ocrx_word' id='word_1_147' title='bbox 1246 2106 1300 2165; x_wconf 86' lang='lat'>5.</span> <span class='ocrx_word' id='word_1_148' title='bbox 1337 2085 1413 2147; x_wconf 85' lang='lat' dir='ltr'>Et</span> <span class='ocrx_word' id='word_1_149' title='bbox 1445 2085 1589 2146; x_wconf 87' lang='lat' dir='ltr'>item</span> <span class='ocrx_word' id='word_1_150' title='bbox 1626 2103 1931 2165; x_wconf 88' lang='lat' dir='ltr'>proceres,</span> <span class='ocrx_word' id='word_1_151' title='bbox 1963 2082 2243 2145; x_wconf 89' lang='lat' dir='ltr'>subditos</span> <span class='ocrx_word' id='word_1_152' title='bbox 2274 2101 2332 2144; x_wconf 87' lang='lat' dir='ltr'>et</span> <span class='ocrx_word' id='word_1_153' title='bbox 2365 2084 2633 2165; x_wconf 90' lang='lat' dir='ltr'>populos</span> <span class='ocrx_word' id='word_1_154' title='bbox 2652 2085 2791 2146; x_wconf 89' lang='lat' dir='ltr'>dicti</span> <span class='ocrx_word' id='word_1_155' title='bbox 2817 2087 3009 2166; x_wconf 88' lang='lat' dir='ltr'>regni,</span> <span class='ocrx_word' id='word_1_156' title='bbox 3030 2107 3099 2149; x_wconf 90' lang='lat' dir='ltr'>ac</span> 
     </span>
     <span class='ocr_line' id='line_1_17' title="bbox 483 2190 3095 2273; baseline 0 -20"><span class='ocrx_word' id='word_1_157' title='bbox 483 2208 716 2254; x_wconf 90' lang='lat' dir='ltr'>ceteros</span> <span class='ocrx_word' id='word_1_158' title='bbox 736 2193 1120 2273; x_wconf 90' lang='lat' dir='ltr'>omnes,·qui</span> <span class='ocrx_word' id='word_1_159' title='bbox 1157 2192 1243 2253; x_wconf 90' lang='lat' dir='ltr'>illi</span> <span class='ocrx_word' id='word_1_160' title='bbox 1268 2190 2243 2273; x_wconf 85' lang='lat' dir='ltr'>quomodocunqueiuraverunt,</span> <span class='ocrx_word' id='word_1_161' title='bbox 2278 2212 2311 2251; x_wconf 89' lang='lat' dir='ltr'>a</span> <span class='ocrx_word' id='word_1_162' title='bbox 2346 2191 2692 2252; x_wconf 88' lang='lat' dir='ltr'>iuramento</span> <span class='ocrx_word' id='word_1_163' title='bbox 2715 2192 3095 2270; x_wconf 84' lang='lat' dir='ltr'>huiusmodi,</span> 
     </span>
     <span class='ocr_line' id='line_1_18' title="bbox 484 2297 3096 2380; baseline 0 -19"><span class='ocrx_word' id='word_1_164' title='bbox 484 2319 552 2361; x_wconf 88' lang='lat' dir='ltr'>ac</span> <span class='ocrx_word' id='word_1_165' title='bbox 584 2299 757 2361; x_wconf 91' lang='lat' dir='ltr'>omni</span> <span class='ocrx_word' id='word_1_166' title='bbox 791 2318 1045 2380; x_wconf 89' lang='lat' dir='ltr'>prorsus</span> <span class='ocrx_word' id='word_1_167' title='bbox 1077 2299 1362 2375; x_wconf 90' lang='lat' dir='ltr'>dominii,</span> <span class='ocrx_word' id='word_1_168' title='bbox 1397 2298 1720 2375; x_wconf 85' lang='lat' dir='ltr'>fidelitatis,</span> <span class='ocrx_word' id='word_1_169' title='bbox 1767 2314 1825 2359; x_wconf 93' lang='lat' dir='ltr'>et</span> <span class='ocrx_word' id='word_1_170' title='bbox 1858 2297 2140 2378; x_wconf 87' lang='lat' dir='ltr'>obsequii</span> <span class='ocrx_word' id='word_1_171' title='bbox 2173 2298 2383 2358; x_wconf 88' lang='lat' dir='ltr'>debito</span> <span class='ocrx_word' id='word_1_172' title='bbox 2415 2313 2716 2379; x_wconf 89' lang='lat' dir='ltr'>perpetuo</span> <span class='ocrx_word' id='word_1_173' title='bbox 2760 2301 3096 2377; x_wconf 84' lang='lat' dir='ltr'>absolutos,</span> 
     </span>
     <span class='ocr_line' id='line_1_19' title="bbox 486 2404 3094 2488; baseline 0 -20"><span class='ocrx_word' id='word_1_174' title='bbox 486 2421 671 2488; x_wconf 86' lang='lat' dir='ltr'>prout</span> <span class='ocrx_word' id='word_1_175' title='bbox 705 2425 820 2467; x_wconf 89' lang='lat' dir='ltr'>nos</span> <span class='ocrx_word' id='word_1_176' title='bbox 866 2406 1006 2468; x_wconf 90' lang='lat' dir='ltr'>illos</span> <span class='ocrx_word' id='word_1_177' title='bbox 1052 2407 1481 2488; x_wconf 87' lang='lat' dir='ltr'>praesentium</span> <span class='ocrx_word' id='word_1_178' title='bbox 1523 2405 1883 2467; x_wconf 88' lang='lat' dir='ltr'>auctoritate</span> <span class='ocrx_word' id='word_1_179' title='bbox 1928 2405 2323 2483; x_wconf 88' lang='lat' dir='ltr'>absolvimus,</span> <span class='ocrx_word' id='word_1_180' title='bbox 2371 2421 2430 2466; x_wconf 91' lang='lat' dir='ltr'>et</span> <span class='ocrx_word' id='word_1_181' title='bbox 2477 2404 2789 2485; x_wconf 85' lang='lat' dir='ltr'>privamus</span> <span class='ocrx_word' id='word_1_182' title='bbox 2833 2406 3094 2468; x_wconf 86' lang='lat' dir='ltr'>eandem</span> 
     </span>
     <span class='ocr_line' id='line_1_20' title="bbox 485 2511 3098 2595; baseline 0 -22"><span class='ocrx_word' id='word_1_183' title='bbox 485 2513 796 2575; x_wconf 87' lang='lat' dir='ltr'>Elisabeth</span> <span class='ocrx_word' id='word_1_184' title='bbox 845 2529 1172 2595; x_wconf 89' lang='lat' dir='ltr'>praetenso</span> <span class='ocrx_word' id='word_1_185' title='bbox 1223 2513 1358 2575; x_wconf 91' lang='lat' dir='ltr'>iure</span> <span class='ocrx_word' id='word_1_186' title='bbox 1409 2513 1604 2591; x_wconf 82' lang='lat' dir='ltr'>regni,</span> <span class='ocrx_word' id='word_1_187' title='bbox 1652 2512 1911 2593; x_wconf 87' lang='lat' dir='ltr'>aliisque</span> <span class='ocrx_word' id='word_1_188' title='bbox 1976 2513 2270 2574; x_wconf 91' lang='lat' dir='ltr'>omnibus</span> <span class='ocrx_word' id='word_1_189' title='bbox 2328 2511 2722 2594; x_wconf 81' lang='lat' dir='ltr'>supradictis:</span> <span class='ocrx_word' id='word_1_190' title='bbox 2803 2512 3098 2595; x_wconf 89' lang='lat' dir='ltr'>praecipi-</span> 
     </span>
     <span class='ocr_line' id='line_1_21' title="bbox 369 2618 3097 2702; baseline 0.001 -24"><span class='ocrx_word' id='word_1_191' title='bbox 369 2647 428 2678; x_wconf 62' lang='grc' dir='ltr'>πο</span> <span class='ocrx_word' id='word_1_192' title='bbox 483 2639 753 2701; x_wconf 91' lang='lat' dir='ltr'>musque</span> <span class='ocrx_word' id='word_1_193' title='bbox 785 2635 844 2681; x_wconf 91' lang='lat' dir='ltr'>et</span> <span class='ocrx_word' id='word_1_194' title='bbox 878 2620 1305 2681; x_wconf 90' lang='lat' dir='ltr'>interdicimus</span> <span class='ocrx_word' id='word_1_195' title='bbox 1340 2620 1641 2681; x_wconf 86' lang='lat' dir='ltr'>universis</span> <span class='ocrx_word' id='word_1_196' title='bbox 1688 2634 1747 2680; x_wconf 87' lang='lat' dir='ltr'>et</span> <span class='ocrx_word' id='word_1_197' title='bbox 1781 2618 2043 2700; x_wconf 83' lang='lat' dir='ltr'>singulis</span> <span class='ocrx_word' id='word_1_198' title='bbox 2088 2619 2467 2700; x_wconf 78' lang='lat' dir='ltr'>proceribuS,</span> <span class='ocrx_word' id='word_1_199' title='bbox 2513 2620 2794 2698; x_wconf 89' lang='lat' dir='ltr'>subditis,</span> <span class='ocrx_word' id='word_1_200' title='bbox 2829 2620 3097 2702; x_wconf 88' lang='lat' dir='ltr'>populis,</span> 
     </span>
     <span class='ocr_line' id='line_1_22' title="bbox 486 2727 3097 2810; baseline 0.001 -22"><span class='ocrx_word' id='word_1_201' title='bbox 486 2742 545 2788; x_wconf 97' lang='lat' dir='ltr'>et</span> <span class='ocrx_word' id='word_1_202' title='bbox 577 2727 710 2789; x_wconf 88' lang='lat' dir='ltr'>aliis</span> <span class='ocrx_word' id='word_1_203' title='bbox 743 2728 1090 2809; x_wconf 86' lang='lat' dir='ltr'>praedictis,</span> <span class='ocrx_word' id='word_1_204' title='bbox 1125 2747 1203 2789; x_wconf 91' lang='lat' dir='ltr'>ne</span> <span class='ocrx_word' id='word_1_205' title='bbox 1237 2728 1340 2803; x_wconf 85' lang='lat' dir='ltr'>illi,</span> <span class='ocrx_word' id='word_1_206' title='bbox 1377 2728 1585 2790; x_wconf 87' lang='lat' dir='ltr'>eiusve</span> <span class='ocrx_word' id='word_1_207' title='bbox 1620 2728 1893 2805; x_wconf 81' lang='lat' dir='ltr'>monitis,</span> <span class='ocrx_word' id='word_1_208' title='bbox 1927 2728 2252 2806; x_wconf 88' lang='lat' dir='ltr'>mandatis,</span> <span class='ocrx_word' id='word_1_209' title='bbox 2287 2743 2346 2788; x_wconf 89' lang='lat' dir='ltr'>et</span> <span class='ocrx_word' id='word_1_210' title='bbox 2375 2727 2619 2810; x_wconf 86' lang='lat' dir='ltr'>legibus</span> <span class='ocrx_word' id='word_1_211' title='bbox 2649 2731 2919 2791; x_wconf 90' lang='lat' dir='ltr'>audeant</span> <span class='ocrx_word' id='word_1_212' title='bbox 2949 2731 3097 2790; x_wconf 87' lang='lat' dir='ltr'>obe-</span> 
     </span>
     <span class='ocr_line' id='line_1_23' title="bbox 486 2834 3096 2917; baseline 0.001 -22"><span class='ocrx_word' id='word_1_213' title='bbox 486 2834 629 2895; x_wconf 84' lang='lat' dir='ltr'>dire.</span> <span class='ocrx_word' id='word_1_214' title='bbox 663 2834 792 2911; x_wconf 90' lang='lat' dir='ltr'>Qui</span> <span class='ocrx_word' id='word_1_215' title='bbox 823 2855 1000 2897; x_wconf 89' lang='lat' dir='ltr'>secus</span> <span class='ocrx_word' id='word_1_216' title='bbox 1031 2837 1285 2917; x_wconf 84' lang='lat' dir='ltr'>egerint,</span> <span class='ocrx_word' id='word_1_217' title='bbox 1319 2854 1426 2897; x_wconf 88' lang='lat' dir='ltr'>eos</span> <span class='ocrx_word' id='word_1_218' title='bbox 1458 2835 1641 2897; x_wconf 89' lang='lat' dir='ltr'>simili</span> <span class='ocrx_word' id='word_1_219' title='bbox 1675 2835 2079 2898; x_wconf 89' lang='lat' dir='ltr'>anathematis</span> <span class='ocrx_word' id='word_1_220' title='bbox 2097 2835 2392 2897; x_wconf 89' lang='lat' dir='ltr'>sententia</span> <span class='ocrx_word' id='word_1_221' title='bbox 2420 2836 2815 2898; x_wconf 87' lang='lat' dir='ltr'>innodamus.</span> <span class='ocrx_word' id='word_1_222' title='bbox 2852 2838 2909 2899; x_wconf 84' lang='lat'>6.</span> <span class='ocrx_word' id='word_1_223' title='bbox 2931 2835 3096 2912; x_wconf 88' lang='lat' dir='ltr'>Quia</span> 
     </span>
     <span class='ocr_line' id='line_1_24' title="bbox 486 2941 3096 3025; baseline 0.002 -24"><span class='ocrx_word' id='word_1_224' title='bbox 486 2961 631 3004; x_wconf 84' lang='lat' dir='ltr'>vero</span> <span class='ocrx_word' id='word_1_225' title='bbox 665 2941 911 3004; x_wconf 87' lang='lat' dir='ltr'>difficile</span> <span class='ocrx_word' id='word_1_226' title='bbox 943 2943 1128 3004; x_wconf 89' lang='lat' dir='ltr'>nimis</span> <span class='ocrx_word' id='word_1_227' title='bbox 1159 2959 1318 3004; x_wconf 89' lang='lat' dir='ltr'>esset</span> <span class='ocrx_word' id='word_1_228' title='bbox 1350 2959 1698 3025; x_wconf 88' lang='lat' dir='ltr'>praesentes</span> <span class='ocrx_word' id='word_1_229' title='bbox 1744 2961 2151 3023; x_wconf 89' lang='lat' dir='ltr'>quocumque</span> <span class='ocrx_word' id='word_1_230' title='bbox 2182 2941 2303 3003; x_wconf 88' lang='lat' dir='ltr'>illis</span> <span class='ocrx_word' id='word_1_231' title='bbox 2334 2961 2496 3024; x_wconf 90' lang='lat' dir='ltr'>opus</span> <span class='ocrx_word' id='word_1_232' title='bbox 2527 2943 2638 3004; x_wconf 90' lang='lat' dir='ltr'>erit</span> <span class='ocrx_word' id='word_1_233' title='bbox 2665 2942 2952 3025; x_wconf 88' lang='lat' dir='ltr'>perferre,</span> <span class='ocrx_word' id='word_1_234' title='bbox 2987 2963 3096 3005; x_wconf 92' lang='lat' dir='ltr'>vo-</span> 
     </span>
     <span class='ocr_line' id='line_1_25' title="bbox 488 3049 3099 3132; baseline 0 -22"><span class='ocrx_word' id='word_1_235' title='bbox 488 3050 698 3112; x_wconf 90' lang='lat' dir='ltr'>lumus</span> <span class='ocrx_word' id='word_1_236' title='bbox 731 3066 800 3111; x_wconf 89' lang='lat' dir='ltr'>ut</span> <span class='ocrx_word' id='word_1_237' title='bbox 831 3069 1043 3111; x_wconf 87' lang='lat' dir='ltr'>earum</span> <span class='ocrx_word' id='word_1_238' title='bbox 1078 3051 1380 3132; x_wconf 85' lang='lat' dir='ltr'>exempla,</span> <span class='ocrx_word' id='word_1_239' title='bbox 1412 3051 1635 3112; x_wconf 87' lang='lat' dir='ltr'>notarii</span> <span class='ocrx_word' id='word_1_240' title='bbox 1667 3050 1897 3132; x_wconf 91' lang='lat' dir='ltr'>publici</span> <span class='ocrx_word' id='word_1_241' title='bbox 1931 3070 2118 3111; x_wconf 89' lang='lat' dir='ltr'>manu</span> <span class='ocrx_word' id='word_1_242' title='bbox 2144 3067 2202 3111; x_wconf 90' lang='lat' dir='ltr'>et</span> <span class='ocrx_word' id='word_1_243' title='bbox 2219 3049 2465 3131; x_wconf 88' lang='lat' dir='ltr'>praelati</span> <span class='ocrx_word' id='word_1_244' title='bbox 2489 3050 2870 3113; x_wconf 88' lang='lat' dir='ltr'>ecclesiastici</span> <span class='ocrx_word' id='word_1_245' title='bbox 2891 3051 3099 3113; x_wconf 87' lang='lat' dir='ltr'>eiusve</span> 
     </span>
     <span class='ocr_line' id='line_1_26' title="bbox 372 3157 3100 3239; baseline 0.002 -26"><span class='ocrx_word' id='word_1_246' title='bbox 372 3182 427 3224; x_wconf 63' lang='grc' dir='ltr'>ας</span> <span class='ocrx_word' id='word_1_247' title='bbox 488 3158 691 3219; x_wconf 88' lang='lat' dir='ltr'>curiae</span> <span class='ocrx_word' id='word_1_248' title='bbox 740 3157 942 3238; x_wconf 85' lang='lat' dir='ltr'>sigillo</span> <span class='ocrx_word' id='word_1_249' title='bbox 989 3158 1333 3238; x_wconf 81' lang='lat' dir='ltr'>obsignata,</span> <span class='ocrx_word' id='word_1_250' title='bbox 1384 3159 1665 3219; x_wconf 90' lang='lat' dir='ltr'>eamdem</span> <span class='ocrx_word' id='word_1_251' title='bbox 1716 3158 1885 3219; x_wconf 91' lang='lat' dir='ltr'>illam</span> <span class='ocrx_word' id='word_1_252' title='bbox 1933 3177 2185 3239; x_wconf 91' lang='lat' dir='ltr'>prorsus</span> <span class='ocrx_word' id='word_1_253' title='bbox 2230 3157 2440 3235; x_wconf 80' lang='lat' dir='ltr'>fidem,</span> <span class='ocrx_word' id='word_1_254' title='bbox 2484 3157 2548 3219; x_wconf 90' lang='lat' dir='ltr'>in</span> <span class='ocrx_word' id='word_1_255' title='bbox 2583 3157 2816 3220; x_wconf 90' lang='lat' dir='ltr'>iudicio</span> <span class='ocrx_word' id='word_1_256' title='bbox 2848 3175 2905 3219; x_wconf 88' lang='lat' dir='ltr'>et</span> <span class='ocrx_word' id='word_1_257' title='bbox 2937 3175 3100 3220; x_wconf 83' lang='lat' dir='ltr'>extra</span> 
     </span>
     <span class='ocr_line' id='line_1_27' title="bbox 486 3263 3097 3346; baseline 0 -21"><span class='ocrx_word' id='word_1_258' title='bbox 486 3265 657 3341; x_wconf 84' lang='lat' dir='ltr'>illud,</span> <span class='ocrx_word' id='word_1_259' title='bbox 690 3265 926 3346; x_wconf 89' lang='lat' dir='ltr'>ubique</span> <span class='ocrx_word' id='word_1_260' title='bbox 960 3265 1240 3343; x_wconf 83' lang='lat' dir='ltr'>gentium</span> <span class='ocrx_word' id='word_1_261' title='bbox 1277 3263 1521 3341; x_wconf 89' lang='lat' dir='ltr'>faciant,</span> <span class='ocrx_word' id='word_1_262' title='bbox 1553 3284 1741 3345; x_wconf 88' lang='lat' dir='ltr'>quam</span> <span class='ocrx_word' id='word_1_263' title='bbox 1776 3265 1941 3346; x_wconf 89' lang='lat' dir='ltr'>ipsae</span> <span class='ocrx_word' id='word_1_264' title='bbox 1973 3280 2322 3345; x_wconf 88' lang='lat' dir='ltr'>praesentes</span> <span class='ocrx_word' id='word_1_265' title='bbox 2355 3263 2637 3343; x_wconf 88' lang='lat' dir='ltr'>facerent,</span> <span class='ocrx_word' id='word_1_266' title='bbox 2669 3265 2718 3326; x_wconf 91' lang='lat' dir='ltr'>si</span> <span class='ocrx_word' id='word_1_267' title='bbox 2752 3281 2953 3327; x_wconf 89' lang='lat' dir='ltr'>essent</span> <span class='ocrx_word' id='word_1_268' title='bbox 2972 3267 3097 3327; x_wconf 84' lang='lat' dir='ltr'>exi-</span> 
     </span>
     <span class='ocr_line' id='line_1_28' title="bbox 487 3372 1100 3434; baseline -0.002 -1"><span class='ocrx_word' id='word_1_269' title='bbox 487 3373 641 3434; x_wconf 91' lang='lat' dir='ltr'>bitae</span> <span class='ocrx_word' id='word_1_270' title='bbox 672 3372 767 3433; x_wconf 86' lang='lat' dir='ltr'>vel</span> <span class='ocrx_word' id='word_1_271' title='bbox 799 3388 1100 3434; x_wconf 87' lang='lat' dir='ltr'>ostensae.</span> 
     </span>
     <span class='ocr_line' id='line_1_29' title="bbox 699 3477 3097 3559; baseline -0 -19"><span class='ocrx_word' id='word_1_272' title='bbox 699 3480 931 3541; x_wconf 89' lang='lat' dir='ltr'>Datum</span> <span class='ocrx_word' id='word_1_273' title='bbox 978 3479 1215 3541; x_wconf 89' lang='lat' dir='ltr'>Romae</span> <span class='ocrx_word' id='word_1_274' title='bbox 1261 3481 1426 3559; x_wconf 90' lang='lat' dir='ltr'>apud</span> <span class='ocrx_word' id='word_1_275' title='bbox 1477 3477 1538 3539; x_wconf 92' lang='lat' dir='ltr'>S.</span> <span class='ocrx_word' id='word_1_276' title='bbox 1575 3479 1826 3539; x_wconf 86' lang='lat' dir='ltr'>Petrum</span> <span class='ocrx_word' id='word_1_277' title='bbox 1860 3497 2027 3539; x_wconf 92' lang='lat' dir='ltr'>anno</span> <span class='ocrx_word' id='word_1_278' title='bbox 2072 3477 2303 3540; x_wconf 89' lang='lat' dir='ltr'>incarn.</span> <span class='ocrx_word' id='word_1_279' title='bbox 2349 3477 2584 3539; x_wconf 90' lang='lat' dir='ltr'>domin.</span> <span class='ocrx_word' id='word_1_280' title='bbox 2642 3498 2822 3558; x_wconf 85' lang='lat'>1570.</span> <span class='ocrx_word' id='word_1_281' title='bbox 2855 3479 2927 3540; x_wconf 89' lang='lat' dir='ltr'>V.</span> <span class='ocrx_word' id='word_1_282' title='bbox 2966 3479 3097 3540; x_wconf 90' lang='lat' dir='ltr'>Kal.</span> 
     </span>
     <span class='ocr_line' id='line_1_30' title="bbox 487 3582 2399 3667; baseline -0.001 -20"><span class='ocrx_word' id='word_1_283' title='bbox 487 3586 650 3663; x_wconf 82' lang='lat' dir='ltr'>Maii,</span> <span class='ocrx_word' id='word_1_284' title='bbox 687 3586 904 3667; x_wconf 89' lang='lat' dir='ltr'>pontif.</span> <span class='ocrx_word' id='word_1_285' title='bbox 937 3587 1124 3647; x_wconf 87' lang='lat' dir='ltr'>nostri</span> <span class='ocrx_word' id='word_1_286' title='bbox 1159 3605 1327 3646; x_wconf 91' lang='lat' dir='ltr'>auno</span> <span class='ocrx_word' id='word_1_287' title='bbox 1359 3585 1595 3666; x_wconf 79' lang='lat' dir='ltr'>quinto,</span> <span class='ocrx_word' id='word_1_288' title='bbox 1657 3582 1714 3664; x_wconf 95' lang='lat' dir='ltr'>[l.</span> <span class='ocrx_word' id='word_1_289' title='bbox 1747 3605 1799 3647; x_wconf 90' lang='lat' dir='ltr'>c.</span> <span class='ocrx_word' id='word_1_290' title='bbox 1836 3605 1970 3665; x_wconf 86' lang='lat' dir='ltr'>pag.</span> <span class='ocrx_word' id='word_1_291' title='bbox 2007 3586 2302 3647; x_wconf 77' lang='lat'>810-—81</span> <span class='ocrx_word' id='word_1_292' title='bbox 2330 3582 2399 3663; x_wconf 81' lang='lat'>1.]</span> 
     </span>
    </p>
   </div>
   <div class='ocr_carea' id='block_1_3' title="bbox 370 3774 2304 3849">
    <p class='ocr_par' dir='ltr' id='par_1_3' title="bbox 370 3774 2304 3849">
     <span class='ocr_line' id='line_1_31' title="bbox 370 3774 2304 3849; baseline -0.002 -15"><span class='ocrx_word' id='word_1_293' title='bbox 370 3803 429 3849; x_wconf 70' lang='lat'>30</span> <span class='ocrx_word' id='word_1_294' title='bbox 1278 3776 1373 3831; x_wconf 75' lang='lat'>68.</span> <span class='ocrx_word' id='word_1_295' title='bbox 1432 3774 1723 3830; x_wconf 73' lang='lat' dir='ltr'>PAULUS</span> <span class='ocrx_word' id='word_1_296' title='bbox 1762 3775 1833 3829; x_wconf 78' lang='lat' dir='ltr'>V.</span> <span class='ocrx_word' id='word_1_297' title='bbox 1871 3776 2304 3845; x_wconf 60' lang='lat' dir='ltr'>(leotz—1621).</span> 
     </span>
    </p>
   </div>
   <div class='ocr_carea' id='block_1_4' title="bbox 369 3899 3105 4694">
    <p class='ocr_par' dir='ltr' id='par_1_4' title="bbox 371 3899 3105 4615">
     <span class='ocr_line' id='line_1_32' title="bbox 697 3899 3097 3974; baseline 0 -20"><span class='ocrx_word' id='word_1_298' title='bbox 697 3899 725 3923; x_wconf 75' lang='lat'>⁸</span> <span class='ocrx_word' id='word_1_299' title='bbox 765 3899 810 3954; x_wconf 99' lang='lat' dir='ltr'>R</span> <span class='ocrx_word' id='word_1_300' title='bbox 827 3917 863 3954; x_wconf 97' lang='lat' dir='ltr'>o</span> <span class='ocrx_word' id='word_1_301' title='bbox 883 3917 908 3953; x_wconf 89' lang='lat' dir='ltr'>s</span> <span class='ocrx_word' id='word_1_302' title='bbox 927 3916 957 3954; x_wconf 90' lang='lat' dir='ltr'>c</span> <span class='ocrx_word' id='word_1_303' title='bbox 977 3916 1012 3954; x_wconf 95' lang='lat' dir='ltr'>o</span> <span class='ocrx_word' id='word_1_304' title='bbox 1032 3918 1063 3954; x_wconf 83' lang='lat' dir='ltr'>v</span> <span class='ocrx_word' id='word_1_305' title='bbox 1084 3899 1115 3954; x_wconf 73' lang='lat' dir='ltr'>a</span> <span class='ocrx_word' id='word_1_306' title='bbox 1132 3918 1169 3954; x_wconf 88' lang='lat' dir='ltr'>n</span> <span class='ocrx_word' id='word_1_307' title='bbox 1191 3917 1226 3971; x_wconf 93' lang='lat' dir='ltr'>y</span> <span class='ocrx_word' id='word_1_308' title='bbox 1250 3939 1263 3961; x_wconf 82' lang='lat'>‚</span> <span class='ocrx_word' id='word_1_309' title='bbox 1288 3902 1644 3955; x_wconf 84' lang='lat' dir='ltr'>Monumenta</span> <span class='ocrx_word' id='word_1_310' title='bbox 1685 3900 1951 3955; x_wconf 80' lang='lat' dir='ltr'>catholiea</span> <span class='ocrx_word' id='word_1_311' title='bbox 1982 3907 2092 3973; x_wconf 82' lang='lat' dir='ltr'>pro</span> <span class='ocrx_word' id='word_1_312' title='bbox 2127 3903 2519 3974; x_wconf 70' lang='lat' dir='ltr'>mdipendentia</span> <span class='ocrx_word' id='word_1_313' title='bbox 2541 3905 2822 3973; x_wconf 75' lang='lat' dir='ltr'>potestatis</span> <span class='ocrx_word' id='word_1_314' title='bbox 2847 3904 3097 3955; x_wconf 59' lang='lat' dir='ltr'>ecclesia-</span> 
     </span>
     <span class='ocr_line' id='line_1_33' title="bbox 483 3980 3098 4054; baseline -0 -20"><span class='ocrx_word' id='word_1_315' title='bbox 483 3984 650 4034; x_wconf 79' lang='lat' dir='ltr'>stieae</span> <span class='ocrx_word' id='word_1_316' title='bbox 686 3984 753 4035; x_wconf 83' lang='lat' dir='ltr'>ab</span> <span class='ocrx_word' id='word_1_317' title='bbox 789 3985 1015 4054; x_wconf 80' lang='lat' dir='ltr'>imperio</span> <span class='ocrx_word' id='word_1_318' title='bbox 1052 3984 1195 4036; x_wconf 74' lang='lat' dir='ltr'>ct‘oili</span> <span class='ocrx_word' id='word_1_319' title='bbox 1276 3981 1487 4035; x_wconf 85' lang='lat' dir='ltr'>Pestini</span> <span class='ocrx_word' id='word_1_320' title='bbox 1541 3980 1687 4051; x_wconf 78' lang='lat'>1856.</span> <span class='ocrx_word' id='word_1_321' title='bbox 1733 3982 1907 4036; x_wconf 88' lang='lat' dir='ltr'>Tom.</span> <span class='ocrx_word' id='word_1_322' title='bbox 1950 3982 2033 4037; x_wconf 89' lang='lat'>111.</span> <span class='ocrx_word' id='word_1_323' title='bbox 2081 4000 2133 4053; x_wconf 90' lang='lat' dir='ltr'>p.</span> <span class='ocrx_word' id='word_1_324' title='bbox 2173 3982 2261 4054; x_wconf 81' lang='lat'>87.</span> <span class='ocrx_word' id='word_1_325' title='bbox 2340 3980 2786 4047; x_wconf 69' lang='lat' dir='ltr'>Friedberrz,</span> <span class='ocrx_word' id='word_1_326' title='bbox 2836 3982 3098 4052; x_wconf 60' lang='lat' dir='ltr'>Grdnzen</span> 
     </span>
     <span class='ocr_line' id='line_1_34' title="bbox 483 4060 3096 4134; baseline -0 -20"><span class='ocrx_word' id='word_1_327' title='bbox 483 4060 737 4132; x_wconf 58' lang='lat' dir='ltr'>zwt&#39;sclten</span> <span class='ocrx_word' id='word_1_328' title='bbox 763 4064 925 4116; x_wconf 83' lang='lat' dir='ltr'>Staat</span> <span class='ocrx_word' id='word_1_329' title='bbox 946 4063 1061 4115; x_wconf 84' lang='lat' dir='ltr'>und</span> <span class='ocrx_word' id='word_1_330' title='bbox 1083 4063 1284 4117; x_wconf 80' lang='lat' dir='ltr'>Kirche</span> <span class='ocrx_word' id='word_1_331' title='bbox 1319 4079 1371 4133; x_wconf 90' lang='lat' dir='ltr'>p.</span> <span class='ocrx_word' id='word_1_332' title='bbox 1395 4060 1516 4115; x_wconf 68' lang='lat'>«388.</span> <span class='ocrx_word' id='word_1_333' title='bbox 1557 4061 1655 4116; x_wconf 87' lang='lat' dir='ltr'>Ro</span> <span class='ocrx_word' id='word_1_334' title='bbox 1676 4079 1731 4115; x_wconf 90' lang='lat' dir='ltr'>m</span> <span class='ocrx_word' id='word_1_335' title='bbox 1750 4079 1779 4115; x_wconf 90' lang='lat' dir='ltr'>a</span> <span class='ocrx_word' id='word_1_336' title='bbox 1799 4060 1937 4132; x_wconf 88' lang='lat' dir='ltr'>nin,</span> <span class='ocrx_word' id='word_1_337' title='bbox 1963 4063 2144 4117; x_wconf 84' lang='lat' dir='ltr'>Storia</span> <span class='ocrx_word' id='word_1_338' title='bbox 2168 4065 2550 4116; x_wconf 72' lang='lat' dir='ltr'>doe-amentata</span> <span class='ocrx_word' id='word_1_339' title='bbox 2576 4063 2638 4116; x_wconf 83' lang='lat' dir='ltr'>di</span> <span class='ocrx_word' id='word_1_340' title='bbox 2667 4065 2901 4134; x_wconf 53' lang='lat' dir='ltr'>Veneria.</span> <span class='ocrx_word' id='word_1_341' title='bbox 2951 4060 3096 4133; x_wconf 82' lang='lat'>1853.</span> 
     </span>
     <span class='ocr_line' id='line_1_35' title="bbox 483 4141 3096 4215; baseline -0.001 -20"><span class='ocrx_word' id='word_1_342' title='bbox 483 4141 655 4196; x_wconf 84' lang='lat' dir='ltr'>Tom.</span> <span class='ocrx_word' id='word_1_343' title='bbox 688 4142 801 4195; x_wconf 92' lang='lat' dir='ltr'>Vll.</span> <span class='ocrx_word' id='word_1_344' title='bbox 829 4141 970 4212; x_wconf 89' lang='lat' dir='ltr'>Cap.</span> <span class='ocrx_word' id='word_1_345' title='bbox 1021 4160 1060 4195; x_wconf 84' lang='lat'>1.</span> <span class='ocrx_word' id='word_1_346' title='bbox 1090 4159 1139 4195; x_wconf 88' lang='lat'>2.</span> <span class='ocrx_word' id='word_1_347' title='bbox 1192 4142 1292 4197; x_wconf 85' lang='lat' dir='ltr'>Co</span> <span class='ocrx_word' id='word_1_348' title='bbox 1312 4160 1389 4196; x_wconf 90' lang='lat' dir='ltr'>rn</span> <span class='ocrx_word' id='word_1_349' title='bbox 1409 4154 1510 4205; x_wconf 81' lang='lat' dir='ltr'>et,</span> <span class='ocrx_word' id='word_1_350' title='bbox 1550 4143 1715 4196; x_wconf 77' lang='lat' dir='ltr'>Paolo</span> <span class='ocrx_word' id='word_1_351' title='bbox 1750 4143 1799 4195; x_wconf 88' lang='lat' dir='ltr'><strong><em>V</em></strong></span> <span class='ocrx_word' id='word_1_352' title='bbox 1825 4161 1855 4195; x_wconf 89' lang='lat' dir='ltr'>e</span> <span class='ocrx_word' id='word_1_353' title='bbox 1879 4146 1934 4196; x_wconf 82' lang='lat' dir='ltr'>la</span> <span class='ocrx_word' id='word_1_354' title='bbox 1965 4145 2287 4215; x_wconf 78' lang='lat' dir='ltr'>Repubble&#39;ca</span> <span class='ocrx_word' id='word_1_355' title='bbox 2325 4145 2517 4197; x_wconf 85' lang='lat' dir='ltr'>Veneta</span> <span class='ocrx_word' id='word_1_356' title='bbox 2543 4142 2598 4196; x_wconf 92' lang='lat' dir='ltr'>in</span> <span class='ocrx_word' id='word_1_357' title='bbox 2626 4143 2879 4197; x_wconf 79' lang='lat' dir='ltr'>Archivio</span> <span class='ocrx_word' id='word_1_358' title='bbox 2901 4147 3096 4196; x_wconf 83' lang='lat' dir='ltr'>veneto.</span> 
     </span>
     <span class='ocr_line' id='line_1_36' title="bbox 371 4221 3098 4294; baseline 0 -19"><span class='ocrx_word' id='word_1_359' title='bbox 371 4237 425 4282; x_wconf 74' lang='lat'>35</span> <span class='ocrx_word' id='word_1_360' title='bbox 483 4221 656 4275; x_wconf 84' lang='lat' dir='ltr'>Tom.</span> <span class='ocrx_word' id='word_1_361' title='bbox 683 4221 754 4275; x_wconf 88' lang='lat' dir='ltr'>V.</span> <span class='ocrx_word' id='word_1_362' title='bbox 781 4238 812 4275; x_wconf 92' lang='lat' dir='ltr'>e</span> <span class='ocrx_word' id='word_1_363' title='bbox 839 4221 932 4275; x_wconf 92' lang='lat' dir='ltr'>Vl.</span> <span class='ocrx_word' id='word_1_364' title='bbox 997 4222 1041 4275; x_wconf 85' lang='grc' dir='ltr'><em>Ρ</em></span> <span class='ocrx_word' id='word_1_365' title='bbox 1060 4239 1090 4276; x_wconf 85' lang='lat' dir='ltr'>a</span> <span class='ocrx_word' id='word_1_366' title='bbox 1109 4239 1144 4293; x_wconf 90' lang='lat' dir='ltr'>p</span> <span class='ocrx_word' id='word_1_367' title='bbox 1168 4240 1196 4276; x_wconf 93' lang='lat' dir='ltr'>a</span> <span class='ocrx_word' id='word_1_368' title='bbox 1219 4223 1255 4276; x_wconf 94' lang='lat' dir='ltr'>d</span> <span class='ocrx_word' id='word_1_369' title='bbox 1273 4241 1309 4277; x_wconf 96' lang='lat' dir='ltr'>o</span> <span class='ocrx_word' id='word_1_370' title='bbox 1330 4240 1367 4293; x_wconf 89' lang='lat' dir='ltr'>p</span> <span class='ocrx_word' id='word_1_371' title='bbox 1387 4222 1490 4277; x_wconf 92' lang='lat' dir='ltr'>oli</span> <span class='ocrx_word' id='word_1_372' title='bbox 1511 4263 1525 4282; x_wconf 87' lang='grc'><strong>.</strong></span> <span class='ocrx_word' id='word_1_373' title='bbox 1563 4224 1739 4293; x_wconf 81' lang='lat' dir='ltr'>Leggi</span> <span class='ocrx_word' id='word_1_374' title='bbox 1770 4229 1950 4278; x_wconf 85' lang='lat' dir='ltr'>venete</span> <span class='ocrx_word' id='word_1_375' title='bbox 1987 4227 2203 4277; x_wconf 78' lang='lat' dir='ltr'>intorno</span> <span class='ocrx_word' id='word_1_376' title='bbox 2239 4226 2363 4293; x_wconf 80' lang='lat' dir='ltr'>agli</span> <span class='ocrx_word' id='word_1_377' title='bbox 2393 4225 2749 4277; x_wconf 78' lang='lat' dir='ltr'>ecclesiastici</span> <span class='ocrx_word' id='word_1_378' title='bbox 2765 4226 2889 4294; x_wconf 86' lang='lat' dir='ltr'>fino</span> <span class='ocrx_word' id='word_1_379' title='bbox 2923 4226 2983 4276; x_wconf 82' lang='lat' dir='ltr'>al</span> <span class='ocrx_word' id='word_1_380' title='bbox 3017 4241 3098 4276; x_wconf 81' lang='lat' dir='ltr'>se·-</span> 
     </span>
     <span class='ocr_line' id='line_1_37' title="bbox 483 4301 3105 4374; baseline 0 -20"><span class='ocrx_word' id='word_1_381' title='bbox 483 4304 600 4355; x_wconf 87' lang='lat' dir='ltr'>colo</span> <span class='ocrx_word' id='word_1_382' title='bbox 634 4303 831 4356; x_wconf 85' lang='lat' dir='ltr'><em>XVIII.</em></span> <span class='ocrx_word' id='word_1_383' title='bbox 888 4301 1127 4356; x_wconf 86' lang='lat' dir='ltr'>Venetia</span> <span class='ocrx_word' id='word_1_384' title='bbox 1163 4301 1312 4372; x_wconf 88' lang='lat'>1864.</span> <span class='ocrx_word' id='word_1_385' title='bbox 1389 4303 1825 4372; x_wconf 80' lang='lat' dir='ltr'>Cecchetti‚</span> <span class='ocrx_word' id='word_1_386' title='bbox 1862 4305 1937 4357; x_wconf 89' lang='lat' dir='ltr'>La</span> <span class='ocrx_word' id='word_1_387' title='bbox 1967 4305 2291 4374; x_wconf 84' lang='lat' dir='ltr'>Repubblica</span> <span class='ocrx_word' id='word_1_388' title='bbox 2329 4305 2389 4355; x_wconf 87' lang='lat' dir='ltr'>di</span> <span class='ocrx_word' id='word_1_389' title='bbox 2430 4304 2649 4374; x_wconf 48' lang='lat' dir='ltr'>Veneria</span> <span class='ocrx_word' id='word_1_390' title='bbox 2687 4321 2716 4356; x_wconf 86' lang='lat' dir='ltr'>e</span> <span class='ocrx_word' id='word_1_391' title='bbox 2751 4306 2806 4356; x_wconf 82' lang='lat' dir='ltr'>la</span> <span class='ocrx_word' id='word_1_392' title='bbox 2846 4303 3010 4356; x_wconf 83' lang='lat' dir='ltr'>Corte</span> <span class='ocrx_word' id='word_1_393' title='bbox 3045 4303 3105 4355; x_wconf 77' lang='lat' dir='ltr'>di</span> 
     </span>
     <span class='ocr_line' id='line_1_38' title="bbox 485 4381 3098 4455; baseline 0 -20"><span class='ocrx_word' id='word_1_394' title='bbox 485 4383 676 4435; x_wconf 80' lang='lat' dir='ltr'>Roma.</span> <span class='ocrx_word' id='word_1_395' title='bbox 727 4381 976 4436; x_wconf 84' lang='lat' dir='ltr'>Venezia</span> <span class='ocrx_word' id='word_1_396' title='bbox 1027 4381 1179 4454; x_wconf 85' lang='lat'>1874.</span> <span class='ocrx_word' id='word_1_397' title='bbox 1246 4384 1382 4438; x_wconf 89' lang='lat' dir='ltr'>Sca</span> <span class='ocrx_word' id='word_1_398' title='bbox 1403 4386 1438 4437; x_wconf 88' lang='lat' dir='ltr'>d</span> <span class='ocrx_word' id='word_1_399' title='bbox 1459 4402 1493 4437; x_wconf 91' lang='lat' dir='ltr'>u</span> <span class='ocrx_word' id='word_1_400' title='bbox 1517 4396 1592 4438; x_wconf 90' lang='lat' dir='ltr'>to</span> <span class='ocrx_word' id='word_1_401' title='bbox 1613 4424 1626 4445; x_wconf 88' lang='lat'>,</span> <span class='ocrx_word' id='word_1_402' title='bbox 1681 4386 1835 4438; x_wconf 84' lang='lat' dir='ltr'>Stato</span> <span class='ocrx_word' id='word_1_403' title='bbox 1872 4403 1901 4437; x_wconf 97' lang='lat' dir='ltr'>e</span> <span class='ocrx_word' id='word_1_404' title='bbox 1938 4383 2128 4437; x_wconf 80' lang='lat' dir='ltr'>Chiesa</span> <span class='ocrx_word' id='word_1_405' title='bbox 2170 4384 2398 4437; x_wconf 83' lang='lat' dir='ltr'>secondo</span> <span class='ocrx_word' id='word_1_406' title='bbox 2435 4385 2543 4437; x_wconf 86' lang='lat' dir='ltr'>Fra</span> <span class='ocrx_word' id='word_1_407' title='bbox 2582 4384 2746 4437; x_wconf 83' lang='lat' dir='ltr'>Paolo</span> <span class='ocrx_word' id='word_1_408' title='bbox 2782 4385 2949 4455; x_wconf 83' lang='lat' dir='ltr'>Sarpi</span> <span class='ocrx_word' id='word_1_409' title='bbox 2979 4402 3008 4435; x_wconf 83' lang='lat' dir='ltr'>e</span> <span class='ocrx_word' id='word_1_410' title='bbox 3044 4384 3098 4436; x_wconf 84' lang='lat' dir='ltr'>Ia</span> 
     </span>
     <span class='ocr_line' id='line_1_39' title="bbox 483 4461 3100 4535; baseline 0.001 -21"><span class='ocrx_word' id='word_1_411' title='bbox 483 4464 758 4533; x_wconf 62' lang='lat' dir='ltr'>coscienza</span> <span class='ocrx_word' id='word_1_412' title='bbox 774 4463 1024 4533; x_wconf 81' lang='lat' dir='ltr'>pubblica</span> <span class='ocrx_word' id='word_1_413' title='bbox 1051 4464 1289 4517; x_wconf 80' lang='lat' dir='ltr'>durante</span> <span class='ocrx_word' id='word_1_414' title='bbox 1313 4465 1658 4518; x_wconf 78' lang='lat' dir='ltr'>I&#39;e‘nterdetto</span> <span class='ocrx_word' id='word_1_415' title='bbox 1693 4465 1753 4517; x_wconf 77' lang='lat' dir='ltr'>di</span> <span class='ocrx_word' id='word_1_416' title='bbox 1783 4465 2000 4535; x_wconf 57' lang='lat' dir='ltr'>Veneqia</span> <span class='ocrx_word' id='word_1_417' title='bbox 2039 4461 2458 4533; x_wconf 81' lang='lat'>(1606—1607).</span> <span class='ocrx_word' id='word_1_418' title='bbox 2504 4461 2738 4517; x_wconf 86' lang='lat' dir='ltr'>Firenze</span> <span class='ocrx_word' id='word_1_419' title='bbox 2774 4461 2922 4533; x_wconf 77' lang='lat'>1885.</span> <span class='ocrx_word' id='word_1_420' title='bbox 2949 4479 3004 4533; x_wconf 87' lang='lat' dir='ltr'>p.</span> <span class='ocrx_word' id='word_1_421' title='bbox 3040 4480 3100 4517; x_wconf 75' lang='lat' dir='ltr'>io</span> 
     </span>
     <span class='ocr_line' id='line_1_40' title="bbox 484 4541 3097 4615; baseline -0.001 -20"><span class='ocrx_word' id='word_1_422' title='bbox 484 4558 601 4613; x_wconf 89' lang='lat' dir='ltr'>seq.</span> <span class='ocrx_word' id='word_1_423' title='bbox 654 4542 699 4596; x_wconf 89' lang='lat' dir='ltr'>R</span> <span class='ocrx_word' id='word_1_424' title='bbox 716 4560 750 4596; x_wconf 85' lang='lat' dir='ltr'>u</span> <span class='ocrx_word' id='word_1_425' title='bbox 771 4542 838 4596; x_wconf 80' lang='lat' dir='ltr'>ff</span> <span class='ocrx_word' id='word_1_426' title='bbox 846 4542 862 4596; x_wconf 85' lang='lat' dir='ltr'>i</span> <span class='ocrx_word' id='word_1_427' title='bbox 879 4560 916 4596; x_wconf 90' lang='lat' dir='ltr'>n</span> <span class='ocrx_word' id='word_1_428' title='bbox 932 4541 949 4597; x_wconf 91' lang='lat' dir='ltr'>i</span> <span class='ocrx_word' id='word_1_429' title='bbox 967 4582 980 4605; x_wconf 85' lang='lat'><strong>‚</strong></span> <span class='ocrx_word' id='word_1_430' title='bbox 1019 4545 1353 4597; x_wconf 77' lang='lat' dir='ltr'>Le&#39;neamenti</span> <span class='ocrx_word' id='word_1_431' title='bbox 1383 4547 1572 4599; x_wconf 79' lang='lat' dir='ltr'>storici</span> <span class='ocrx_word' id='word_1_432' title='bbox 1602 4546 1739 4598; x_wconf 86' lang='lat' dir='ltr'>delle</span> <span class='ocrx_word' id='word_1_433' title='bbox 1776 4546 2037 4615; x_wconf 60' lang='lat' dir='ltr'>relaziom&#39;</span> <span class='ocrx_word' id='word_1_434' title='bbox 2050 4543 2165 4610; x_wconf 86' lang='lat' dir='ltr'>fra</span> <span class='ocrx_word' id='word_1_435' title='bbox 2203 4545 2256 4596; x_wconf 90' lang='lat' dir='ltr'>lo</span> <span class='ocrx_word' id='word_1_436' title='bbox 2289 4545 2442 4597; x_wconf 86' lang='lat' dir='ltr'>Stato</span> <span class='ocrx_word' id='word_1_437' title='bbox 2478 4563 2507 4597; x_wconf 89' lang='lat' dir='ltr'>e</span> <span class='ocrx_word' id='word_1_438' title='bbox 2540 4546 2594 4597; x_wconf 81' lang='lat' dir='ltr'>la</span> <span class='ocrx_word' id='word_1_439' title='bbox 2623 4543 2815 4596; x_wconf 81' lang='lat' dir='ltr'>Chiesa</span> <span class='ocrx_word' id='word_1_440' title='bbox 2840 4545 2895 4596; x_wconf 82' lang='lat' dir='ltr'>in</span> <span class='ocrx_word' id='word_1_441' title='bbox 2922 4544 3097 4597; x_wconf 74' lang='grc' dir='ltr'>Ιίαῖέα.</span> 
     </span>
    </p>

    <p class='ocr_par' dir='ltr' id='par_1_5' title="bbox 369 4620 2600 4694">
     <span class='ocr_line' id='line_1_41' title="bbox 369 4620 2600 4694; baseline -0.001 -17"><span class='ocrx_word' id='word_1_442' title='bbox 369 4648 428 4685; x_wconf 65' lang='grc' dir='ltr'>,ιο</span> <span class='ocrx_word' id='word_1_443' title='bbox 485 4620 707 4675; x_wconf 86' lang='lat' dir='ltr'>Torino</span> <span class='ocrx_word' id='word_1_444' title='bbox 744 4629 892 4694; x_wconf 59' lang='lat'><strong>¹59¹·</strong></span> <span class='ocrx_word' id='word_1_445' title='bbox 919 4640 973 4694; x_wconf 89' lang='lat' dir='ltr'>p.</span> <span class='ocrx_word' id='word_1_446' title='bbox 1011 4639 1086 4693; x_wconf 86' lang='lat'>¹5·</span> <span class='ocrx_word' id='word_1_447' title='bbox 1143 4623 1591 4684; x_wconf 82' lang='lat' dir='ltr'>Pascolato‚</span> <span class='ocrx_word' id='word_1_448' title='bbox 1633 4624 1738 4678; x_wconf 81' lang='lat' dir='ltr'>Fra</span> <span class='ocrx_word' id='word_1_449' title='bbox 1780 4624 1945 4676; x_wconf 84' lang='lat' dir='ltr'>Paolo</span> <span class='ocrx_word' id='word_1_450' title='bbox 1981 4624 2157 4694; x_wconf 81' lang='lat' dir='ltr'>Sarpi.</span> <span class='ocrx_word' id='word_1_451' title='bbox 2201 4620 2413 4676; x_wconf 86' lang='lat' dir='ltr'>Milano</span> <span class='ocrx_word' id='word_1_452' title='bbox 2450 4621 2600 4693; x_wconf 87' lang='lat'>1893.</span> 
     </span>
    </p>
   </div>
   <div class='ocr_carea' id='block_1_5' title="bbox 935 4759 2654 4828">
    <p class='ocr_par' dir='ltr' id='par_1_6' title="bbox 935 4759 2654 4828">
     <span class='ocr_line' id='line_1_42' title="bbox 935 4759 2654 4828; baseline -0.001 -14"><span class='ocrx_word' id='word_1_453' title='bbox 935 4759 1098 4826; x_wconf 81' lang='lat' dir='ltr'>[Pius</span> <span class='ocrx_word' id='word_1_454' title='bbox 1147 4762 1201 4814; x_wconf 87' lang='lat' dir='ltr'>V.</span> <span class='ocrx_word' id='word_1_455' title='bbox 1243 4763 1452 4815; x_wconf 83' lang='lat' dir='ltr'>Ducem</span> <span class='ocrx_word' id='word_1_456' title='bbox 1491 4765 1547 4815; x_wconf 86' lang='lat' dir='ltr'>et</span> <span class='ocrx_word' id='word_1_457' title='bbox 1581 4763 1838 4815; x_wconf 78' lang='lat' dir='ltr'>Senatum</span> <span class='ocrx_word' id='word_1_458' title='bbox 1889 4761 2141 4813; x_wconf 77' lang='lat' dir='ltr'>Venetum</span> <span class='ocrx_word' id='word_1_459' title='bbox 2179 4763 2654 4828; x_wconf 62' lang='lat' dir='ltr'>excommunicat]</span> 
     </span>
    </p>
   </div>
   <div class='ocr_carea' id='block_1_6' title="bbox 485 4870 3099 5062">
    <p class='ocr_par' dir='ltr' id='par_1_7' title="bbox 485 4870 3099 5062">
     <span class='ocr_line' id='line_1_43' title="bbox 696 4870 3099 4954; baseline 0 -23"><span class='ocrx_word' id='word_1_460' title='bbox 696 4870 1134 4952; x_wconf 86' lang='lat' dir='ltr'>Superioribus</span> <span class='ocrx_word' id='word_1_461' title='bbox 1181 4877 1499 4936; x_wconf 89' lang='lat' dir='ltr'>mensibus</span> <span class='ocrx_word' id='word_1_462' title='bbox 1545 4876 1619 4935; x_wconf 93' lang='lat' dir='ltr'>ad</span> <span class='ocrx_word' id='word_1_463' title='bbox 1675 4893 1949 4935; x_wconf 86' lang='lat' dir='ltr'>nostram</span> <span class='ocrx_word' id='word_1_464' title='bbox 1996 4890 2054 4934; x_wconf 88' lang='lat' dir='ltr'>et</span> <span class='ocrx_word' id='word_1_465' title='bbox 2089 4879 2301 4954; x_wconf 87' lang='lat' dir='ltr'>Apost.</span> <span class='ocrx_word' id='word_1_466' title='bbox 2335 4874 2509 4935; x_wconf 91' lang='lat' dir='ltr'>Sedis</span> <span class='ocrx_word' id='word_1_467' title='bbox 2550 4873 2923 4934; x_wconf 90' lang='lat' dir='ltr'>audientiam</span> <span class='ocrx_word' id='word_1_468' title='bbox 2961 4890 3099 4952; x_wconf 90' lang='lat' dir='ltr'>per-</span> 
     </span>
     <span class='ocr_line' id='line_1_44' title="bbox 485 4979 3099 5062; baseline 0 -23"><span class='ocrx_word' id='word_1_469' title='bbox 485 4981 668 5058; x_wconf 86' lang='lat' dir='ltr'>venit,</span> <span class='ocrx_word' id='word_1_470' title='bbox 704 4982 943 5043; x_wconf 91' lang='lat' dir='ltr'>Ducem</span> <span class='ocrx_word' id='word_1_471' title='bbox 993 4998 1051 5042; x_wconf 91' lang='lat' dir='ltr'>et</span> <span class='ocrx_word' id='word_1_472' title='bbox 1084 4981 1383 5043; x_wconf 88' lang='lat' dir='ltr'>Senatum</span> <span class='ocrx_word' id='word_1_473' title='bbox 1419 4981 1815 5062; x_wconf 85' lang='lat' dir='ltr'>Reipublicae</span> <span class='ocrx_word' id='word_1_474' title='bbox 1852 4983 2232 5043; x_wconf 89' lang='lat' dir='ltr'>Venetorum</span> <span class='ocrx_word' id='word_1_475' title='bbox 2277 4981 2457 5042; x_wconf 88' lang='lat' dir='ltr'>annis</span> <span class='ocrx_word' id='word_1_476' title='bbox 2503 4979 2724 5060; x_wconf 90' lang='lat' dir='ltr'>elapsis</span> <span class='ocrx_word' id='word_1_477' title='bbox 2770 4979 2830 5039; x_wconf 88' lang='lat' dir='ltr'>in</span> <span class='ocrx_word' id='word_1_478' title='bbox 2879 4998 3099 5040; x_wconf 90' lang='lat' dir='ltr'>eorum</span> 
     </span>
    </p>
   </div>
  </div>
 </body>
</html>
