3684 5416
1419 381 1666 439 Ecclesia
1695 380 2103 454 antiquissima.
3000 400 3072 453 27

454 584 603 642 ριον
655 564 770 626 καὶ
820 563 1208 644 ηὑλὸγησεν
1259 565 1436 628 αὐτὰ
1482 564 1730 643 λέγων·
1789 563 2037 625 dicens:
2073 565 2213 626 Hoc
2246 581 2338 626 est
2356 584 2582 646 corpus
2602 583 2815 627 meum
2835 586 2905 626 ac
2925 585 3067 626 san-

452 670 680 734 Τοῦτό
700 673 843 733 ἐστι
862 670 941 734 τὸ
957 672 1155 753 σῶμά
1169 692 1299 754 μου
1314 671 1524 734 καὶτὸ
1545 668 1732 752 αἱμα,
1786 671 1947 752 guis,
1981 671 2076 733 his
2106 690 2238 733 non
2258 670 2529 752 permisit
2550 672 2878 734 nobiscum
2897 686 3073 733 stare.

453 778 555 840 ὃτι
587 779 717 840 οὐκ
748 778 1084 859 ἐπέτρεψε
1108 777 1387 856 ταύταις
1406 781 1735 857 συστῆναι
1793 799 1849 840 2.
1919 779 2160 841 Martha
2222 777 2399 839 dixit:
2468 777 2720 858 Propter
2781 777 3072 855 Mariam,

452 885 618 967 ἡμῖν.
656 907 712 949 2.
738 885 1002 963 Μάρθα
1031 884 1239 948 εἶπεν·
1277 886 1410 948 Διὰ
1430 885 1733 966 Μαριάμ,
1789 884 2090 966 quoniam
2122 883 2269 945 vidit
2299 902 2436 945 eam
2464 883 2900 946 subridentem.
2934 886 3071 947 Ma-

372 1014 393 1057 5
452 992 553 1054 ὅτι
586 990 767 1054 εἶδεν
804 990 1017 1070 αὐτὴν
1049 991 1432 1073 μειδιῶσαν.
1498 989 1737 1068 Μαρία
1789 991 1874 1052 ria
1919 991 2030 1052 ait:
2096 991 2244 1053 Non
2288 990 2552 1071 amplius
2588 990 2722 1065 risi3
2775 991 3068 1073 praedixit

454 1097 664 1162 εἶπεν·
720 1097 968 1161 Οὐκέτι
1021 1098 1353 1177 ἐγέλασα·
1402 1097 1737 1175 προέλεγε
1786 1098 1956 1159 enim
1990 1097 2187 1171 nobis,
2234 1098 2490 1178 quando
2523 1098 2803 1174 docebat,
2838 1099 2970 1160 fore
3002 1115 3069 1159 ut

450 1206 590 1283 γὰρ
625 1205 795 1286 ἡμῖν,
842 1206 962 1268 ὅτε
1001 1204 1386 1278 ἐδίδασκεν,
1421 1204 1523 1266 ὅτι
1554 1202 1633 1267 τὸ
1667 1206 1737 1265 ἀ·
1787 1204 2103 1266 infirmum
2139 1224 2246 1286 per
2276 1203 2550 1265 validum
2580 1204 2930 1267 salvaretur.

452 1310 700 1388 σθενὲς
733 1311 848 1373 διὰ
876 1314 998 1374 τοῦ
1025 1313 1308 1390 ἰσχυροῦ
1323 1308 1731 1389 σωθήσεται.

541 1421 784 1482 XXVII.
832 1419 1086 1498 Κηφᾶς
1120 1417 1325 1482 εἶπεν·
1359 1416 1595 1481 Ἐνίων
1632 1417 1734 1498 με·
1876 1419 2118 1481 XXVII.
2150 1419 2397 1501 Cephas
2416 1420 2591 1482 dixit:
2615 1419 2839 1500 Aliqua
2860 1436 3068 1482 autem

344 1547 397 1578 ιο
451 1526 709 1607 μνησὸε
741 1524 841 1598 δέ,
882 1524 982 1587 ὅτι
1020 1529 1168 1603 ταῖς
1204 1524 1466 1603 γυναιξὶ
1501 1522 1585 1606 μὴ
1621 1524 1732 1601 ὀρ·
1786 1526 2210 1603 memineritis,
2231 1527 2404 1607 quod
2425 1527 2715 1589 mulieres
2737 1547 2869 1590 non
2890 1527 3063 1589 decet

450 1631 607 1706 θαίς
624 1630 859 1708 πρέπει
877 1629 1405 1710 προσεύχεσθαι,
1428 1631 1607 1695 ἀλλὰ
1627 1630 1730 1693 ἐπὶ
1785 1634 2009 1695 stando
2059 1653 2253 1713 orare,
2304 1634 2413 1695 sed
2461 1654 2649 1716 super
2695 1650 2920 1696 terram
2969 1653 3068 1696 se·

449 1740 569 1815 τῆς
598 1740 727 1816 γῆς
757 1738 1268 1819 καθεζομέναις.
1784 1740 2016 1802 dentes.

538 1846 802 1909 XXVIII.
836 1844 1166 1928 Ἰάκωβος
1185 1844 1390 1908 εἶπεν·
1423 1845 1589 1922 Πῶς
1608 1843 1734 1907 οὖν
1873 1845 2144 1908 XXVIII.
2195 1845 2451 1908 Iacobus
2482 1847 2663 1909 dixit:
2719 1848 3072 1923 Quomodo

452 1949 808 2032 δυνάμεθα
838 1950 989 2029 περὶ
1019 1952 1359 2028 γυναικῶν
1378 1950 1733 2028 διακονίας
1785 1952 1970 2033 igitur
2016 1972 2350 2033 possumus
2394 1954 2471 2015 de
2517 1954 2850 2016 mulierum
2880 1954 3067 2017 mini-

344 2080 392 2123 15
452 2056 703 2135 ὁρίσαι,
738 2060 797 2121 εἰ
830 2058 914 2140 μή
947 2079 1003 2121 τι
1038 2057 1393 2122 διακονίαν
1420 2058 1537 2121 ἵνα
1556 2060 1731 2121 amo-
1783 2059 1968 2119 sterio
1989 2058 2337 2136 decernere,
2359 2059 2472 2120 nisi
2494 2060 2917 2135 ministerium,
2937 2081 3066 2142 quo

450 2163 703 2243 χύσωσι
736 2170 885 2242 ταῖς
916 2165 1384 2248 ἐνδεομέναιςς
1785 2167 2025 2227 valeant
2071 2165 2435 2226 mulieribus
2483 2166 2689 2246 egenis
2738 2168 3068 2230 inservire?

540 2275 757 2336 XXIX.
820 2272 1151 2350 Φίλιππος
1196 2273 1408 2337 εἶπεν·
1482 2275 1729 2346 Τοῦτο,
1875 2271 2091 2333 ΧΧΙΧ.
2145 2271 2461 2354 Philippus
2507 2272 2686 2335 dixit:
2740 2274 2898 2347 Hoc,
2943 2273 3065 2336 fra-

450 2376 762 2458 ἀδελφοί,
795 2378 945 2457 περὶ
979 2382 1098 2457 τῆς
1132 2379 1588 2462 μεταδόσεως.
1644 2378 1728 2443 ‘O
1783 2395 1923 2455 tres,
1972 2379 2047 2439 de
2093 2378 2319 2440 dando.
2383 2379 2512 2454 Qui
2557 2398 2718 2460 opus
2752 2379 2912 2457 facit,
2945 2381 3060 2441 sibi

447 2485 657 2546 ποιῶν
706 2483 916 2566 ἔργον
959 2486 1180 2567 ἑαυτῷ
1228 2486 1587 2565 θησαυρὸν
1617 2507 1730 2549 κα-
1782 2485 2144 2547 thesaurum
2168 2488 2409 2547 bonum
2430 2486 2711 2567 adquirit.
2745 2485 2875 2562 Qui
2895 2487 3064 2548 enIm

335 2614 394 2646 20
448 2590 573 2653 λὸν
590 2597 1054 2669 περιποιεῖται·
1077 2594 1277 2673 ὁγὰρ
1295 2594 1730 2673 θησαυρίζων
1781 2593 2148 2654 thesaurizat
2191 2592 2253 2653 in
2288 2612 2503 2673 regno,
2552 2593 2879 2674 inscriptus
2911 2612 3066 2674 ope-

448 2700 524 2759 ἐν
567 2700 643 2778 τῇ
698 2699 1013 2784 βασιλείᾳ
1043 2699 1401 2783 ἔγγραφος
1435 2702 1731 2781 ἐργάτης
1782 2700 1976 2762 rarius
2008 2699 2318 2783 putabitur
2349 2702 2511 2784 apud
2547 2702 2769 2765 Deum.

445 2806 928 2885 λογισθήσεται
961 2809 1152 2885 παρὰ
1181 2807 1273 2889 τῷ
1305 2808 1463 2890 θεῷ.

539 2916 732 2977 XXX.
809 2914 1083 2992 Πέτρος
1160 2914 1371 2977 εἶπεν·
1465 2914 1726 2986 Ταῦτα,
1873 2915 2064 2976 XXX.
2119 2915 2334 2976 Petrus
2366 2914 2542 2975 dixit:
2592 2914 2780 2990 Haec,
2828 2912 3064 2991 fratres,

448 3017 756 3100 ἀδελφοί,
820 3022 944 3100 οὐχ
1007 3021 1103 3097 ὡς
1164 3020 1486 3094 ἐξουσίαν
1546 3020 1727 3096 τινὸς
1782 3041 1914 3083 non
1947 3038 2245 3102 tanquam
2279 3036 2642 3103 potestatem
2674 3019 2930 3080 alicuius
2953 3018 3061 3079 ha-

332 3150 388 3193 25
447 3125 718 3205 ἔχοντες
748 3126 923 3205 πρὸς
954 3129 1280 3207 ἀνάγκην,
1329 3128 1474 3190 ἀλλ’
1514 3129 1723 3190 ἐπιτα-
1782 3130 2002 3191 hentes
2035 3130 2112 3191 ad
2145 3128 2519 3207 cogendum,
2554 3127 2659 3187 sed
2696 3126 3062 3187 mandatum

443 3232 572 3312 γὴν
604 3232 875 3312 ἔχοντες
899 3236 1089 3312 παρὰ
1108 3233 1349 3312 κυρίου
1370 3235 1725 3315 ἐρωτῶμεν
1780 3236 2076 3297 habentes
2109 3257 2142 3295 a
2180 3234 2455 3296 Domino
2489 3252 2779 3312 rogamus
2814 3251 2945 3308 vos,
2994 3247 3063 3291 ut

442 3340 618 3421 ὑμᾶς
663 3342 957 3421 φυλάξαι
1004 3341 1126 3417 τὰς
1159 3341 1464 3417 ἐντολάς,
1512 3339 1723 3422 μηδὲν
1780 3342 2134 3404 custodiatis
2173 3357 2509 3423 praecepta,
2545 3340 2695 3401 nihil
2715 3339 3063 3400 auferentes

444 3448 970 3526 ἀφαιροῦνταςῆ
992 3447 1500 3525 προστιθέντας,
1533 3449 1606 3509 ἐν
1633 3448 1722 3528 τῷ
1779 3450 1877 3510 vel
1909 3450 2220 3526 addenteS,
2270 3448 2333 3508 in
2367 3447 2622 3509 nomiae
2656 3445 2911 3508 Domini
2945 3464 3057 3505 no-

442 3551 720 3633 ὸνόματι
752 3555 993 3630 κυρίου
1025 3554 1230 3635 ἡμῶν,
1263 3552 1317 3636 ᾧ
1349 3555 1389 3634 ἡ
1425 3553 1602 3628 δόξα
1625 3556 1724 3632 εἰς
1778 3557 1904 3632 stri,
1957 3555 2057 3616 cui
2119 3554 2312 3634 gloria
2376 3554 2439 3614 In
2501 3552 2760 3614 saecula.
2837 3556 3062 3612 Amen.

330 3683 389 3727 30
442 3657 604 3734 τοὺς
637 3660 910 3737 αἰῶνας.
980 3659 1213 3742 Ἀμήν.
1782 3661 1838 3741 [l.
1872 3682 1922 3725 c.
1958 3682 2091 3743 pag.
2133 3658 2432 3741 58--73-]

810 3882 867 3937 8.
907 3881 1231 3950 QUINTUS
1272 3882 1682 3937 SEP‘HMIUS
1724 3879 2060 3937 FLORENS
2098 3877 2703 3933 TERTULLIANUS.

654 4003 682 4031 ‘
709 4005 895 4076 Opera
917 4010 1117 4074 omnia,
1138 4023 1247 4060 rec.
1275 4007 1327 4061 O
1342 4006 1547 4061 ehIer.
1576 4005 1800 4077 Lipsiae
1832 4004 1979 4076 1854.
2008 4003 2049 4058 F
2066 4020 2092 4057 r
2108 4020 2138 4057 e
2156 4020 2191 4072 p
2209 4021 2244 4073 p
2264 4003 2353 4065 el,
2392 4003 2691 4056 Tertullien.
2714 3997 2872 4053 Paris
2905 3997 3034 4051 1886

440 4083 493 4136 H
510 4099 542 4136 a
560 4100 593 4135 u
612 4099 643 4136 c
662 4083 694 4137 I<
710 4123 724 4145 ‚
763 4085 1084 4140 Tertullians
1111 4088 1278 4139 Leben
1304 4088 1419 4140 und
1440 4086 1735 4154 Schriften.
1764 4085 2052 4153 Erlangen
2085 4083 2235 4155 1878.
2282 4083 2329 4136 N
2349 4082 2419 4136 <51
2440 4083 2472 4136 d
2495 4099 2525 4136 e
2543 4082 2578 4136 k
2597 4098 2626 4135 e
2645 4096 2711 4148 n,
2752 4081 3056 4133 Tertullian.

443 4163 634 4218 Gotha
666 4164 811 4235 1890.
852 4183 903 4220 v.
931 4168 983 4220 H
999 4185 1031 4220 a
1050 4186 1075 4220 r
1092 4180 1112 4221 t
1129 4184 1159 4221 e
1177 4166 1193 4219 l
1210 4209 1224 4232 ,
1251 4168 1605 4221 Patrtlstt'sche
1626 4170 1847 4221 Studien
1874 4165 1952 4235 (in
1972 4168 2337 4236 Sitzungsber.
2360 4166 2409 4218 d.
2449 4165 2665 4217 W‘e'ener
2686 4162 2857 4215 Akad.
2890 4158 3057 4230 1890).

328 4253 381 4296 35
441 4244 487 4296 Β
505 4242 574 4313 ig
591 4261 620 4297 e
640 4244 728 4298 Im
747 4245 880 4314 air,
921 4249 1024 4300 Dic
1049 4248 1396 4316 Betct'ltgrung
1436 4248 1536 4301 der
1564 4247 1815 4301 Cltrz'sten
1860 4264 1950 4300 am
2004 4246 2347 4318 offentlicltcn
2375 4247 2542 4297 Leben
2584 4247 2636 4296 [n
2663 4244 3062 4296 vorconstanti-

440 4325 658 4380 nis-cher
683 4327 811 4379 Zeit.
865 4326 1154 4381 Mnnchen
1207 4344 1353 4398 ¹90²·
1416 4328 1465 4380 H
1486 4344 1517 4380 a
1536 4345 1563 4380 r·
1579 4344 1614 4380 n
1632 4345 1663 4380 a
1682 4345 1711 4380 c
1732 4328 1793 4390 k,
1839 4326 2145 4380 Altclert'stl.
2173 4329 2268 4379 Lt‘t.
2313 4326 2350 4380 1.
2379 4324 2679 4396 667-687.
2733 4324 2778 4376 Β
2797 4340 2828 4375 a
2846 4340 2874 4375 r
2889 4321 2924 4372 d
2943 4338 2972 4374 e
2991 4338 3056 4373 n-

438 4405 477 4458 h
493 4422 524 4459 e
541 4423 594 4458 w
612 4423 643 4460 e
658 4423 709 4475 r,
750 4407 785 4474 ξ
814 4426 895 4478 5ο.
951 4408 1000 4462 G
1020 4426 1054 4460 u
1070 4406 1086 4462 i
1103 4424 1141 4476 g
1158 4425 1193 4461 n
1212 4425 1243 4461 e
1263 4425 1313 4460 w
1333 4424 1363 4461 e
1380 4420 1470 4474 rt,
1523 4408 1829 4474 Tertullien,
1858 4395 2028 4461 Etude
2066 4425 2167 4462 sur
2206 4427 2291 4461 ses
2318 4410 2634 4461 sentiments
2659 4423 2693 4458 α
2734 4407 2771 4458 l'
2789 4404 2972 4473 ἐξανά
2993 4405 3062 4455 de

437 4489 476 4538 l'
499 4489 713 4558 Empt're
737 4493 795 4541 et
813 4489 879 4541 de
904 4491 959 4542 la
985 4491 1182 4542 socidh‘
1205 4491 1337 4541 civil.
1380 4486 1537 4542 Paris
1575 4506 1719 4558 ¹90¹·

1349 4621 1421 4692 a)
1473 4620 2127 4700 Apologeticum.

328 4768 384 4808 40
655 4743 804 4823 Cap.
839 4743 904 4802 11.
968 4742 1031 4803 Si
1079 4757 1315 4803 certum
1363 4757 1451 4802 est
1498 4742 1769 4822 denique
1816 4762 1934 4804 nos
1985 4743 2460 4804 nocentissimos
2494 4763 2641 4818 esse,
2676 4762 2786 4803 cur
2818 4765 2850 4804 a
2883 4742 3061 4803 vobis

441 4851 587 4931 ipsis
633 4851 803 4911 aliter
846 4866 1179 4912 tractamur
1225 4869 1415 4930 quarn
1451 4869 1624 4931 pares
1657 4850 1872 4926 nostri,
1922 4850 1981 4910 id
2015 4866 2104 4911 est
2138 4850 2317 4911 ceteri
2353 4865 2666 4922 nocentes,
2715 4869 2860 4910 cum
2894 4849 3054 4910 eius-

441 4958 581 5017 dem
618 4976 814 5017 noxae
849 4959 1063 5018 eadem
1099 4957 1371 5018 tractatio
1405 4957 1653 5017 deberet
1686 4957 2089 5018 intervenire?
2124 4957 2572 5037 Quodcunque
2595 4957 2875 5032 dicimur,
2912 4976 3056 5016 cum
