3684 5416
501 1524 547 1553 10

494 2835 547 2865 20

498 3368 544 3410 25

498 3904 548 3944 ‘30

605 348 708 421 360
1754 348 2076 404 Ordinatio,
2098 430 2113 431 ἶ

600 531 844 609 gandus
875 531 1104 608 offitiis,
1140 548 1307 593 tanto
1338 532 1657 593 sollicitius
1690 533 1753 593 in
1786 533 2065 612 singulis,
2102 553 2260 615 quae
2292 536 2575 616 superius
2609 540 3032 618 conprehensa
3055 558 3219 618 sunt,

601 638 963 699 huiusmodi
1013 640 1186 700 decet
1231 639 1578 700 examinare
1630 660 1980 721 personam,
2016 656 2326 722 quantum
2359 642 2515 703 inter
2549 646 2937 707 mundanam
2970 648 3220 729 religio-

600 763 860 824 samque
910 745 1102 806 uitam
1150 766 1282 808 esse
1333 763 1571 807 constat
1618 747 2005 825 discriminis,
2041 750 2184 830 quia
2219 749 2433 829 utique
2466 752 2895 812 conuenientia
2930 754 3219 815 ecclesiae

602 850 931 913 ministeria
985 854 1336 933 deputanda
1371 870 1536 931 sunt,
1590 874 1720 916 non
1758 855 2342 917 inconuenientibus
2375 857 2603 917 meritis
2636 859 2989 939 ingerenda,
3023 876 3218 922 tanto·

600 978 722 1037 que
769 960 966 1040 magis
1013 962 1185 1040 quod
1235 961 1417 1021 sacris
1463 978 1678 1043 aptum
1724 963 1918 1043 possit
1968 982 2098 1025 esse
2144 963 2407 1024 seruitiis
2445 964 2507 1025 in
2539 984 2759 1025 eorum
2791 969 3215 1047 quaerendum

600 1082 689 1125 est
737 1066 1043 1144 institutiS,
1092 1085 1400 1149 quantum
1448 1069 1523 1130 de
1569 1086 1871 1149 tempore,
1913 1090 2040 1151 quo
2076 1070 2304 1131 fuerint
2337 1073 2741 1152 assequenda,
2773 1073 3119 1154 decerpitur
3152 1091 3221 1136 ut

601 1190 851 1233 morum
887 1174 1006 1234 hoc
1042 1176 1264 1236 habere
1298 1178 1594 1237 doceatur
1626 1177 1917 1256 probitas,
1948 1179 2124 1258 quod
2159 1177 2456 1260 prolixior
2486 1181 2876 1241 consuetudo
2915 1199 3045 1241 non
3067 1200 3218 1241 con-

601 1280 753 1353 tulit,
797 1300 872 1341 ne
909 1301 1017 1361 per
1058 1282 1449 1344 occasionem
1483 1284 1865 1365 supplendae
1901 1284 2192 1366 penuriae
2225 1285 2539 1347 clericatus
2572 1287 2716 1349 uitia
2754 1287 2958 1368 potius
2990 1288 3221 1348 diuinis

601 1387 867 1447 cultibus
915 1388 1209 1466 intulisse,
1257 1410 1386 1451 non
1432 1391 1763 1471 legittimae
1800 1391 2059 1453 familiae
2096 1393 2347 1454 Domini
2381 1410 2821 1474 computemur
2854 1414 3217 1475 procurasse

602 1494 964 1575 conpendia.
999 1493 1296 1569 Quorum
1330 1498 1945 1579 promotionionibus
1977 1519 2164 1580 super
2195 1498 2344 1560 anni
2379 1516 2570 1560 metas
2601 1521 2706 1561 sex
2725 1521 2969 1564 menses
2991 1501 3219 1563 nihilo-

601 1600 809 1662 minus
854 1605 1288 1682 subrogamuS,
1335 1604 1652 1684 quoniam,
1698 1605 1855 1667 sicut
1895 1606 2125 1666 dictum
2174 1622 2282 1681 est,
2329 1605 2548 1667 distare
2594 1607 2775 1668 debet
2823 1609 2975 1668 inter
3009 1628 3216 1689 perso·

604 1726 748 1768 nam
785 1708 1004 1770 diuino
1038 1711 1227 1771 cultui
1263 1712 1552 1790 deditam,
1588 1728 1646 1773 et
1679 1713 1755 1773 de
1790 1713 2092 1774 laicorum
2125 1714 2596 1775 conuersatione
2632 1715 3001 1776 uenientem.
3041 1715 3220 1791 Quae

604 1830 809 1876 tamen
858 1832 1112 1879 eatenus
1161 1819 1540 1900 indulgenda
1593 1820 1904 1881 credimus
1953 1836 2019 1880 ut
2071 1820 2337 1882 ecclesiis
2369 1824 2444 1881 ab
2480 1821 2593 1881 hac
2624 1821 2947 1883 occasione
2981 1841 3220 1883 cessan-

603 1922 762 1983 tibus
795 1943 1108 1986 canonum
1145 1942 1543 2007 paternorum
1581 1942 1760 1987 uetus
1794 1927 1992 1988 forma
2025 1942 2321 1989 seruetur.
2373 1926 2443 2007 [a.
2476 1926 2648 2008 494]

1139 2222 1265 2278 188.
1321 2224 1736 2280 CONCILIUM
1776 2225 2241 2280 'romuleum
2280 2226 2368 2280 11.
2408 2226 2493 2293 (a.
2531 2225 2687 2295 581).

816 2401 844 2429 ¹·
901 2402 946 2454 B
967 2420 990 2454 r
1009 2420 1041 2454 u
1062 2419 1097 2455 n
1115 2420 1139 2455 s
1157 2443 1171 2467 ,
1211 2402 1457 2455 Canones
1482 2404 1865 2473 Apostolorum
1891 2407 1946 2456 et
1970 2402 2348 2457 Conciliorum.
2389 2402 2561 2457 Tom.
2591 2402 2628 2455 Ι.
2665 2419 2719 2472 p.
2750 2420 2867 2474 207.
2923 2402 2972 2456 H
2991 2419 3021 2456 e
3040 2401 3068 2456 f
3077 2401 3141 2456 el
3163 2420 3221 2465 e,

605 2482 1201 2552 Conciliengeschichte.
1242 2483 1408 2537 Tom.
1436 2482 1497 2536 11.
1528 2500 1581 2554 p.
1610 2500 1730 2555 7¹9·
1773 2484 1822 2537 G
1841 2501 1872 2536 a
1892 2501 1949 2538 m
1966 2501 1991 2537 s
2011 2525 2023 2546 ‚
2063 2483 2613 2554 Kirchengcsclu'chte
2638 2486 2914 2554 Spaniens.
2957 2485 3132 2545 Tom.
3160 2484 3221 2539 11.

611 2580 651 2615 ι.
693 2580 743 2632 p.
771 2563 893 2631 446.

1789 2643 1957 2697 Can.
1999 2644 2036 2698 1.

820 2795 909 2854 De
964 2793 1058 2854 his
1109 2814 1271 2873 quos
1318 2792 1602 2854 voluntas
1652 2810 1979 2874 parentum
2035 2815 2066 2853 a
2117 2793 2326 2874 primis
2372 2792 2659 2855 infantiae
2691 2793 2873 2855 annis
2906 2793 3223 2855 clericatus

605 2901 811 2963 officio
860 2901 1241 2981 manciparit,
1292 2902 1410 2960 hoc
1455 2900 1782 2961 statuimus
1834 2901 2313 2975 observandum,
2360 2914 2429 2961 ut
2461 2919 2607 2961 mox
2641 2900 2881 2963 detonsi
2913 2900 3008 2960 vel
3041 2899 3222 2961 mini-

605 3009 789 3070 sterio
823 3008 1162 3068 electorum
1198 3026 1342 3067 cum
1375 3006 1573 3068 traditi
1611 3006 1860 3084 fuerint,
1898 3007 1958 3066 in
1994 3007 2185 3069 domo
2218 3006 2505 3068 ecclesiae
2538 3010 2654 3067 sub
2688 3007 3016 3088 episcopali
3049 3027 3222 3088 prae-

604 3115 790 3176 sentia
840 3136 871 3176 a
920 3114 1271 3195 praeposito
1316 3113 1429 3173 sibi
1476 3113 1739 3174 debeant
1786 3113 2049 3190 erudiri3
2102 3130 2157 3174 at
2206 3114 2312 3174 ubi
2346 3128 2630 3175 octavum
2667 3113 2981 3175 decimum
3014 3114 3223 3175 aetatis

607 3241 753 3281 suae
800 3220 1244 3300 compleverint
1275 3238 1530 3296 annum,
1577 3239 1786 3280 coram
1820 3219 2007 3281 totius
2039 3219 2182 3281 cleri
2217 3220 2535 3300 plebisque
2569 3236 2903 3300 conspectu
2939 3220 3223 3282 voluntas

608 3347 825 3388 eorum
872 3327 947 3387 de
994 3327 1340 3407 expetendo
1392 3325 1690 3405 conjugio
1737 3329 1812 3387 ab
1862 3327 2156 3407 episcopo
2198 3342 2640 3406 perscrutetur:
2692 3326 2922 3407 quibus
2952 3328 3001 3387 si
3034 3327 3224 3406 gratia

607 3435 888 3497 castitatis
935 3436 1053 3495 deo
1100 3433 1434 3516 inspirante
1482 3433 1774 3514 placuerit
1806 3449 1865 3493 et
1898 3433 2347 3513 professionem
2385 3433 2777 3494 castimoniae
2811 3454 2958 3494 suae
2990 3438 3224 3514 absque

604 3541 913 3621 conjugali
968 3540 1320 3602 necessitate
1371 3561 1434 3600 se
1485 3540 1936 3621 spoponderint
1986 3557 2348 3616 servaturos,
2401 3539 2461 3600 hi
2515 3556 2806 3621 tanquam
2857 3541 3223 3622 appetitores

604 3649 971 3711 arctissimae
1005 3648 1159 3709 vitae
1192 3647 1509 3709 lenissimo
1542 3646 1783 3708 domini
1818 3646 1967 3726 jugo
2000 3649 2363 3722 subdantur,
2406 3666 2475 3707 ac
2509 3648 2778 3727 primum
2813 3648 3223 3710 subdiacona-

604 3772 701 3816 tus
733 3756 1144 3817 ministerium
1178 3756 1380 3816 habita
1417 3755 1781 3835 probatione
1824 3754 2223 3835 professionis
2255 3774 2403 3815 suae
2436 3776 2469 3815 a
2503 3754 2793 3815 vicesimo
2827 3773 2995 3815 anno
3027 3755 3222 3816 susci-

605 3865 805 3946 piant;
856 3864 1028 3944 quod
1085 3863 1134 3922 si
1184 3861 1631 3943 inculpabiliter
1680 3882 1752 3923 ac
1799 3862 2102 3923 inoffense
2150 3860 2508 3922 vicesimum
2558 3878 2615 3922 et
2660 3861 2953 3943 quintum
2988 3881 3220 3923 annum

605 3971 813 4032 aetatis
847 3990 992 4032 suae
1027 3969 1388 4050 peregerint,
1421 3970 1494 4028 ad
1533 3968 1894 4029 diaconatus
1928 3967 2227 4041 officium,
2273 3967 2322 4028 si
2353 3968 2615 4029 scienter
2647 3968 2901 4049 implere
2936 3988 3115 4049 posse
3149 3971 3224 4028 ab

605 4079 900 4159 episcopo
948 4078 1455 4157 comprobantur,
1506 4074 1878 4156 promoveri.
1948 4074 2320 4137 Cavendum
2352 4090 2555 4136 tamen
2590 4091 2677 4137 est
2709 4075 2823 4151 his,
2859 4095 2936 4136 ne
2969 4075 3226 4155 quando

605 4205 749 4247 suae
797 4183 1151 4265 sponsionis
1200 4182 1595 4241 immemores
1629 4181 1705 4241 ad
1740 4196 2011 4241 terrenas
2047 4181 2288 4261 nuptias
2320 4195 2425 4241 aut
2457 4181 2531 4241 ad
2569 4180 2823 4242 furtivos
2856 4180 3225 4242 concubitus

608 4295 758 4354 ultra
812 4306 1158 4363 recurrant;
1225 4290 1395 4369 quod
1449 4289 1499 4349 si
1552 4289 1706 4349 forte
1754 4287 2021 4366 fecerint,
2074 4302 2141 4348 ut
2193 4287 2490 4368 sacrilegii
2537 4288 2623 4348 rei
2657 4289 3030 4349 damnentur
3062 4304 3119 4347 et
3150 4290 3224 4348 ab

531 4436 544 4445 ·
606 4400 858 4462 ecclesia
912 4401 1254 4460 habeantur
1285 4397 1585 4466 extranei;
1651 4398 1746 4457 his
1778 4412 1984 4458 autem
2019 4396 2249 4476 quibus
2282 4395 2569 4458 voluntas
2603 4397 2850 4478 propria
2885 4396 3223 4474 interroga·

607 4509 792 4569 tionis
824 4521 1102 4587 tempore
1137 4506 1509 4568 desiderium
1545 4505 1821 4565 nubendi
1858 4503 2241 4585 persuaserit,
2262 4522 2622 4564 concessam
2656 4507 2732 4565 ab
2765 4502 3059 4584 apostolis
3083 4520 3225 4562 sen-

607 4616 856 4676 tentiam
908 4613 1146 4674 auferre
1195 4632 1324 4673 non
1375 4631 1727 4693 possumuS,
1775 4611 1858 4671 ita
1910 4626 1977 4672 ut
2028 4630 2169 4671 cum
2221 4626 2544 4691 provectae
2596 4610 2805 4671 aetatis
2837 4609 2899 4670 in
2933 4606 3226 4687 conjugio

607 4723 786 4805 positi
837 4722 1310 4783 renunciaturos
1357 4739 1420 4781 se
1454 4719 1582 4800 pari
1617 4736 1927 4779 consensu
1960 4718 2254 4798 operibus
2286 4718 2485 4779 carnis
2516 4716 2989 4800 spoponderint,
3022 4716 3097 4777 ad
3130 4735 3223 4776 sa-

607 4846 802 4891 cratos
834 4830 1062 4908 gradus
1096 4829 1380 4909 aspirent.
