3684 5416
465 1052 486 1095 5

443 1587 491 1619 10

442 2124 483 2167 ¹5

436 3195 485 3238 ²5

437 3729 490 3772 30

415 4224 487 4305 '35

433 4797 489 4837 ⁴3

601 473 628 477 „
721 474 728 477 ,
789 473 1062 477 „nm-fi
1091 398 1446 479 w-E'Otf-'Stas
1486 398 1866 455 ecclesiastica
1908 412 1965 455 et
2004 399 2304 471 imperium
2346 400 2519 455 civile,
3053 418 3152 474 315

541 581 738 645 Nobis
783 600 914 643 non
960 601 1091 643 esse
1138 583 1514 657 censuimus,
1561 584 1716 664 quin
1762 584 1953 647 officii
2015 600 2072 646 et
2119 585 2525 647 conscientiae
2573 585 2811 663 legibus
2858 602 3155 666 parentes,

546 688 1088 754 Praedecessorum
1142 690 1519 753 Nostrorum
1569 692 1846 772 exempla
1895 711 2319 771 sequeremur,
2372 713 2441 754 ac
2493 691 2847 772 praesertim
2902 691 2999 754 fel.
3034 711 3151 753 rec.

544 793 629 855 Pii
662 794 786 872 Vn,
817 793 996 871 cujus
1040 796 1249 858 invicti
1294 797 1484 860 animi
1532 818 1705 860 sensa
1760 801 1835 861 ab
1872 819 1948 861 eo
1981 800 2214 880 prolata
2250 799 2313 861 in
2346 799 2529 861 simili
2564 818 2816 880 prorsus
2847 818 3050 875 causa,
3087 818 3154 858 ac

542 902 764 965 Nostra
808 917 918 981 est,
965 902 1064 967 hic
1100 903 1185 965 uti
1218 904 1415 967 Nobis
1448 906 1806 971 communia
1839 905 2179 987 exprimere
2211 926 2280 967 ac
2317 925 2613 987 usurpare
2648 905 2829 981 juvat.
2890 904 3151 967 ‹Memi-

542 1030 828 1075 neramus
874 1030 1020 1075 cum
1052 1010 1111 1073 S.
1145 1013 1478 1077 Ambrosio
1524 1014 1638 1088 (De
1671 1013 1853 1076 Basil.
1881 1014 2033 1077 trad.
2070 1032 2129 1076 n.
2177 1014 2287 1089 17.)
2334 1013 2582 1075 Nabutb
2615 1016 2902 1075 Sanctum
2953 1015 3151 1073 virum

531 1126 942 1198 possessorem
976 1122 1186 1183 vineae
1217 1138 1364 1183 suae
1396 1121 1876 1203 interpellatum,
1914 1124 2218 1203 petitione
2251 1124 2426 1201 regia
2461 1129 2531 1183 ut
2558 1125 2795 1183 vineam
2827 1140 3000 1182 suam
3036 1120 3152 1179 da-

541 1229 656 1296 ret,
699 1224 811 1288 ubi
849 1246 959 1289 rex
1000 1229 1260 1291 succisis
1304 1227 1531 1291 vilibus
1579 1229 1714 1291 olus
1763 1230 1885 1293 vile
1916 1236 2172 1301 sereret,
2207 1229 2479 1290 eumdem
2514 1227 2940 1310 respondisse:
2991 1225 3158 1285 absit

541 1338 610 1395 ut
649 1353 761 1412 ego
792 1340 1048 1415 patrum
1095 1356 1360 1399 meorum
1410 1337 1652 1400 tradam
1701 1336 2158 1401 haereditatem.
2224 1336 2424 1399 Multo
2473 1337 2619 1398 binc
2661 1337 2870 1398 minus
2905 1335 2991 1396 fas
3025 1353 3155 1394 esse

542 1440 738 1503 Nobis
770 1439 1172 1518 judicavimus
1207 1460 1329 1504 tam
1362 1443 1679 1524 antiquam
1715 1465 1784 1508 ac
1816 1464 2052 1507 sacram
2086 1445 2519 1508 haereditatem
2553 1443 2909 1526 (temporale
2927 1441 3154 1504 scilicet

543 1550 798 1613 Sanctae
831 1548 1018 1625 huius
1051 1550 1225 1613 Sedis
1247 1550 1614 1615 Dominium
1649 1572 1777 1614 non
1808 1553 1942 1615 sine
1975 1554 2245 1616 evidenti
2268 1554 2693 1616 Providentiae
2726 1553 2966 1615 divinae
3001 1570 3154 1612 con-

540 1660 678 1721 silio
708 1680 741 1721 a
779 1658 1077 1721 Romanis
1109 1658 1514 1722 Pontificibus
1547 1660 2123 1740 praedecessoribus
2145 1662 2386 1723 Nostris
2406 1677 2532 1722 tam
2552 1662 2738 1740 longa
2761 1659 3154 1721 saeculorum

538 1766 690 1827 serie
722 1767 1120 1846 possessum‚)
1151 1767 1408 1844 tradere,
1456 1784 1560 1829 aut
1594 1769 1689 1830 vel
1720 1769 1900 1831 tacite
1933 1769 2207 1831 assentiri
2248 1784 2314 1831 ut
2346 1769 2488 1849 quis
2521 1768 2689 1831 Urbe
2724 1766 2999 1849 principe
3033 1766 3153 1826 Or—

542 1873 633 1933 bis
663 1871 964 1934 Catholici
1012 1874 1329 1954 potiretur‚
1377 1875 1483 1937 ubi
1530 1877 1879 1956 perturbata
1929 1876 2360 1954 destructaque
2407 1874 2791 1936 sanctissima
2837 1872 3154 1953 regiminis

542 1979 756 2054 forma,
801 1999 962 2060 quae
1009 2003 1040 2041 a
1073 1982 1214 2042 Jesu
1249 1980 1502 2045 Christo
1533 1982 1837 2045 Ecclesiae
1875 1983 2130 2044 Sanctae
2164 1982 2323 2043 Suae
2358 1981 2559 2042 relicta
2595 1981 2726 2057 fuit,
2762 1996 2945 2060 atque
2979 2000 3011 2038 a
3044 1976 3152 2038 Sa-

541 2085 656 2146 cris
689 2087 1033 2150 canonibus
1065 2086 1296 2168 Spiritu
1332 2087 1446 2151 Dei
1475 2089 1742 2150 conditis
1775 2088 2077 2165 ordinata,
2113 2089 2177 2149 in
2210 2086 2342 2166 ejus
2374 2087 2588 2149 locum
2620 2086 2928 2148 sufficeret
2959 2085 3152 2146 Codi-

542 2211 675 2253 cem
724 2213 854 2256 non
901 2195 1095 2256 modo
1127 2195 1311 2258 sacris
1343 2194 1732 2273 Canonibus‚
1765 2196 1873 2257 sed
1911 2195 2295 2276 Evangelicis
2327 2194 2511 2255 etiam
2545 2194 2875 2274 praeceptis
2909 2209 3153 2254 contra·

543 2298 700 2359 rium
729 2315 914 2379 atque
946 2317 1413 2381 repugnantem,
1448 2302 1903 2383 inveheretque,
1939 2318 2006 2364 ut
2036 2303 2280 2380 assolet,
2304 2320 2542 2364 novum
2565 2298 2926 2375 hujusmodi
2948 2318 3153 2360 rerum

543 2408 823 2469 ordinem
875 2409 985 2490 qui
1034 2411 1111 2472 ad
1164 2411 1610 2472 consociandas
1662 2410 2265 2492 confundendasque
2315 2426 2509 2473 sectas
2559 2408 3153 2491 superstitionesque

544 2534 761 2577 omnes
792 2535 939 2577 cum
973 2516 1238 2577 Ecclesia
1268 2516 1587 2578 Catholica
1623 2517 2115 2579 manifestissime
2150 2518 2405 2579 tendit».

759 2623 1043 2684 ‹Nabuth
1074 2626 1226 2687 vites
1256 2645 1402 2685 suas
1432 2623 1531 2685 vel
1545 2627 1806 2705 proprio
1838 2645 2060 2685 cruore
2091 2625 2369 2704 defendit
2398 2624 2477 2700 (S.
2510 2625 2724 2684 Ambr.
2757 2622 2920 2698 ibid.)
2985 2623 3154 2682 Num

543 2747 895 2812 poteramus
930 2733 1081 2811 Nos,
1130 2732 1438 2813 quidquid
1470 2733 1722 2794 tandem
1755 2750 2129 2794 eventurum
2164 2749 2322 2794 esset
2354 2732 2549 2793 Nobis
2582 2750 2713 2792 non
2749 2729 2878 2809 jura
2911 2750 3153 2812 posses-

543 2840 874 2920 sionesque
909 2839 1161 2901 Sanctae
1198 2839 1517 2900 Romanae
1548 2840 1853 2901 Ecclesiae
1886 2840 2216 2902 defendere
2236 2840 2467 2921 quibus
2486 2838 2821 2912 servandis,
2844 2854 3156 2919 quantum

544 2947 609 3007 in
645 2946 835 3008 Nobis
881 2962 990 3019 est,
1037 2946 1331 3007 solemnis
1377 2945 1719 3024 jusjurandi
1752 2947 1888 3008 Nos
1921 2948 2367 3010 obstrinximus
2400 2948 2737 3030 religione?
2787 2949 2884 3009 vel
2919 2967 3047 3009 non
3080 2947 3154 3007 li-

545 3057 833 3117 bertatern
867 3054 1260 3136 Apostolicae
1292 3054 1468 3116 Sedis
1500 3075 1644 3116 cum
1680 3055 1955 3118 libertate
1988 3072 2172 3136 atque
2208 3056 2465 3118 utilitate
2498 3056 2803 3117 Ecclesiae
2839 3056 3158 3117 universae

541 3165 696 3224 adeo
728 3161 1123 3240 conjunctam
1158 3162 1501 3223 vindicare»
1528 3168 1549 3223 'e

761 3276 891 3331 «Ac
947 3288 1137 3350 quam
1189 3288 1412 3348 magna
1463 3288 1672 3330 revera
1718 3270 1792 3330 sit
1844 3270 2198 3350 temporalis
2247 3269 2435 3346 hujus
2469 3269 2853 3351 Principatus
2887 3287 3157 3349 congru-

542 3378 699 3439 entia
745 3393 927 3458 atque
978 3377 1302 3438 necessitas
1348 3377 1424 3438 ad
1471 3379 1873 3438 asserendum
1905 3376 2212 3458 Supremo
2250 3376 2555 3438 Ecclesiae
2589 3377 2790 3457 Capiti
2836 3392 3044 3438 tutum
3091 3397 3159 3436 ac

541 3486 804 3546 liberum
852 3483 1206 3545 exercitium
1251 3483 1585 3563 spiritualis
1617 3482 1800 3558 illius,
1834 3504 1993 3563 quae
2027 3483 2322 3545 divinitus
2355 3483 2440 3544 Illi
2474 3499 2605 3543 toto
2640 3486 2791 3544 orbe
2824 3484 3038 3545 tradita
3073 3500 3160 3543 est

544 3592 874 3674 potestatis,
922 3612 991 3652 ea
1039 3591 1186 3671 ipsa,
1237 3609 1395 3671 quae
1443 3609 1612 3651 nunc
1660 3591 1958 3653 eveniunt
2004 3590 2261 3665 (etiamsi
2310 3590 2424 3650 alia
2458 3591 2741 3651 deessent
2772 3593 3155 3669 argumenta)

545 3699 728 3761 nimis
762 3699 883 3774 jam
918 3698 1109 3761 multa
1144 3700 1631 3761 demonstrant».
1695 3700 1855 3776 (Litt.
1889 3706 2108 3782 Apost.
2158 3719 2250 3762 to.
2286 3701 2422 3761 Jun.
2467 3701 2672 3778 1809.)

757 3807 870 3868 His
916 3807 1098 3886 igitur
1144 3807 1524 3868 inhaerentes
1570 3808 1851 3869 sensibus
1884 3826 2046 3888 quos
2081 3808 2142 3868 in
2177 3807 2455 3887 pluribus
2490 3807 2993 3869 Allocutionibus
3030 3809 3157 3868 No-

543 3917 679 3976 stris
724 3930 1073 3976 constanter
1118 3915 1373 3996 professi
1420 3936 1662 3994 summ,
1714 3916 2117 3997 responsione
2150 3916 2374 3977 Nostra
2422 3916 2497 3975 ad
2536 3916 2768 3995 Regem
2803 3914 2959 3991 data,
2996 3913 3161 3990 inju-

544 4040 662 4083 stas
708 4022 837 4100 ejus
884 4022 1322 4103 postulationes
1370 4024 1856 4104 reprobavimus,
1907 4025 1985 4084 ita
2031 4039 2239 4083 tamen
2289 4038 2356 4083 ut
2386 4025 2677 4083 acerbum
2711 4021 2994 4082 dolorem
3029 4022 3161 4082 No-

544 4147 738 4191 strum
792 4146 1076 4210 paternae
1126 4129 1396 4189 charitati
1449 4127 1850 4209 conjunctam
1900 4128 2385 4203 ostenderemus,
2441 4146 2604 4206 quae
2655 4126 2751 4186 vel
2801 4125 2965 4207 ipsos
2998 4126 3160 4188 filios

544 4237 832 4299 rebellem
871 4236 1148 4298 Absalon
1182 4235 1490 4297 imitantes
1524 4236 1712 4297 nescit
1744 4258 1776 4296 a
1810 4256 1920 4297 sua
1942 4235 2354 4296 sollicitudine
2376 4252 2709 4294 removere.
2746 4233 2928 4294 Hisce
2950 4251 3160 4295 autent

542 4343 753 4405 litteris
789 4343 1074 4405 nondum
1094 4344 1171 4403 ad
1194 4345 1426 4421 Regem
1450 4344 1713 4423 palatia,
1737 4346 1812 4403 ab
1833 4342 1968 4420 ejus
1989 4344 2218 4403 interea
2240 4343 2506 4402 exercitu
2531 4339 2875 4422 pontificiae
2898 4342 3156 4401 Nostrae

543 4451 791 4513 ditionis
825 4451 1083 4511 intactae
1118 4451 1413 4510 hactenus
1445 4466 1504 4510 et
1537 4449 1817 4531 pacificae
1856 4451 2040 4510 urbes
2073 4465 2413 4530 occupatae
2450 4449 2717 4524 fuerunt,
2754 4447 3158 4527 praesidiariis

545 4559 856 4630 militibuS‚
907 4556 1014 4618 ubi
1066 4555 1340 4616 resistere
1391 4556 1592 4617 conati
1639 4556 1899 4632 fuerant,
1950 4557 2123 4617 facile
2156 4555 2453 4634 disjectis:
2509 4575 2577 4616 ac
2611 4554 2775 4615 brevi
2810 4553 3031 4615 deinde
3066 4554 3151 4615 in-

544 4667 778 4726 faustus
810 4665 909 4725 ille
944 4664 1073 4725 dies
1107 4664 1384 4745 proxime
1418 4663 1608 4745 elapsi
1644 4663 2021 4725 Sebtembris
2055 4663 2383 4724 vicesimus
2415 4663 2635 4736 illuxit,
2682 4683 2812 4742 quo
2848 4662 3007 4722 hanc
3041 4663 3159 4724 Ur-

544 4775 686 4833 bem
721 4771 1167 4853 Apostolorum
1203 4770 1494 4850 Principis
1527 4769 1773 4846 Sedem,
1810 4770 2142 4830 catholicae
2178 4769 2495 4848 religionis
2530 4785 2808 4829 centrum
2841 4768 3159 4828 omnium-

545 4899 668 4960 que
696 4879 975 4959 gentium
1008 4878 1363 4959 perfugium
1399 4879 1608 4940 multis
1629 4894 2008 4938 armatorum
2031 4877 2307 4938 millibus
2328 4881 2638 4938 obsessam
2663 4877 2951 4952 vidimus,
2978 4875 3158 4935 facta-

546 5006 669 5067 que
702 5005 1028 5048 murorum
1064 4985 1197 5046 labe
1230 5001 1286 5046 et
1320 5004 1720 5047 excussorum
1759 4984 2085 5045 missilium
2121 5000 2351 5045 terrore
2387 4985 2538 5044 intra
2573 4984 2766 5064 ipsam
2805 4981 2990 5057 illato,
3026 4981 3082 5041 vi
3105 4997 3160 5041 et
