3684 5416
353 987 379 1030 5

325 1521 381 1552 «0

321 2066 377 2109 ¹5

319 2599 382 2632 ”20

321 3133 379 3179 25

322 3668 385 3713 ⁴30

323 4202 384 4247 35

329 4735 390 4777 40

1070 355 1334 410 Potestas
1372 355 1749 411 ecclesiastica
1776 370 1833 412 et
1870 356 2173 428 imperium
2211 357 2387 414 civile.

527 967 584 1027 8.
621 965 703 1028 Ut
722 965 1128 1028 Provinciales
1161 967 1429 1028 cuiusvis
1457 967 1711 1029 Ordinis

435 1073 756 1151 Regularis
791 1073 1191 1135 Monarchiae
1222 1075 1569 1136 Austriacae
1603 1076 1707 1136 de-

436 1182 618 1240 beant
664 1199 772 1261 per
816 1179 1017 1240 literas
1061 1180 1403 1259 significare
1436 1180 1708 1243 Genera-

432 1286 593 1347 libus
625 1286 752 1348 suis
784 1287 850 1348 in
880 1287 1098 1349 exteris
1131 1288 1397 1349 Statibus
1432 1290 1707 1350 residen-

432 1392 594 1454 tibus
655 1391 1020 1456 electionem
1082 1415 1277 1468 suam,
1330 1411 1388 1456 et
1441 1398 1516 1456 ab
1568 1396 1712 1477 ipsis

434 1498 838 1561 Generalibus
883 1502 1276 1563 denominari
1306 1503 1573 1564 debeant
1603 1503 1711 1564 Vi-

433 1606 575 1667 carii
608 1605 940 1668 Generales
985 1628 1125 1669 cum
1177 1610 1381 1691 ampla
1411 1610 1712 1688 facultate,

432 1714 789 1773 renovanda
821 1730 943 1774 tam
977 1734 1010 1774 a
1042 1715 1264 1795 quovis
1285 1716 1574 1778 Generali
1596 1735 1712 1776 no-

433 1820 593 1879 vitus
643 1819 861 1900 elect0,
913 1839 1104 1900 quam
1155 1821 1335 1882 etiam
1387 1822 1712 1883 occasione

435 1925 750 1986 electionis
772 1927 1164 1989 provincialis
1185 1946 1289 1989 aut
1306 1929 1572 2007 alterius,
1604 1929 1709 2009 qui

434 2032 595 2092 vices
627 2032 758 2092 eius
790 2034 1118 2115 suppleret,
1152 2035 1217 2096 in
1250 2055 1464 2097 casum
1496 2035 1713 2098 mortis

435 2139 511 2199 ad
546 2155 789 2220 tempus
822 2141 1137 2203 constituti
1170 2142 1234 2203 in
1268 2141 1497 2205 offici0.

525 2246 663 2306 Dat.
712 2266 802 2326 ¹4·
836 2247 1029 2328 April.
1071 2249 1255 2315 1782.

2934 377 3031 431 27¹

1763 555 1901 602 tutu
1920 543 2356 623 tranquillandi
2380 544 2823 605 conscientiam
2847 545 3040 624 magis

1764 648 2135 728 timoratam,
2168 665 2229 709 et
2261 648 2554 710 incertam
2590 650 2664 709 de
2687 668 2906 710 norma
2927 669 3040 731 po-

1765 755 1990 816 testatis
2032 756 2256 837 ipsius;
2305 755 2487 817 etiam
2522 756 2615 816 his
2649 755 2912 817 liberum
2944 776 3040 817 re-

1763 860 2041 941 linquam
2079 862 2168 923 uti
2203 861 2468 923 formula
2501 878 2814 924 consueta.

1855 969 1954 1029 Ad
1990 970 2050 1030 8.
2112 969 2356 1030 Reflexe
2389 969 2467 1030 ad
2499 969 2905 1032 Provinciales
2936 984 3042 1031 aut

1766 1073 2041 1135 Vicarios
2060 1074 2394 1136 Generales
2415 1076 2641 1136 electos
2673 1090 2777 1135 aut
2810 1075 3042 1155 eligen—

1765 1180 1880 1242 dos
1912 1183 1987 1240 ab
2014 1179 2358 1243 Ordinibus
2381 1182 2788 1259 Regularibus
2818 1182 2883 1242 in
2917 1197 3043 1243 tota

1768 1287 2147 1366 Monarchia,
2170 1308 2444 1368 quorum
2466 1289 2783 1351 Generalis
2817 1290 2882 1350 in
2912 1288 3043 1350 aliis

1766 1393 2099 1456 Provinciis
2145 1410 2310 1456 extra
2343 1396 2583 1457 Statum
2616 1396 3043 1471 domiciliatur‚

1765 1500 2063 1562 Sanctitas
2096 1503 2217 1563 Vra
2251 1502 2505 1584 ipsamet
2538 1502 2875 1584 perspiciet,
2912 1520 3044 1562 non

1767 1628 1945 1688 posse
2010 1628 2118 1689 per
2173 1628 2272 1669 me
2332 1609 2609 1690 adoptari
2658 1608 3045 1691 propositum

1764 1715 2051 1793 modum,
2064 1715 2215 1795 quin
2230 1716 2471 1796 penitus
2485 1719 2860 1777 subruantur
2874 1715 3043 1797 prin-

1766 1820 1918 1901 cipia
1970 1836 2212 1882 maturo
2263 1823 2542 1883 examine
2592 1823 2714 1883 iam
2770 1821 3043 1883 stabilita.

1768 1929 2031 1990 Proinde
2078 1929 2488 1990 Provinciales
2538 1929 2660 1989 iam
2711 1929 2882 1990 electi
2941 1945 3044 1989 aut

1766 2034 1830 2096 in
1896 2035 2175 2095 futurum
2236 2035 2503 2114 eligendi
2566 2056 2697 2096 non
2756 2050 3045 2115 poterunt

1767 2144 1990 2203 habere
2024 2142 2215 2202 ullam
2247 2141 2425 2202 aliam
2447 2162 2479 2201 a
2502 2141 2907 2202 Generalibus
2935 2141 3044 2201 de-

1767 2248 2162 2328 pendentiam
2196 2263 2255 2309 et
2287 2247 2746 2326 obligationem,
2772 2246 2885 2307 nisi
2906 2265 3045 2327 pre-

1767 2374 1912 2415 cum
1944 2369 2004 2415 et
2036 2354 2504 2433 suffragiorum3
2541 2355 2805 2415 liberum
2836 2368 3045 2413 tamen

434 2460 725 2536 manebit,
776 2461 1000 2522 iisdem
1027 2462 1090 2522 in
1123 2477 1260 2524 actu
1295 2462 1610 2524 electionis
1642 2483 1787 2524 suae
1820 2463 2020 2523 literas
2070 2483 2312 2524 exarare
2361 2464 2437 2523 ad
2469 2462 2856 2539 Generalem,
2890 2460 3045 2540 quin

432 2586 643 2631 tamen
676 2572 750 2630 ab
785 2570 891 2630 illo
924 2585 1132 2651 petant
1163 2585 1268 2632 aut
1299 2586 1614 2651 acceptent
1646 2571 2073 2651 cuiuscunque
2106 2571 2348 2653 generis
2380 2571 2746 2632 facultatem.

647 2676 812 2738 Istud
846 2691 958 2751 est,
989 2679 1159 2759 quod
1196 2697 1452 2759 possum
1473 2679 1696 2740 habere
1733 2677 2041 2740 honorem
2073 2678 2490 2759 respondendi
2521 2677 2832 2739 Sanctitati
2864 2678 3043 2755 Suae,

435 2786 836 2868 provocando
882 2786 942 2847 in
989 2786 1227 2865 reliquo
1273 2787 1349 2847 ad
1399 2787 1515 2865 illa,
1566 2807 1723 2867 quae
1771 2788 1891 2848 iam
1924 2787 2411 2869 significaveram
2442 2803 2568 2848 tam
2600 2787 2824 2868 scripto
2856 2807 3046 2868 quam

436 2893 568 2953 viva
617 2912 790 2971 voce,
847 2908 906 2954 et
955 2893 1360 2953 assecurando
1392 2894 1692 2971 Eandem,
1742 2894 1903 2954 istud
1950 2913 2081 2954 esse
2127 2909 2329 2955 totum
2378 2894 2459 2973 id,
2514 2894 2686 2975 quod
2721 2892 3045 2974 explanare

434 3000 628 3072 valeo,
663 3014 720 3060 et
752 2999 923 3080 quod
957 3018 1085 3059 non
1117 2999 1234 3059 sim
1265 2998 1330 3060 in
1363 3015 1521 3060 statu
1554 3001 1718 3061 aliud
1753 3000 2072 3077 scribendi,
2106 3020 2296 3081 quam
2328 3001 2410 3079 id,
2446 3001 2617 3081 quod
2650 3000 2743 3061 his
2765 3019 3047 3081 compre—

435 3107 756 3181 henditur3
793 3105 936 3186 quia
968 3124 1098 3166 non
1131 3106 1374 3187 expedit
1405 3106 1717 3168 discedere
1749 3129 1782 3168 a
1815 3107 2142 3189 principiis,
2176 3127 2334 3188 quae
2367 3123 2570 3168 exacte
2591 3109 2768 3187 sequi
2791 3107 3047 3187 obligor.

436 3215 631 3295 Spero
678 3213 903 3293 itaque,
939 3212 1331 3274 Sanctitatem
1365 3213 1556 3274 Suam
1602 3214 1970 3292 agnituram,
2005 3215 2176 3294 quod
2210 3231 2378 3295 parte
2411 3235 2485 3275 ex
2519 3234 2653 3275 mea
2685 3215 3048 3276 omnimode

436 3319 754 3401 cooperari
796 3318 1100 3379 voluerim
1148 3319 1443 3379 Eiusdem
1482 3319 1816 3397 desideriis,
1867 3321 2085 3401 hisque
2137 3341 2236 3381 me
2282 3321 2812 3382 accomodaverim
2845 3320 3049 3382 nomi-

436 3424 627 3486 natim
659 3424 868 3505 quoad
901 3423 1134 3485 bullam
1169 3426 1220 3486 U
1232 3425 1557 3503 nigenituS,
1593 3428 1802 3506 quoad
1836 3427 2253 3488 iuramentum
2290 3428 2633 3509 Epporum,
2670 3428 2878 3507 quoad
2914 3427 3045 3488 Pla-

435 3546 643 3592 cetum
680 3531 964 3611 Regium,
999 3534 1205 3611 quoad
1242 3532 1748 3614 dispensationes,
1783 3550 1844 3594 et
1876 3536 2085 3613 quoad
2120 3537 2382 3595 modum
2421 3534 2783 3595 conferendi
2816 3533 3051 3594 benefi-

438 3640 524 3700 cia
589 3659 697 3720 per
759 3659 1134 3700 concursum
1199 3640 1260 3701 in
1325 3640 1716 3702 Lombardia.
1801 3642 1933 3702 Hac
1996 3642 2213 3702 eadem
2264 3642 2716 3723 opportunitate
2768 3642 3051 3702 blandior

440 3746 619 3825 mihi,
685 3745 1078 3808 Sanctitatem
1123 3748 1317 3809 Suam
1367 3747 1687 3828 cooperari
1734 3747 1886 3808 velle
1937 3763 2073 3809 tum
2120 3748 2253 3809 viva
2299 3768 2467 3824 voce,
2518 3764 2654 3810 tum
2700 3748 2926 3829 scripto
2974 3748 3051 3808 ad

437 3853 890 3914 exhortandum
941 3853 1197 3915 Clerum
1247 3854 1532 3915 Statuum
1579 3873 1886 3931 meorum,
1934 3874 2063 3935 quo
2123 3854 2340 3916 officiis
2386 3855 2666 3917 catholici
2719 3871 2777 3916 et
2825 3855 3050 3916 subditi

435 3961 616 4042 plane
673 3959 1005 4037 satisfaciat,
1055 3975 1115 4020 et
1164 3976 1531 4041 cooperetur
1575 3975 1708 4021 toto
1740 3960 1874 4021 zelo
1905 3981 1976 4022 ac
2009 3962 2346 4023 sinceritate
2379 3962 2568 4022 animi
2599 3964 2674 4023 ad
2710 3962 3052 4044 implendas

432 4088 606 4129 meas
641 4067 1081 4146 ordinationeS,
1130 4086 1287 4147 quae
1337 4066 1512 4128 unice
1559 4066 1624 4127 in
1669 4069 1912 4128 bonum
1963 4068 2276 4149 religionis
2329 4085 2386 4130 et
2436 4069 2782 4130 animarum
2835 4069 3054 4151 populi

439 4176 560 4237 mei
608 4176 887 4236 tendunt.
955 4175 1124 4235 Haec
1171 4194 1345 4234 sensa
1393 4193 1673 4235 summae
1718 4194 1863 4235 suae
1902 4175 2204 4254 religioni,
2238 4177 2373 4237 zelo
2405 4177 2763 4258 apostolim,
2795 4191 2853 4237 et
2885 4177 3052 4258 prin-

439 4282 616 4364 cipali
662 4302 779 4343 suo
825 4280 1067 4343 muneri
1113 4281 1377 4342 maxime
1411 4282 1812 4361 congruentia
1846 4282 2127 4343 animum
2158 4282 2310 4344 mihi
2342 4285 2601 4363 addunt,
2634 4284 2847 4346 iterato
2880 4287 3052 4346 obte-

437 4389 635 4450 standi
656 4388 1051 4450 Sanctitatem
1072 4388 1281 4466 Suam,
1316 4387 1459 4448 velit
1489 4387 1643 4449 mihi
1674 4408 1744 4449 ac
1776 4389 2015 4470 populo
2047 4408 2190 4451 meo
2223 4390 2518 4470 impertiri
2547 4391 3054 4463 consolationem,

438 4511 745 4577 quatenus
803 4511 944 4556 ante
1008 4496 1348 4557 discessum
1388 4516 1573 4557 suum
1620 4496 1844 4577 scripto
1888 4496 2244 4557 testimonio
2292 4496 2470 4558 nobis
2515 4497 2834 4578 significet,
2882 4499 3052 4579 quod

440 4625 585 4667 cum
632 4604 1038 4665 satisfactione
1082 4619 1209 4663 tam
1257 4603 1391 4663 viva
1426 4622 1574 4663 voce
1622 4622 1811 4682 quam
1858 4602 2060 4683 primo
2092 4623 2208 4665 suo
2242 4603 2468 4685 scripto
2503 4604 2806 4665 declarare
2840 4605 3056 4685 digna-

441 4715 637 4788 batur,
686 4731 749 4771 se
797 4710 1092 4771 nimirum
1139 4710 1320 4792 plene
1353 4724 1704 4770 contentam
1736 4728 1867 4769 esse
1900 4723 2059 4769 statu
2093 4710 2424 4789 religioniS,
2460 4731 2649 4791 quem
2681 4712 2743 4772 in
2778 4712 2891 4773 hac
2925 4729 3055 4773 me-

442 4817 667 4899 tropoli
701 4833 758 4878 et
791 4816 1118 4900 provinciis
1149 4816 1409 4877 transitu
1442 4835 1559 4877 suo
1591 4814 1915 4877 honoratis
1947 4815 2193 4877 invenit.

657 4923 952 5001 Viennae,
995 4945 1088 5003 ¹5·
1126 4923 1314 5005 April.
1359 4924 1540 4990 1782.
1614 4920 1670 5001 [1.
1705 4943 1754 4983 c.
1788 4942 1925 5003 pag.
1962 4922 2350 5004 236—258.]
