3684 5416
342 1586 402 1617 lo

336 2694 401 2726 20

340 3800 406 3845 30

1098 369 1362 423 Potestas
1401 368 1784 424 ecclesiastica
1823 382 1881 424 et
1917 367 2220 440 imperium
2260 367 2435 424 civile.
2999 388 3062 455 2¹

457 550 645 628 ciens,
679 566 749 616 ut
780 552 978 613 homo
1008 552 1310 613 humanas
1343 552 1657 633 passiones
1686 552 2017 614 sustinens.
2051 553 2132 613 lta
2165 572 2381 614 verum
2415 553 2739 615 hominem
2775 569 2835 614 et
2853 572 3071 615 verum

457 659 668 735 deum,
703 658 1092 740 praedicante
1125 674 1293 740 patre
1326 676 1541 723 nostro
1573 659 1890 723 Silvestrio
1922 679 2175 722 summo
2208 659 2513 742 pontifice,
2545 660 2967 740 intelligimus,
3004 676 3073 721 ut

458 783 677 827 verum
722 766 914 828 deum
958 785 1174 827 verum
1221 766 1543 829 hominem
1595 766 1782 829 fuisse
1821 768 1999 829 nullo
2030 768 2223 829 modo
2254 768 2674 848 ambigamus3
2740 767 3072 848 electisque

460 872 792 936 duodecim
823 873 1138 954 apostolis,
1172 874 1482 938 miraculis
1514 894 1723 936 coram
1755 874 1844 937 eis
1863 892 1923 937 et
1941 876 2407 938 innumerabilis
2429 876 2644 957 populi
2668 875 3067 938 multitudine

458 980 819 1042 coruscavit.
852 979 1243 1044 Confitemur
1274 982 1545 1044 eundem
1566 983 1900 1045 dominum
1920 984 2132 1044 ‚lesum
2148 984 2463 1045 Christum
2484 983 2849 1065 adimplesse
2870 983 3072 1063 legem

457 1102 521 1149 et
551 1089 897 1168 prophetas,
943 1107 1213 1169 passum,
1248 1087 1636 1166 crucifixum,
1670 1088 2019 1151 secundum
2050 1088 2376 1170 scripturas
2408 1090 2578 1152 tertia
2611 1090 2712 1152 die
2744 1112 2777 1152 a
2811 1090 3076 1152 mortuis

460 1196 876 1274 resurrexisse,
907 1197 1306 1278 adsumptum
1340 1197 1406 1258 in
1438 1197 1629 1259 coelis
1657 1212 1844 1278 atque
1874 1199 2193 1260 sedentem
2224 1200 2301 1261 ad
2338 1199 2646 1261 dexteram
2683 1200 2888 1281 patris,
2926 1200 3072 1261 inde

458 1319 792 1365 venturum
825 1302 1094 1365 iudicare
1126 1303 1298 1364 vivos
1328 1319 1388 1364 et
1419 1319 1719 1381 mortuos,
1752 1302 1931 1365 cuius
1964 1304 2137 1384 regni
2168 1323 2299 1366 non
2331 1305 2444 1366 erit
2475 1304 2637 1367 finis.

680 1466 732 1526 5.
766 1446 935 1507 Haec
968 1461 1056 1506 est
1088 1446 1253 1507 enim
1290 1447 1440 1508 fides
1471 1462 1675 1509 nostra
1710 1448 2057 1542 orthqdoxa
2079 1470 2111 1509 a
2132 1449 2487 1511 beatissimo
2520 1465 2685 1530 patre
2722 1467 2936 1512 nostro
2957 1451 3074 1512 Sil-

458 1554 685 1616 vestrio
717 1573 969 1616 summo
1002 1553 1289 1636 pontifice
1324 1555 1502 1616 nobis
1525 1556 1789 1636 prolata;
1825 1558 2213 1618 exhortantes
2233 1556 2463 1618 idcirco
2483 1577 2739 1620 omnem
2762 1560 3069 1641 populum

460 1678 518 1723 et
563 1660 827 1722 diversas
870 1661 1153 1740 gentium
1200 1660 1479 1724 nationes
1526 1663 1687 1723 hanc
1719 1662 1906 1724 fidem
1940 1678 2166 1738 tenere,
2199 1664 2398 1725 colere
2431 1683 2501 1726 ac
2535 1667 2885 1745 praedicare
2918 1684 2976 1729 et
3008 1668 3073 1728 in

458 1783 702 1830 sanctae
732 1767 1011 1830 trinitatis
1032 1767 1287 1828 nomine
1310 1768 1594 1848 baptismi
1616 1768 1871 1849 gratiam
1894 1770 2191 1851 consequi
2213 1784 2273 1831 et
2294 1770 2511 1832 domin
2525 1791 2633 1833 um
2654 1773 2863 1835 Jesum
2890 1775 3073 1837 Chri—

459 1891 624 1938 stum
659 1876 1021 1936 salvatorem
1052 1890 1353 1952 nostrum,
1401 1876 1508 1955 qui
1542 1896 1688 1937 cum
1720 1892 1887 1959 patre
1924 1891 1983 1938 et
2014 1877 2234 1958 spiritu
2269 1895 2483 1940 sancto
2520 1899 2630 1961 per
2663 1881 2894 1943 infinita
2929 1881 3076 1942 vivit

462 2000 519 2045 et
550 2000 761 2065 regnat
791 1983 1049 2060 saecula,
1084 2002 1270 2063 quem
1307 1982 1609 2056 Silvester‚
1642 1984 2030 2045 beatissimus
2065 2003 2233 2066 pater
2264 2002 2473 2047 noster
2507 1989 2863 2051 universalis
2899 2010 3072 2071 prae-

373 2121 396 2150 ς
462 2091 621 2152 dicat
653 2087 947 2172 pontifex,
981 2090 1165 2151 corde
1198 2089 1426 2152 devoto
1459 2091 1731 2152 adorare.

677 2234 734 2296 6.
796 2233 926 2314 lpse
973 2233 1140 2295 enim
1189 2232 1485 2295 dominus
1530 2235 1684 2295 deus
1730 2250 1959 2311 noster,
2008 2233 2296 2296 misertus
2340 2235 2495 2296 mihi
2545 2236 2864 2316 peccatori,
2912 2238 3075 2300 misit

461 2356 706 2404 sanctos
749 2359 898 2402 suos
943 2342 1259 2422 apostolos
1292 2341 1368 2401 ad
1403 2340 1776 2404 visitandum
1811 2360 1947 2409 nos.
1986 2358 2047 2403 et
2076 2342 2294 2404 lumen
2328 2342 2426 2404 sui
2457 2341 2806 2424 splendoris
2836 2343 3074 2408 infulsit

461 2447 642 2510 nobis
674 2463 733 2508 et
763 2449 1063 2508 abstracto
1097 2469 1128 2508 a
1163 2447 1428 2508 tenebris
1460 2448 1536 2509 ad
1573 2467 1776 2509 veram
1811 2448 2018 2510 lucem
2051 2464 2110 2510 et
2130 2448 2509 2528 agnitionem
2529 2449 2793 2513 veritatis
2814 2469 2915 2511 me
2938 2470 3072 2533 per-

459 2554 698 2618 venisse
739 2552 1151 2634 gratulamini.
1214 2554 1372 2614 Nam
1422 2554 1576 2615 dum
1621 2553 1817 2615 valida
1862 2555 2169 2635 squaloris
2213 2553 2381 2637 lepra
2416 2569 2611 2616 totam
2643 2556 2763 2617 mei
2797 2558 3074 2639 corporis

460 2661 773 2725 invasisset
793 2679 1060 2738 carnem,
1089 2677 1149 2723 et
1171 2660 1515 2725 multorum
1538 2661 1926 2726 medicorum
1947 2662 2457 2727 convenientium
2483 2682 2626 2726 cura
2648 2664 3066 2743 adhiberetur,

462 2788 579 2831 nec
612 2770 797 2831 unius
829 2768 1083 2849 quidem
1118 2769 1434 2850 promerui
1466 2768 1665 2846 saluti,
1700 2769 1777 2830 ad
1810 2770 1959 2830 haec
1990 2770 2372 2833 advenerunt
2391 2772 2740 2833 sacerdotes
2761 2772 3073 2854 Capitolii,

461 2876 733 2938 dicentes
778 2875 932 2937 mihi
975 2876 1196 2937 debere
1244 2874 1373 2936 fieri
1421 2875 1659 2938 fontem
1691 2875 1755 2936 in
1789 2876 2099 2958 Capitolio
2131 2892 2190 2938 et
2222 2877 2538 2959 complere
2577 2879 2744 2942 hunc
2775 2878 3073 2942 innocen-

462 2985 621 3047 tium
667 2982 999 3046 infantium
1042 2982 1343 3061 sanguine
1390 2999 1446 3044 et
1492 2984 1723 3045 calente
1772 2982 1835 3044 in
1883 3002 1959 3045 eo
1990 2982 2121 3045 loto
2153 3002 2254 3045 me
2288 3004 2470 3065 posse
2504 2986 2813 3051 mundari.
2873 2986 2949 3048 Et
2978 3007 3075 3047 se·

462 3092 741 3153 cundum
774 3109 993 3154 eorum
1027 3089 1183 3150 dicta
1214 3090 1551 3171 aggregatis
1583 3090 1866 3171 plurimis
1908 3089 2346 3152 innocentibus
2380 3090 2731 3168 infantibus,
2763 3094 2915 3154 dum
2951 3091 3074 3154 vel-

375 3231 397 3257 .-.
459 3199 591 3261 lent
623 3198 895 3277 sacrilegi
928 3216 1308 3278 paganorum
1344 3197 1689 3259 sacerdotes
1723 3216 1828 3257 eos
1861 3197 2113 3259 mactari
2146 3214 2204 3258 et
2236 3218 2305 3258 ex
2342 3217 2563 3261 eorum
2596 3201 2899 3279 sanguine
2935 3200 3075 3261 fon-

459 3322 589 3366 tem
622 3305 859 3387 repleri,
894 3324 1150 3367 cernens
1181 3305 1470 3365 serenitas
1502 3319 1707 3367 nostra
1740 3302 2019 3365 lacrimas
2052 3319 2320 3367 matrum
2344 3324 2586 3381 eorum,
2624 3305 2764 3367 ilico
2787 3307 3075 3368 exhorrui

463 3411 721 3490 facinus,
770 3413 1179 3492 misertusque
1217 3410 1324 3488 eis,
1371 3411 1654 3494 proprios
1702 3409 1819 3472 illis
1865 3411 2097 3473 restitui
2131 3411 2545 3493 praecipimus
2578 3411 2740 3473 filios
2770 3431 2938 3491 suOS,
2971 3413 3078 3473 da-

461 3519 664 3599 tisque
697 3517 995 3579 vehiculis
1025 3533 1082 3579 et
1114 3517 1294 3579 donis
1326 3518 1652 3596 concessiS,
1686 3518 2025 3597 gaudentes
2059 3520 2137 3580 ad
2170 3517 2418 3599 propria
2455 3518 2882 3580 relaxavimus.

679 3684 740 3730 7.
794 3662 1024 3724 Eadem
1072 3662 1259 3741 igitur
1303 3677 1599 3723 transacta
1646 3662 1765 3732 die,
1812 3678 2127 3725 nocturno
2174 3662 2354 3722 nobis
2401 3661 2562 3723 facto
2611 3660 2880 3738 silentiu,
2926 3661 3079 3722 dum

462 3769 672 3833 somni
702 3787 947 3850 tempus
979 3768 1340 3845 advenisset,
1375 3770 1602 3830 adsunt
1622 3767 1906 3850 apostoli,
1940 3786 2185 3831 sanctus
2205 3769 2421 3829 Petrus
2454 3782 2515 3828 et
2537 3766 2780 3842 PauluS,
2801 3766 3075 3827 dicentes

463 3878 654 3940 mihi:
723 3876 1084 3952 ‹Quoniam
1114 3876 1356 3956 flagitiis
1388 3875 1648 3958 posuisti
1678 3876 2013 3938 terminum
2047 3891 2109 3935 et
2142 3874 2508 3937 effusionem
2540 3873 2862 3952 sanguinis
2898 3873 3077 3933 inno-

464 3986 659 4048 centis
703 3985 1015 4064 horruisti,
1062 3984 1232 4046 missi
1265 4002 1485 4045 sumus
1516 4004 1549 4044 a
1582 3983 1831 4045 Christo
1864 3981 2125 4044 domino
2158 3983 2278 4043 deo
2310 3997 2549 4058 nostru,
2599 3981 2743 4041 dare
2777 3980 2885 4041 tibi
2920 3980 3082 4040 sani-

352 4170 364 4179 ·
462 4093 601 4155 tatis
633 4093 1085 4172 recuperandae
1118 4091 1465 4152 consilium.
1532 4090 1698 4151 Audi
1730 4109 1880 4170 ergo
1912 4088 2146 4150 monita
2180 4104 2388 4149 nostra
2420 4103 2479 4148 et
2512 4087 2604 4148 fac
2637 4087 3080 4168 quodcumque

467 4200 811 4261 indicamus
839 4198 963 4258 tibi.
996 4198 1281 4259 Silvester
1311 4197 1636 4278 episcopus
1665 4196 1919 4258 civitatis
1952 4196 2190 4257 Romae
2210 4195 2286 4255 ad
2306 4210 2588 4256 montem
2608 4192 2922 4275 Seraptem
2946 4212 3080 4274 per-

384 4335 403 4344 ·
467 4306 812 4367 secutiones
841 4320 976 4365 tuas
1008 4304 1251 4385 fugiens
1283 4304 1345 4364 in
1378 4304 1651 4364 cavernis
1684 4319 1994 4385 petrarum
2014 4321 2159 4363 cum
2189 4300 2316 4361 suis
2337 4301 2569 4362 clericis
2589 4300 2883 4361 latebram
2906 4298 3084 4362 fovet.

468 4413 658 4475 Hunc
689 4431 836 4473 cum
865 4411 943 4472 ad
972 4428 1031 4473 te
1063 4410 1405 4487 adduxeris,
1447 4411 1574 4492 ipse
1606 4411 1712 4473 tibi
1744 4410 2040 4493 piscinam
2075 4409 2311 4490 pietatis
2342 4409 2647 4487 ostendet,
2681 4407 2743 4468 in
2774 4426 2897 4488 qua
2930 4408 3084 4468 dum

468 4537 527 4582 te
556 4519 735 4582 tertio
765 4519 1058 4595 merserit,
1092 4518 1297 4579 omnis
1327 4534 1386 4579 te
1420 4519 1708 4580 valetudo
1739 4519 1849 4579 ista
1883 4519 2117 4578 deseret
2151 4518 2371 4597 leprae.
2437 4514 2629 4591 Quod
2671 4516 2825 4575 dum
2858 4513 3083 4575 factum

469 4627 666 4705 fuerit,
721 4629 882 4687 hanc
912 4626 1386 4688 vicissitudinem
1417 4642 1529 4689 tuo
1561 4625 1844 4687 salvatori
1877 4643 2230 4705 compensa,
2278 4639 2343 4684 ut
2376 4642 2599 4686 omnes
2633 4622 2803 4683 iussu
2838 4638 2946 4682 tuo
2979 4641 3084 4701 per

467 4751 671 4798 totum
718 4736 935 4795 orbem
980 4732 1266 4794 ecclesiae
1311 4748 1747 4810 restaurentur,
1793 4747 1853 4792 te
1886 4747 2091 4792 autem
2125 4731 2331 4812 ipsum
2370 4730 2435 4791 in
2470 4730 2585 4790 hac
2618 4745 2784 4811 parte
2817 4727 3085 4810 purifica,

345 4868 418 4909 40
471 4859 556 4920 ut,
589 4841 794 4904 relicta
825 4840 1001 4902 omni
1030 4840 1530 4922 superstitutione
1561 4839 1891 4910 idolorum,
1937 4837 2127 4899 deum
2166 4838 2375 4898 vivum
2410 4852 2470 4898 et
2502 4855 2738 4913 verum,
2774 4835 2882 4915 qui
2914 4834 3085 4896 solus

470 4966 558 5011 est
588 4965 647 5010 et
678 4967 879 5024 verus,
911 4947 1127 5008 adores
1159 4963 1217 5008 et
1247 4948 1506 5023 excolas,
1541 4962 1606 5007 ut
1638 4947 1714 5007 ad
1746 4946 1880 5007 eius
1912 4944 2290 5006 voluntatem
2322 4944 2660 5022 adtingas».
