3684 5416
488 957 511 999 5

463 1490 514 1522 to

463 2024 510 2067 ιε

457 2564 514 2595 20

459 3107 511 3150 ²5

461 3642 515 3686 30

462 4174 515 4218 35

564 324 671 395 636
1434 323 1680 378 Ordines
1720 336 1776 378 et
1815 322 2318 395 congregationes.

565 498 786 588 cuique
831 518 979 590 opus
1019 515 1166 569 erat.
1230 509 1310 569 Ita
1350 526 1497 587 ergo
1530 524 1588 569 et
1620 500 1829 569 Abbas
1863 506 2208 570 consideret
2244 507 2624 569 infirmitates
2656 508 3087 589 indigentium,
3119 525 3180 570 et

573 635 700 676 non
749 616 972 677 malam
1020 615 1401 679 voluntatem
1450 615 1879 677 invidentium.
1925 615 2011 677 ‘In
2057 615 2350 676 omnibus
2393 607 2603 678 tamen
2635 612 2870 695 judiciis
2905 618 3031 678 suis
3065 617 3177 678 Dei

570 722 1037 783 retributionem
1071 723 1313 803 cogitet.
2711 711 2719 717 ⁸

708 843 712 849 ·
783 828 938 912 Cap.
974 830 1179 891 LVIII.
1228 830 1331 891 De
1362 830 1699 912 disciplina
1729 830 2277 912 suscipiendorum.
2352 829 2612 892 Noviter
2642 832 2899 892 veniens
2932 831 3071 912 quis
3104 831 3178 891 ad

582 936 1077 1015 conversionem,
1127 957 1255 999 non
1304 938 1358 997 ei
1410 937 1600 998 facilis
1629 938 1931 999 tribuatur
1968 937 2314 1016 ingressus:
2365 938 2473 999 sed
2509 937 2661 999 sicut
2693 935 2774 998 ait
2807 937 3146 1019 Apostolus
3165 959 3188 998 z¹

569 1043 834 1104 Prahate
880 1046 1164 1125 spiritus,
1209 1046 1272 1105 si
1298 1066 1370 1104 ex
1399 1043 1536 1104 Deo
1570 1051 1727 1105 sunt.
1801 1045 1966 1124 Ergo
2000 1044 2048 1104 si
2101 1044 2353 1106 veniens
2399 1045 2871 1126 perseveraverit
2905 1044 3181 1125 pulsans,

568 1166 625 1210 et
660 1150 848 1211 illatas
881 1151 994 1210 sibi
1028 1150 1280 1211 iniurias
1313 1168 1370 1211 et
1403 1151 1822 1212 difficultatem
1873 1151 2200 1231 ingressuS,
2255 1167 2391 1232 post
2436 1168 2704 1232 quatuor
2754 1168 2857 1212 aut
2904 1150 3182 1232 quinque

569 1259 698 1318 dies
749 1246 915 1317 visus
962 1256 1142 1317 fuerit
1188 1258 1484 1338 patienter
1532 1274 1791 1338 portare,
1840 1275 1898 1318 et
1950 1258 2267 1338 persistere
2314 1249 2590 1339 petitioni
2641 1270 2821 1318 suae:
2875 1275 3186 1319 annuatur

569 1365 619 1424 ei
675 1365 1007 1446 ingressUS,
1078 1379 1136 1424 et
1186 1364 1259 1425 sit
1309 1365 1373 1424 in
1421 1366 1569 1425 cella
1619 1366 1934 1447 hospitum
1985 1364 2195 1445 paucis
2243 1365 2479 1426 diebus,
2546 1366 2761 1426 Postea
2809 1364 2902 1425 sit
2935 1366 2996 1425 in
3033 1365 3183 1425 cella

570 1471 967 1541 novitiorum,
1018 1471 1122 1531 ubi
1170 1472 1516 1549 meditetur,
1568 1489 1624 1533 et
1659 1472 2009 1548 manducet,
2042 1488 2101 1532 et
2134 1472 2415 1535 dormiat.
2480 1473 2552 1533 Et
2583 1471 2790 1533 senior
2820 1473 2874 1533 ei
2909 1472 3042 1532 talis
3074 1474 3181 1532 de-

569 1595 833 1657 putetur,
869 1578 975 1657 qui
1010 1596 1188 1658 aptus
1223 1578 1297 1640 sit
1330 1579 1405 1639 ad
1438 1579 1764 1641 lucrandas
1797 1579 2066 1640 animas:
2102 1579 2212 1660 qui
2247 1599 2431 1662 super
2464 1598 2609 1641 eum
2644 1579 2906 1641 omnino
2941 1580 3184 1641 curiose

569 1685 857 1763 intendat,
908 1701 966 1747 et
1011 1686 1285 1747 solicitus
1330 1686 1424 1763 sit,
1475 1686 1523 1746 si
1573 1706 1777 1747 revera
1813 1688 2019 1748 Deum
2069 1687 2324 1767 quaerit,
2373 1687 2420 1747 si
2470 1686 2746 1749 solicitus
2793 1698 2881 1747 est
2913 1687 2987 1747 ad
3022 1707 3187 1767 opus

570 1792 702 1868 Dei,
738 1794 813 1852 ad
849 1793 1280 1866 obedientiam,
1313 1794 1388 1854 ad
1435 1794 1787 1875 opprobria.
1842 1793 2274 1855 Praedicentur
2320 1794 2374 1854 ei
2422 1795 2632 1854 omnia
2680 1795 2828 1855 dura
2862 1809 2919 1854 et
2951 1813 3183 1874 aspera,

569 1919 674 1980 per
725 1909 883 1979 quae
935 1900 1055 1961 itur
1104 1903 1178 1962 ad
1235 1901 1457 1964 Deum.
1537 1890 1600 1961 Si
1657 1902 2003 1982 promiserit
2034 1902 2109 1962 de
2144 1901 2479 1962 stabilitatis
2523 1922 2670 1962 suae
2720 1899 3187 1982 perseverantia,

569 2025 705 2090 post
755 2010 1026 2070 duorum
1076 2009 1389 2069 mensium
1437 2008 1739 2069 circulum
1790 2010 2028 2088 legatur
2079 2009 2131 2070 ei
2195 2010 2347 2069 haec
2412 2009 2648 2087 Regula
2712 2027 2818 2090 per
2879 2007 3186 2083 ordinem,

568 2135 624 2178 et
659 2118 894 2177 dicatur
927 2116 1014 2176 ei:
1066 2115 1220 2175 Ecce
1256 2117 1369 2193 lex,
1406 2118 1520 2176 sub
1555 2136 1678 2195 qua
1713 2115 1970 2176 militare
2005 2115 2126 2176 vis:
2163 2116 2211 2175 si
2246 2131 2418 2197 potes
2452 2119 2793 2192 observare,
2829 2114 3182 2193 ingredere;

567 2224 615 2282 si
652 2242 795 2283 vero
830 2241 960 2283 non
994 2210 1187 2303 poteS‚
1219 2222 1372 2282 liber
1404 2216 1665 2282 discede.
1715 2222 1776 2283 Si
1808 2223 2017 2283 adhuc
2047 2222 2292 2301 steterit,
2326 2238 2476 2283 tunc
2507 2223 2771 2283 ducatur
2803 2221 2868 2281 in
2899 2220 3186 2300 supradi-

569 2348 727 2391 ctam
777 2330 995 2391 cellam
1028 2329 1422 2403 novitiorum,
1456 2346 1511 2389 et
1546 2330 1769 2391 iterum
1803 2333 2098 2410 probetur
2131 2330 2194 2391 iu
2228 2330 2401 2390 omni
2435 2329 2740 2411 patientia.
2808 2329 2878 2388 Et
2910 2343 3048 2408 post
3079 2347 3186 2387 sex

567 2438 880 2498 mensium
914 2436 1237 2497 circuitum
1269 2436 1504 2515 legatur
1535 2436 1589 2496 ei
1625 2436 1897 2518 Regula;
1938 2453 2004 2498 ut
2035 2437 2182 2497 sciat
2201 2437 2277 2498 ad
2298 2438 2468 2517 quod
2503 2436 2859 2515 ingreditur.
2896 2435 2971 2494 Et
3002 2434 3050 2493 si
3071 2436 3184 2493 ad-

569 2546 692 2606 buc
724 2560 855 2622 stat,
891 2559 1028 2623 post
1061 2560 1328 2624 quatuor
1360 2563 1605 2605 menses
1638 2544 1860 2604 iterum
1894 2544 2199 2625 relegatur
2227 2544 2280 2603 ei
2315 2543 2530 2604 eadem
2566 2544 2817 2622 Regula.
2884 2542 2958 2601 Et
2989 2541 3038 2599 si
3072 2540 3186 2600 ba-

570 2652 769 2713 habita
805 2670 1015 2713 secum
1052 2650 1491 2713 deliberatione
1525 2649 1870 2733 promiserit
1903 2670 1967 2712 se
2001 2651 2207 2713 omnia
2239 2650 2565 2726 custodire,
2588 2665 2646 2711 et
2667 2665 2886 2711 cuncta
2919 2647 3031 2708 sibi
3066 2648 3185 2707 im-

569 2777 773 2839 perata
822 2779 1079 2830 servare,
1128 2776 1277 2820 tunc
1322 2758 1692 2838 suscipiatur
1737 2759 1798 2820 in
1845 2758 2364 2838 Congregatione,
2413 2758 2612 2819 sciens
2644 2777 2708 2817 se
2743 2754 2868 2832 jam
2901 2751 3190 2834 sublege

571 2866 845 2944 Regulae
879 2867 1319 2938 constitutum3
1367 2868 1538 2945 quod
1586 2866 1641 2926 ei
1675 2886 1746 2925 ex
1780 2865 1878 2926 illa
1913 2866 2010 2926 die
2045 2885 2174 2927 non
2209 2866 2383 2926 liceat
2434 2864 2641 2944 egredi
2673 2864 2749 2923 de
2784 2860 3184 2938 MonasteriO,

571 2993 683 3032 nec
736 2973 965 3033 collum
1015 2987 1294 3033 excutere
1346 2973 1421 3031 de
1473 2974 1588 3032 sub
1637 2971 1787 3050 jugo
1820 2972 2114 3053 Regulae,
2147 2989 2332 3051 quam
2368 2973 2484 3031 sub
2515 2986 2638 3031 tam
2676 2988 2922 3030 morosa
2953 2967 3184 3029 delibe-

570 3079 805 3139 ratione
839 3078 1028 3154 licuit,
1064 3093 1166 3139 aut
1199 3097 1503 3156 excusare,
1539 3094 1642 3138 aut
1674 3079 1998 3160 suspicere.

787 3185 1231 3266 Suscipiendus
1276 3201 1484 3246 autem
1520 3185 1581 3245 in
1617 3185 1905 3246 Oratorio
1940 3204 2146 3245 coram
2182 3185 2469 3245 omnibus
2503 3185 2815 3265 promittat
2847 3184 2922 3264 de
2957 3183 3182 3244 stabili-

570 3310 685 3353 tate
721 3312 850 3368 sua,
884 3308 941 3352 et
973 3291 1375 3353 conversione
1410 3311 1660 3354 morum
1694 3310 1978 3366 suorum,
2015 3307 2070 3350 et
2103 3291 2473 3366 obedientia,
2523 3309 2732 3353 coram
2769 3291 2903 3353 Deo
2936 3306 2994 3352 et
3026 3291 3184 3351 San-

572 3401 681 3460 ctis
729 3399 890 3477 ejus:
941 3415 1006 3459 ut
1053 3400 1101 3461 si
1152 3400 1485 3479 aliquando
1532 3399 1702 3459 aliter
1750 3398 1973 3472 fecerit,
2020 3401 2094 3458 ab
2129 3417 2204 3458 eo
2237 3417 2300 3458 se
2333 3398 2761 3458 damnandum
2792 3397 2957 3471 sciat,
2992 3415 3180 3476 quem

569 3507 792 3570 irridet.
857 3508 949 3567 De
997 3525 1119 3586 qua
1169 3507 1576 3587 promissione
1623 3526 1733 3566 sua
1783 3505 1960 3565 faciat
2007 3505 2364 3586 petitionem
2410 3506 2486 3564 ad
2522 3523 2756 3565 nomen
2791 3504 3182 3581 Sanctorum,

572 3634 848 3694 quorum
897 3614 1188 3694 reliquiae
1236 3614 1315 3673 ibi
1349 3630 1510 3690 sunt,
1547 3627 1606 3672 et
1643 3612 1901 3673 Abbatis
1936 3612 2285 3693 praesentis.
2352 3610 2562 3686 Quam
2597 3611 2957 3691 petitionem
2990 3630 3186 3672 manu

571 3742 681 3782 sua
716 3722 954 3800 scribat,
1006 3738 1109 3782 aut
1148 3738 1305 3781 certe
1340 3721 1388 3780 si
1425 3741 1553 3781 non
1590 3722 1699 3780 scit
1732 3721 1950 3794 literas,
1987 3720 2134 3780 alter
2166 3723 2240 3780 ab
2272 3739 2351 3780 eo
2385 3734 2636 3798 rogatus
2669 3720 2906 3780 scribat.
2975 3719 3047 3779 Et
3080 3718 3180 3779 ille

574 3827 843 3889 novitius
888 3828 1141 3909 signum
1189 3829 1386 3901 faciat,
1433 3844 1490 3888 et
1540 3847 1728 3888 manu
1762 3847 1869 3887 sua
1904 3846 2040 3888 eam
2073 3846 2261 3907 super
2292 3828 2475 3888 altare
2510 3842 2717 3908 ponat.
2785 3825 2995 3901 Quam
3028 3826 3178 3886 dum

572 3936 866 4016 posuerit,
916 3936 1159 4017 incipiat
1193 3937 1320 4016 ipse
1354 3934 1624 3996 novitius
1656 3953 1800 3994 mox
1835 3935 2003 3994 bunc
2036 3953 2320 3995 versum:
2373 3934 2625 4015 Susctpe
2656 3955 2748 3994 me
2781 3933 3050 3995 Domine
3079 3953 3180 3993 se-

572 4045 833 4103 cundum
886 4043 1189 4122 eloquium
1238 4050 1427 4114 tuum,
1473 4048 1535 4101 et
1574 4045 1767 4101 vivam
1788 4064 1820 4114 ,·
1880 4048 1941 4101 et
1983 4062 2101 4102 non
2151 4042 2493 4120 confundas
2539 4062 2632 4102 me
2667 4040 2742 4100 ab
2773 4043 3183 4124 expectatione

572 4173 719 4211 mea.
788 4152 1000 4226 Quem
1050 4169 1297 4211 versum
1349 4150 1554 4211 omnis
1599 4149 2019 4231 Congregatio
2069 4150 2247 4210 tertio
2301 4151 2689 4230 respondeat,
2741 4149 3177 4230 adjungentes:

573 4257 802 4318 Gloria
838 4258 1040 4332 Patri,
1074 4275 1183 4321 etc,
1244 4259 1432 4319 Tunc
1480 4257 1577 4317 ille
1611 4258 1791 4317 frater
1824 4256 2092 4319 novitius
2128 4272 2547 4338 prosternatur
2581 4257 2972 4335 singulorum
3009 4255 3178 4337 pedi-

570 4368 704 4434 bus,
758 4381 823 4426 ut
870 4382 1046 4424 orent
1093 4386 1204 4446 pro
1252 4384 1358 4438 eo;
1410 4381 1467 4425 et
1516 4364 1634 4440 jam
1668 4385 1738 4424 ex
1771 4364 1872 4424 illa
1907 4364 2002 4425 die
2038 4365 2099 4425 in
2133 4362 2631 4446 Congregetione
2664 4379 2994 4444 reputetur.
3058 4365 3179 4424 Res

571 4473 619 4533 si
656 4493 808 4553 quas
844 4474 1041 4546 babet,
1088 4489 1191 4533 aut
1223 4489 1431 4552 eroget
1466 4472 1634 4553 prius
1669 4472 2063 4552 pauperibuS,
2114 4488 2217 4532 aut
2251 4471 2400 4532 facta
2433 4470 2794 4531 solemniter
2828 4470 3178 4546 donatione,

572 4580 842 4641 conferat
876 4579 1276 4653 Monasterio,
1333 4578 1483 4638 nihil
1537 4577 1650 4638 sibi
1703 4598 2017 4639 reservans
2066 4599 2137 4639 ex
2185 4580 2512 4639 omnibus:
2564 4579 2796 4658 quippe
2829 4578 2933 4657 qui
2969 4596 3041 4637 ex
3073 4577 3180 4637 illo

468 4714 518 4751 ⁴0
574 4687 672 4747 die
717 4707 829 4747 nec
877 4686 1107 4767 proprii
1146 4685 1422 4767 corporis
1456 4701 1811 4766 potestatem
1846 4705 1909 4745 se
1944 4685 2296 4746 habiturum
2332 4685 2498 4746 sciat.
2565 4686 2710 4745 Mox
2744 4682 2893 4762 ergo
2928 4684 2991 4743 in
3026 4686 3180 4744 Ora-

573 4795 732 4856 torio
780 4810 1033 4855 exuatur
1079 4797 1263 4854 rebus
1311 4791 1590 4873 propriiS,
1641 4791 1870 4871 quibus
1902 4792 2155 4853 vestitus
2188 4807 2293 4861 est,
2330 4808 2387 4852 et
2419 4792 2706 4853 induatur
2741 4794 2925 4851 rebus
2960 4792 3179 4851 Mona-

572 4901 751 4963 sterii.
815 4897 917 4961 Illa
965 4916 1171 4961 autem
1218 4899 1596 4975 vestimenta,
1645 4899 1877 4978 quibus
1925 4914 2143 4960 exutus
2192 4914 2297 4974 est,
2354 4896 2733 4978 reponantur
2785 4897 2846 4957 in
2898 4895 3183 4959 vestiario
