3684 5416
388 1672 438 1705 10

387 2205 435 2250 ¹5

381 2746 436 2778 20

379 3280 431 3324 ²5

379 3816 432 3859 30

378 4350 426 4394 35

1496 396 1763 452 Pontifex
1802 416 2094 453 romanus.
3003 423 3102 474 411

497 579 751 640 domine
799 579 978 640 nobis
1025 600 1056 639 a
1105 580 1223 640 deo
1258 579 1462 640 multis
1497 582 1884 662 temporibus
1917 584 2334 663 concedende,
2368 604 2588 646 omnes
2622 587 2921 648 habemus
2955 588 3116 650 fidu·

496 687 669 748 ciam.
704 707 843 748 ecce
877 685 1165 748 eventum
1201 687 1534 769 lugubrem
1569 689 1996 766 indicavimus,
2031 691 2174 771 quia
2209 693 2283 752 ad
2321 709 2590 754 nostram
2615 696 3107 757 consolationem

495 794 844 854 humanum
879 794 1021 855 alibi
1056 814 1183 855 non
1218 796 1520 857 habemus
1551 796 1939 876 confugium.
2003 799 2063 878 [1.
2101 819 2149 860 c.
2185 819 2318 880 pag.
2352 799 2655 880 49—5o.]

1025 973 1101 1034 C.
1151 973 1276 1034 LX.
1339 974 1440 1035 De
1471 975 1760 1036 electione
1785 978 2108 1056 pontificis
2141 979 2226 1038 acl
2252 979 2590 1039 exarchvm.

707 1116 1175 1196 Svperscreptio.
1246 1116 1516 1177 Domino
1564 1118 2073 1179 excellentissimo
2133 1137 2316 1201 atque
2370 1122 2909 1201 precellentissimo
2964 1141 3021 1185 et
3078 1146 3110 1184 a

494 1222 612 1281 deo
658 1222 837 1282 nobis
884 1221 1227 1302 longeviter
1271 1224 1335 1285 in
1384 1224 1826 1306 principalibus
1875 1227 2225 1288 ministeriis
2260 1228 2511 1290 feliciter
2543 1233 2992 1306 conservandO,
3029 1232 3112 1293 ill·

495 1329 756 1389 exarcho
789 1329 951 1390 ltalie
997 1329 1336 1411 presbiteri,
1389 1331 1635 1392 diaconi
1689 1349 1747 1393 et
1798 1332 2108 1394 familiaris
2161 1335 2484 1397 universus
2519 1336 2736 1412 cleruS,
2773 1337 3115 1399 axiomatici

494 1434 673 1495 etiam
720 1455 828 1496 seu
879 1437 1176 1498 exercitus
1221 1453 1279 1498 et
1329 1438 1603 1519 populus
1639 1440 1825 1499 huius
1860 1441 2179 1502 Romanae
2215 1443 2382 1502 urbis
2415 1442 2740 1524 supplices.
2795 1477 2878 1487 —
2929 1444 3116 1504 Novit

496 1543 779 1603 humanis
838 1545 1021 1605 rebus
1072 1541 1455 1625 providentia
1501 1565 1857 1606 succurrere
1904 1563 1963 1607 et
2010 1548 2381 1609 merentium
2428 1549 2608 1610 fletus
2656 1568 2724 1609 ac
2755 1550 3020 1629 gemitus
3052 1550 3114 1611 in

492 1650 856 1711 exultatione
920 1667 1274 1711 convertere
1326 1667 1393 1712 ut
1438 1652 1546 1732 qui
1599 1671 1798 1733 nuper
1850 1657 2400 1716 consternabantur
2450 1655 2653 1717 afflicti
2706 1657 3110 1737 postmodum

491 1773 819 1836 appareant
867 1757 1128 1818 nimium
1179 1759 1499 1820 consolati.
1548 1761 1823 1820 canentis
1876 1761 2041 1821 enim
2096 1761 2256 1842 regis
2303 1781 2447 1824 sunt
2479 1763 2635 1824 dicta
2671 1784 2830 1843 quae
2862 1780 3109 1826 sanctus

491 1863 736 1943 spiritus
782 1864 858 1924 de
901 1867 1138 1945 templo
1187 1866 1561 1946 prophetalis
1608 1867 1811 1927 cordis
1857 1866 2166 1927 insonuit:
2219 1870 2304 1928 ad
2344 1879 2656 1950 vesperum
2691 1870 3119 1931 demorabitur

472 1970 673 2047 fletus
718 1978 779 2029 et
821 1972 907 2030 ad
946 1975 1312 2032 matutinum
1347 1973 1622 2034 letitiam.
1659 1973 1767 2052 qui
1801 1991 1859 2034 et
1891 1974 2116 2035 iterum
2153 1976 2372 2052 gratias
2408 1975 2731 2038 referendo
2766 1978 2883 2037 deo
2919 1979 3104 2038 bene-

493 2075 774 2136 ficiorum
825 2078 957 2137 eius
1002 2077 1525 2157 magnificentiam
1561 2079 1723 2139 canit
1756 2094 1812 2140 et
1847 2079 2025 2140 dicit:
2075 2084 2434 2141 convertisti
2448 2082 2771 2163 planctum
2806 2105 3000 2144 meum
3036 2087 3100 2144 in

482 2184 785 2262 gaudium
819 2183 996 2257 mihi,
1028 2186 1396 2245 conscidisti
1422 2207 1665 2246 saccum
1700 2207 1894 2246 meum
1929 2194 1990 2246 et
2007 2190 2389 2267 precinxisti
2415 2208 2509 2249 me
2542 2189 2826 2263 letitiam,
2860 2197 2929 2250 ut
2957 2213 3110 2250 can-

490 2294 603 2348 tem
651 2290 771 2350 tibi
803 2290 1019 2369 gloria
1064 2311 1196 2350 mea
1243 2298 1304 2351 et
1331 2313 1450 2352 non
1484 2302 1867 2373 conpungar,
1902 2296 2030 2374 ipsi
2058 2293 2225 2353 enim
2260 2315 2412 2354 cura
2445 2296 2518 2354 de
2550 2296 2726 2356 nobis
2759 2303 2870 2369 est,
2905 2311 2971 2356 ut
3005 2316 3109 2356 vas

490 2394 804 2457 electionis
851 2415 907 2458 et
954 2417 1093 2458 vere
1141 2397 1281 2459 fidei
1331 2415 1541 2459 monet
1573 2399 1904 2479 integritas,
1943 2400 2052 2480 qui
2086 2420 2338 2481 queque
2371 2418 2516 2462 sunt
2548 2402 2815 2462 tristitiae
2850 2403 2926 2462 ad
2959 2423 3113 2480 gau-

489 2501 664 2564 dium
712 2504 1065 2565 miserando
1112 2505 1409 2585 perducit,
1460 2506 1633 2586 quod
1680 2523 1738 2567 et
1788 2507 1969 2567 nobis
2001 2507 2236 2588 exiguis
2268 2524 2327 2568 et
2361 2508 2783 2589 peccatoribus
2817 2527 3003 2589 opem
3037 2510 3114 2570 de

490 2607 620 2668 eius
655 2610 1066 2672 misericordia
1104 2612 1580 2692 prestolantibus
1613 2613 1887 2692 dignatio
1921 2615 2156 2675 celestis
2189 2614 2434 2675 exibuit.
2483 2615 2711 2675 etenim
2745 2614 3110 2696 pontificalis

490 2719 824 2780 memoriae
872 2719 951 2780 ill·
999 2720 1462 2801 depresentibus
1509 2721 1671 2781 curis
1718 2722 1793 2782 ad
1845 2739 2116 2783 eternam
2153 2724 2433 2803 requiem
2467 2740 2741 2800 evocat0,
2781 2741 2844 2785 ut
2877 2724 3112 2786 adsolet

488 2825 775 2886 humanis
824 2828 1005 2887 rebus
1056 2827 1349 2903 accidere,
1413 2845 1639 2907 magna
1685 2848 1798 2889 nos
1845 2828 2222 2891 tristitiarum
2274 2831 2471 2890 moles
2523 2830 2924 2890 obstrinxerat
2960 2849 3102 2911 pro-

486 2933 619 3013 prio
652 2933 1102 3015 dispensatores
1136 2932 1516 3014 frust[r]at03.
1551 2936 1659 2996 sed
1696 2954 1823 2997 non
1860 2936 1967 2996 diu
2003 2936 2063 2997 in
2096 2936 2428 2997 afflictione
2464 2935 2780 3019 persistere
2815 2953 3108 2997 consueta

489 3039 585 3099 dei
620 3040 810 3101 nostri
846 3040 1185 3118 benignitas
1218 3057 1532 3121 sperantes
1564 3041 1629 3102 in
1660 3062 1725 3103 se
1769 3043 2132 3123 dereliquid.
2183 3044 2389 3104 triduo
2439 3045 2604 3105 enim
2652 3044 2832 3105 nobis
2877 3043 3111 3121 exiguis

487 3145 551 3206 in
599 3146 875 3208 oratione
922 3148 1333 3226 manentibuS,
1381 3164 1449 3210 ut
1481 3149 1772 3211 omnium
1809 3151 2038 3212 meritis
2072 3151 2311 3214 celestis
2343 3151 2620 3231 dignatio
2654 3151 3104 3212 demonstraret

485 3271 673 3333 quem
708 3254 971 3334 dignum
1004 3256 1077 3316 ad
1112 3257 1568 3317 successionem
1599 3258 1936 3337 apostolice
1961 3258 2109 3319 vicis
2133 3259 2336 3320 iubeat
2357 3258 2734 3339 eligendum,
2755 3257 2886 3319 eius
2905 3256 3122 3344 gratia,

488 3360 857 3440 suffragante
907 3379 964 3422 et
1011 3362 1297 3423 omnium
1334 3363 1556 3423 animis
1589 3364 1946 3443 inspirante,
1998 3364 2056 3424 in
2105 3385 2234 3425 uno
2280 3366 2791 3427 convenientibus
2839 3366 3019 3426 nobis
3054 3385 3093 3425 u

490 3467 681 3527 moris
728 3484 838 3545 est,
888 3467 1199 3530 familiaris
1248 3469 1391 3530 cleri
1437 3485 1496 3530 et
1529 3469 1740 3550 plebis,
1778 3490 2105 3551 procerum
2153 3472 2334 3532 etiam
2383 3486 2441 3531 et
2489 3472 2760 3531 militaris
2794 3471 3118 3552 presentia,

494 3573 544 3635 si
589 3574 707 3634 dici
755 3575 991 3637 licitum
1036 3593 1125 3637 est
1172 3598 1203 3637 a
1239 3595 1429 3656 parvo
1463 3596 1664 3656 usque
1698 3577 1773 3636 ad
1809 3595 2130 3655 magnum,
2166 3576 2231 3636 in
2266 3596 2593 3660 personam
2633 3577 2713 3637 ill·
2747 3577 3112 3638 sanctissimi

493 3682 680 3743 liuius
725 3698 967 3745 sanctae
1013 3682 1348 3765 apostolice
1398 3682 1560 3744 sedis
1610 3684 1893 3744 Romane
1942 3685 2230 3745 ecclesiae
2278 3684 2693 3745 archidiaconi
2728 3684 2847 3745 deo
2881 3704 3109 3765 coope-

488 3805 657 3850 rante
708 3806 765 3850 et
813 3793 1136 3851 beatorum
1188 3791 1618 3872 apostolorum
1669 3790 1892 3851 annisu
1946 3791 2253 3852 concurrit
2300 3807 2486 3870 atque
2533 3790 2846 3850 consensit
2878 3790 3109 3852 electio,

487 3895 663 3956 cuius
712 3896 831 3958 deo
878 3897 1156 3958 amabilis
1202 3896 1312 3957 viri
1345 3913 1587 3958 tantum
1621 3897 1840 3957 meruit
1876 3897 2040 3978 apud
2076 3897 2365 3959 omnium
2404 3896 2811 3957 conscientias
2857 3899 3023 3957 bone
3066 3914 3123 3958 et

490 4003 714 4082 pudice
749 4004 1238 4065 conversationis
1269 4004 1588 4085 profectiO,
1613 4021 1681 4064 ut
1713 4004 1924 4065 nullus
1970 4004 2034 4065 in
2069 4005 2200 4065 eius
2231 4004 2564 4065 lectionem
2599 4003 2939 4082 dissideret,
2976 4005 3114 4064 nul-

489 4108 585 4169 lus
630 4112 866 4170 abesset
914 4110 1199 4171 nullusve
1247 4131 1310 4171 se
1357 4111 1563 4192 ipsum
1611 4111 2011 4172 subtraheret.
2065 4131 2256 4191 quem
2302 4110 2467 4171 enim
2516 4111 2592 4171 ad
2627 4111 2747 4171 hoc
2784 4109 3121 4192 apostolice

488 4217 634 4278 vicis
683 4217 958 4279 officium
1009 4218 1505 4299 incomparabilis
1553 4234 1736 4300 atque
1785 4218 2144 4280 indeficiens
2191 4219 2288 4280 dei
2322 4219 2512 4280 nostri
2550 4218 2946 4299 providentia
2983 4236 3119 4297 pre-

488 4323 861 4386 destinatum
896 4326 1209 4402 habuerat,
1253 4326 1577 4406 quomodo
1612 4344 1741 4386 non
1776 4341 1835 4386 et
1871 4326 2159 4387 humanis
2188 4326 2503 4387 mentibus
2538 4325 2851 4386 unanimis
2884 4343 3109 4385 conso-

494 4432 699 4493 nantia
754 4433 1149 4494 conveniret?
1201 4433 1371 4513 quod
1422 4433 1640 4515 procul
1674 4434 1867 4496 dubio
1902 4434 1963 4495 in
1997 4434 2092 4496 dei
2128 4434 2431 4515 presentia
2464 4435 2788 4494 tenebatur
2819 4432 3115 4494 adfixum.

489 4540 667 4600 cuius
714 4556 771 4600 et
826 4540 1061 4601 decreta
1110 4540 1490 4601 sollemniter
1536 4540 1824 4602 facientes
1871 4556 1930 4601 et
1977 4542 2276 4602 desideria
2323 4540 2605 4601 cordium
2641 4541 2795 4601 circa
2830 4541 2962 4601 eius
2996 4540 3121 4600 ele-

491 4647 762 4708 ctionem
817 4667 1118 4708 manuum
1170 4647 1727 4727 subscriptionibus
1781 4648 2235 4726 confirmantes,
2306 4668 2412 4729 per
2478 4649 2700 4708 harum
2750 4647 2974 4707 latores
3035 4645 3119 4705 ill·

489 4753 946 4815 sanctissimum
994 4754 1377 4836 episcopum,
1414 4754 1495 4815 ill·
1530 4755 1947 4815 venerabilem
1984 4756 2415 4836 presbiterum,
2452 4754 2534 4815 ill·
2571 4753 2882 4816 notarium
2919 4771 3121 4833 regio-

378 4884 435 4925 40
487 4862 751 4939 narium,
815 4861 894 4922 ill·
942 4863 1185 4943 adeque
1231 4863 1679 4924 subdiaconum
1743 4863 2180 4941 regionarium,
2244 4863 2326 4923 ill·
2376 4878 2434 4922 et
2482 4860 2564 4922 ill·
2615 4861 2777 4921 viros
2825 4860 3121 4920 honestos

490 4963 649 5029 cives
672 4986 730 5030 et
750 4969 826 5030 de
846 4959 1278 5030 florentissimo
1294 4985 1477 5049 atque
1498 4968 1846 5030 felicissimo
1866 4970 2156 5029 Romano
2174 4968 2436 5029 exercitu
2459 4967 2538 5028 ill·
2558 4966 3120 5027 eminentissimum
