3684 5416
304 1563 360 1594 10

304 2099 354 2142 Ι5

300 2633 362 2666 20

308 3169 362 3212 ²5

309 3702 368 3746 30

314 4237 367 4279 35

1052 392 1320 446 Potestas
1358 389 1740 446 ecclesiastica
1780 404 1836 446 et
1875 389 2178 463 imperium
2218 391 2394 447 civile.
2958 392 3027 464 85

409 596 640 638 aeuum
673 576 738 637 in
772 576 885 636 hac
914 576 1051 637 luce
1085 575 1370 637 conficiat
1401 593 1470 636 ac
1485 575 1657 636 'iusta
1679 576 1950 657 populos
1970 579 2268 657 potestate
2288 552 2646 638 moderetur
2666 593 2725 638 et
2744 594 3031 658 pacatum

414 683 677 744 maxime
712 680 951 764 imperii
982 683 1077 743 sui
1113 697 1362 764 tempus
1392 681 1677 760 accipian
1715 683 1941 744 deinde
1977 703 2089 764 pro
2121 684 2316 744 salute
2350 684 2617 745 militum
2650 701 2710 746 et
2741 705 2855 766 pro
2873 701 3032 747 statu

413 790 638 851 mundi
669 805 731 851 et
763 789 948 851 orbiS.
984 812 1042 869 4.
1066 790 1413 852 Martianus
1445 789 1556 850 ait:
1591 789 1762 851 Haec
1794 805 1856 850 et
1888 790 2014 871 ipse
2047 791 2368 866 collaud03
2418 792 2525 852 sed
2562 807 2629 852 ut
2659 792 3033 873 obsequium

410 912 591 957 tuum
615 897 861 978 plenius
887 897 1219 978 imperator
1239 912 1549 975 agnoscat,
1581 896 1948 957 sacrificium
1968 896 2052 958 illi
2072 897 2246 958 solue
2268 898 2613 960 nobiscum.
2661 922 2714 979 5.
2738 900 3033 962 Achatius

417 1004 600 1065 dixit:
648 1003 794 1083 Ego.
832 1003 1166 1065 dominum
1203 1022 1438 1081 meum,
1468 1004 1578 1084 qui
1609 1019 1701 1064 est
1732 1023 1918 1064 uerus
1950 1019 2008 1066 et
2038 1024 2325 1084 magum,
2360 1025 2472 1086 pro
2504 1007 2697 1068 salute
2730 1007 2886 1086 regis
2919 1010 3031 1069 ob-

413 1126 628 1184 testor,
680 1111 1046 1171 sacrificium
1104 1129 1258 1172 uero
1292 1128 1406 1171 nec
1439 1110 1537 1171 ille
1568 1111 1826 1191 exigere,
1864 1129 1979 1172 nec
2013 1130 2128 1172 nos
2160 1111 2459 1173 debemus
2491 1115 2830 1176 exsoluere.
2895 1115 3034 1194 quis

421 1219 594 1280 enim
628 1218 869 1280 homini
902 1238 1069 1279 sacra
1102 1219 1458 1300 persoluat?
1506 1222 1566 1281 6.
1601 1220 1942 1281 Martianus
1971 1219 2083 1279 ait:
2121 1219 2474 1301 Responde,
2507 1221 2606 1281 cui
2638 1221 2761 1282 deo
2788 1240 3035 1303 precem

417 1326 669 1387 fundis?
702 1341 769 1388 ut
805 1326 918 1408 ipsi
952 1327 1134 1387 etiam
1167 1345 1284 1387 nos
1315 1344 1485 1387 sacra
1518 1326 1865 1388 reddamus,
1902 1327 2199 1387 Achatius
2219 1327 2396 1389 dixit:
2435 1329 2567 1408 Ego
2600 1329 2787 1390 deum
2823 1348 3031 1391 meum

416 1449 569 1515 opto
600 1448 659 1495 te
691 1434 842 1495 scire
875 1435 1047 1515 quod
1086 1434 1280 1515 prosit
1322 1449 1382 1495 et
1412 1434 1599 1494 deum
1621 1433 1729 1513 qui
1748 1450 1839 1494 est
1861 1453 2047 1494 uerus
2067 1454 2420 1513 agnoscere.
2455 1457 2514 1502 7·
2551 1434 2890 1496 Martianus
2921 1436 3032 1498 ait:

421 1541 675 1602 Nomen
725 1540 857 1602 eius
893 1541 1053 1602 ‘mihi
1101 1540 1372 1602 enuntia.
1439 1540 1735 1602 Achatius
1766 1540 1951 1601 dixit:
2005 1540 2174 1601 Deus
2207 1542 2540 1620 Abraham,
2587 1544 2740 1604 deus
2782 1543 2943 1604 Isaac
2976 1559 3035 1604 et

414 1648 570 1708 deus
589 1647 790 1711 Iacob.
828 1650 886 1710 8.
909 1648 1250 1709 Martianus
1282 1647 1394 1709 ait:
1435 1648 1711 1709 Deorum
1732 1646 1845 1709 ista
1866 1664 2012 1709 sunt
2031 1647 2321 1710 nomina?
2356 1649 2650 1711 Achatius
2682 1651 3032 1731 respondit:

415 1756 564 1815 Non
599 1755 713 1833 isti,
747 1755 855 1816 sed
888 1755 995 1835 qui
1026 1756 1275 1817 locutus
1308 1771 1399 1816 est
1431 1755 1579 1832 istiS‚
1615 1755 1713 1816 ille
1746 1770 1836 1816 est
1868 1756 2023 1816 deus
2044 1775 2258 1830 uerus,
2288 1756 2461 1818 illum
2480 1757 2693 1818 timere
2714 1758 3033 1820 debemus,

419 1883 476 1942 9.
501 1862 840 1922 Martianus
861 1862 972 1922 ait:
1009 1862 1170 1937 Quis
1194 1877 1285 1923 est
1308 1861 1454 1923 iste?
1475 1861 1793 1943 respondit
1811 1862 2135 1923 Achatius:
2158 1862 2508 1925 Altissimus
2528 1864 2792 1943 Adonai,
2814 1866 3036 1926 sedens

417 1984 608 2049 super
638 1968 967 2030 cherubim
1000 1983 1060 2030 et
1090 1967 1421 2050 seraphim.
1500 1988 1594 2029 10.
1639 1967 1980 2030 Martianus
2020 1970 2130 2030 ait:
2181 1968 2351 2044 Quid
2399 1985 2490 2031 est
2538 1970 2888 2052 seraphim?
2938 1972 3035 2032 cui

423 2076 751 2136 Achatius:
786 2075 1085 2137 Altissimi
1119 2076 1218 2137 dei
1251 2075 1526 2136 minister
1555 2091 1615 2136 et
1647 2076 1917 2137 excelsae
1951 2075 2109 2137 sedis
2140 2076 2408 2137 antistes„

633 2182 699 2243 11.
729 2182 1070 2245 Martianus
1090 2182 1205 2242 ait:
1241 2182 1421 2257 Quae
1444 2198 1502 2242 te
1522 2181 1951 2264 philosophiae
1976 2182 2307 2264 disputatio
2328 2202 2489 2243 uana
2509 2183 2784 2264 decepit?
2816 2203 3036 2265 sperne

422 2288 780 2364 inuisibilia3
818 2288 1027 2369 potius
1060 2289 1215 2350 deos
1250 2307 1436 2350 ueros
1469 2307 1629 2369 quos
1662 2288 1880 2370 aspicis
1911 2306 2305 2369 recognosce.
2358 2290 2675 2370 respondit
2705 2291 3033 2353 Achatius:

425 2395 555 2470 Qui
577 2412 723 2457 sunt
742 2396 828 2457 dii
849 2396 1076 2476 quibus
1099 2394 1434 2456 sacrificare
1454 2415 1553 2457 me
1577 2396 1912 2477 praecipis?
1949 2415 2002 2457 2.
2026 2395 2366 2457 Martianus
2386 2396 2497 2457 ait:
2532 2396 2807 2477 Apollini
2827 2417 3035 2458 serua-

420 2502 541 2563 tori
576 2518 812 2581 nostro,
849 2502 1024 2563 famis
1045 2518 1105 2564 et
1131 2503 1511 2584 pestilentiae
1532 2503 1867 2584 depulsori,
1902 2522 2010 2584 per
2029 2522 2217 2583 quem
2238 2503 2444 2564 omnis
2463 2505 2741 2566 mundus
2759 2521 3038 2566 seruatur

429 2625 488 2669 et
508 2610 759 2689 regitur.
800 2630 854 2690 3.
877 2610 1194 2692 respondit
1220 2611 1548 2671 Achatius:
1583 2611 1672 2671 llli
1691 2626 1921 2686 uestro,
1956 2625 2026 2671 ut
2047 2610 2287 2691 putatiS,
2307 2610 2659 2692 interpreti?
2691 2611 2799 2691 qui
2832 2611 3036 2672 infelix

425 2737 569 2780 cum
604 2716 844 2799 puellae
876 2738 1086 2781 amore
1121 2719 1401 2797 flagraret
1431 2720 1713 2780 currebat
1743 2718 2058 2797 attonituS,
2091 2718 2340 2799 ignarus
2373 2719 2755 2800 perditurum
2776 2739 2839 2779 se
2861 2735 3036 2800 opta·

420 2825 719 2897 tissimam
753 2827 1062 2907 praedam.
1094 2840 1382 2906 apertum
1418 2840 1506 2887 est
1539 2826 1743 2905 itaque
1777 2825 1922 2906 quia
1955 2845 2069 2886 nec
2102 2825 2485 2886 diuinusfuit
2505 2826 2610 2905 qui
2632 2826 2742 2886 ista
2763 2826 3038 2901 nesciuit,

425 2951 540 2993 nec
573 2932 728 2992 deus
761 2950 952 3013 quem
987 2933 1189 3014 puella
1228 2932 1485 3013 decepit.
1551 2953 1612 3011 4.
1663 2952 1778 2993 nec
1820 2933 1919 2993 hic
1950 2933 2154 2994 solum
2192 2933 2439 2994 dolores
2472 2932 2725 3013 excepit,
2759 2934 2866 2994 sed
2900 2942 3035 2995 cru-

423 3039 640 3100 deliori
694 3038 870 3099 illum
921 3039 1150 3101 damno
1183 3054 1332 3101 mox
1366 3039 1616 3102 fortuna
1662 3039 1963 3101 multauit.
2031 3058 2175 3100 nam
2219 3053 2284 3099 ut
2316 3056 2441 3100 erat
2472 3040 2666 3120 turpis
2699 3040 2761 3101 in
2795 3060 3040 3121 puer05‚

424 3146 627 3208 forma
661 3144 995 3226 Hyacinthi
1046 3146 1370 3207 cuiusdam
1419 3161 1650 3227 captus,
1703 3160 1769 3206 ut
1815 3148 1972 3207 bene
2005 3146 2215 3222 nostiS‚
2269 3146 2519 3207 incaluit
2550 3163 2609 3208 et
2641 3148 2823 3209 miser
2854 3163 3037 3228 atque

427 3253 679 3332 ignarus
726 3251 915 3313 futuri
946 3253 1118 3315 disco
1139 3253 1318 3315 illum
1343 3273 1529 3334 quem
1554 3255 1801 3334 optabat
1821 3254 2032 3315 uidere
2052 3254 2293 3315 occidit.
2352 3274 2400 3333 5.
2436 3254 2550 3336 ipsi
2577 3255 2850 3333 quicum
2869 3256 3039 3336 Nep-

425 3375 585 3422 tuno
618 3360 965 3441 aliquando.
987 3360 1263 3437 seruiuit,
1300 3360 1412 3441 ipsi
1446 3360 1553 3441 qui
1585 3360 1783 3422 aliena
1817 3380 2038 3442 pecora
2072 3361 2359 3434 seruauit,
2401 3361 2545 3422 huic
2575 3361 2908 3423 sacrificare
2941 3381 3040 3422 me

429 3465 764 3548 praecipis?
796 3486 876 3527 an
912 3465 1286 3548 Aesculapio
1322 3465 1668 3541 fulminatO,
1702 3485 1782 3526 an
1815 3465 2126 3526 adulterae
2148 3466 2372 3526 Veneri
2405 3481 2465 3527 et
2496 3467 2796 3548 portentis
2828 3468 3042 3529 ceteris

430 3572 792 3634 sacrificium
814 3574 1207 3655 impendam?
1243 3574 1300 3635 6.
1319 3573 1420 3633 uel
1444 3574 1526 3635 ob
1543 3572 1729 3633 huius
1749 3573 1908 3634 uitae
1927 3572 2157 3634 exitum
2177 3574 2449 3634 adorabo
2467 3592 2584 3651 ego
2602 3592 2709 3633 eos
2728 3593 2889 3653 quos
2910 3593 3040 3635 non

433 3681 658 3759 dignor
689 3679 947 3741 imitari?
1000 3698 1160 3761 quos
1194 3695 1550 3757 contemno,
1600 3699 1760 3759 quos
1792 3699 2035 3755 accuso,
2071 3700 2232 3759 quos
2262 3680 2522 3753 horreo:
2573 3699 2845 3760 quorum
2890 3679 3043 3740 facta

429 3805 597 3849 nunc
647 3788 698 3847 si
748 3787 888 3867 quis
937 3788 1233 3864 admittat,
1285 3807 1440 3849 num
1485 3787 1870 3848 seueritatem
1917 3786 2069 3865 legis
2103 3803 2340 3848 uestrae
2373 3787 2595 3868 poterit
2625 3786 2934 3865 effugere?
2985 3803 3043 3847 et

431 3895 624 3956 modo
657 3894 722 3954 in
754 3894 883 3955 aliis
916 3895 1111 3956 colitis
1141 3914 1301 3975 quae
1331 3894 1392 3955 in
1414 3894 1543 3955 aliis
1569 3894 1926 3955 uindicatis?
1961 3915 2018 3959 7.
2041 3894 2381 3955 Martianus
2400 3894 2509 3954 ait:
2544 3894 3042 3956 Christianorum

427 4001 822 4062 consuetudo
873 4016 965 4061 est
1025 4002 1221 4063 multa
1271 4001 1332 4062 in
1383 4003 1533 4063 deos
1580 4016 1827 4063 nostros
1872 4001 2189 4062 maledicta
2237 4000 2567 4081 configere.
2631 4015 2953 4083 propterea
2984 4017 3042 4061 te

433 4108 649 4168 uenire
681 4126 926 4169 mecum
960 4110 1035 4171 ad
1069 4109 1291 4170 Iouem
1325 4109 1755 4188 Iunonemque
1788 4107 2112 4190 praecipio,
2145 4123 2211 4168 ut
2243 4108 2426 4169 simul
2457 4108 2833 4170 celebrantes
2865 4109 3043 4170 dulce

433 4214 798 4275 conuiuium
834 4215 1196 4277 numinibus
1256 4236 1416 4296 quae
1449 4232 1595 4277 sunt
1628 4216 1811 4295 digna
1846 4215 2194 4276 reddamus.
2260 4217 2316 4277 8.
2366 4216 2685 4296 respondit
2715 4216 3041 4278 Achatius:

433 4320 784 4396 Quomodo
827 4322 924 4383 hic
957 4322 1314 4384 sacrificabo
1349 4324 1436 4384 illi
1469 4324 1644 4384 cuius
1677 4323 2030 4404 sepulcrum
2064 4342 2195 4383 esse
2228 4337 2465 4383 constat
2495 4322 2557 4383 in
2592 4323 2811 4384 Creta?
2861 4342 3044 4384 num-

431 4429 579 4508 quid
614 4429 939 4490 resurrexit
970 4451 1002 4490 a
1036 4430 1332 4492 mortuis?
2245 4412 2248 4415 Δ

643 4536 737 4598 111.
794 4537 1136 4599 Martianus
1188 4537 1304 4598 ait:
1363 4543 1490 4599 Aut
1535 4537 1842 4615 sacrificia,
1896 4554 1999 4598 aut
2045 4555 2302 4600 morere.
2368 4537 2683 4618 respondit
2713 4536 3040 4597 Achatius:

433 4642 602 4703 Haec
635 4658 695 4703 et
727 4643 1044 4705 Dalmatae
1079 4643 1332 4719 faciunt,
1368 4643 1769 4705 latrocinandi
1801 4659 1926 4704 arte
1959 4644 2271 4704 callentes:
2323 4644 2427 4704 ubi
2459 4643 2770 4724 angustias
2804 4644 3044 4704 uiarum

436 4764 494 4810 et
539 4765 766 4810 secreta
815 4750 1044 4811 itineris
1091 4751 1225 4811 loca
1259 4752 1614 4812 obsederint
1645 4752 1722 4812 ad
1757 4751 2126 4825 necandum,
2168 4766 2479 4812 uenantur
2523 4750 2803 4829 singulos
2847 4765 3043 4810 trans-

437 4872 671 4932 euntes,
707 4872 766 4917 et
799 4857 905 4917 ubi
937 4858 1202 4938 quisque
1236 4858 1435 4919 uiator
1465 4858 1611 4919 illuc
1644 4858 1867 4938 pedem
1898 4856 2122 4935 tulerit,
2157 4857 2269 4917 hac
2300 4857 2582 4938 pactione
2605 4856 3045 4935 constringitur

436 4979 501 5023 ut
551 4979 656 5024 aut
689 4963 1021 5044 pecuniam
1053 4964 1360 5044 relinquat
1392 4980 1496 5025 aut
1529 4965 1740 5027 uitam.
1805 4984 1993 5026 nemo
2026 4963 2229 5044 itaque
2263 4963 2344 5024 ibi
2377 4964 2525 5044 quid
2559 4964 2635 5023 sit
2667 4962 2918 5023 rationis
2951 4964 3047 5023 in-
