3684 5416
488 1526 535 1558 10

490 2065 533 2108 ¹5

482 2599 537 2631 20

490 3139 540 3183 25

495 3869 548 3911 ἰο

495 4414 545 4461 35

495 4950 550 4992 4ο

588 360 695 428 416
1608 359 1875 414 Pontifex
1917 375 2209 413 romanus,

573 544 666 628 ⁸ab
717 545 890 604 omni
938 544 1344 605 ecclesiastico
1388 545 1605 624 gradu,
1652 545 1713 605 in
1761 563 2143 624 quocunque
2192 543 2362 623 prius
2411 545 2624 618 iuerat,
2673 543 2805 603 sine
2852 543 3213 603 retractione

591 651 953 731 deponatur.
1014 652 1134 713 Cui
1185 651 1466 732 quisquis
1512 652 1850 712 adhaeserit
1897 651 1990 712 vel
2040 652 2542 732 qualemcunque
2589 667 2886 731 tanquam
2937 649 3213 732 pontifici

589 760 992 820 reverentiam
1038 760 1381 821 exhibuerit
1426 775 1530 820 aut
1579 760 1643 820 in
1688 759 1901 839 aliquo
1954 759 2132 820 illum
2180 759 2508 820 defendere
2555 758 3049 840 praesumpserit,
3083 757 3211 837 pari

590 865 889 926 sententia
922 867 999 926 sit
1032 866 1431 946 mancipatus.
1470 865 1773 946 Quisquis
1807 882 2014 926 autem
2048 866 2235 926 huius
2269 880 2510 926 nostrae
2544 865 2858 926 decretalis
2879 863 3213 924 sententiae

589 989 920 1035 temerator
965 973 1221 1035 extiterit
1270 990 1327 1034 et
1360 975 1712 1036 Romanam
1759 974 2079 1035 ecclesiam
2134 993 2243 1034 sua
2293 972 2793 1053 praesumptione
2827 969 3213 1033 confundere

590 1094 649 1139 et
697 1081 1052 1160 perturbare
1099 1095 1312 1140 contra
1360 1081 1480 1141 hoc
1513 1095 1809 1139 statutum
1841 1078 2244 1158 temptaverit,
2281 1094 2578 1158 perpetuo
2612 1077 2997 1137 anathemate
3030 1091 3214 1154 atque

591 1187 1230 1248 excommunicatione
1263 1188 1633 1268 dampnetur
1665 1200 1724 1246 et
1756 1205 1902 1246 cum
1937 1185 2160 1265 impiis,
2208 1185 2316 1264 qui
2353 1203 2482 1244 non
2516 1198 2833 1261 resurgent
2867 1182 2928 1242 in
2962 1181 3214 1253 iudicio,

592 1307 925 1374 reputetur.
988 1295 1456 1374 Omnipotentis
1505 1293 1730 1353 scilicet
1764 1293 1879 1353 Dei
1914 1292 2103 1352 Patris
2135 1307 2193 1352 et
2227 1291 2359 1352 Filii
2393 1307 2449 1352 et
2482 1289 2743 1371 Spiritus
2775 1289 2967 1350 sancti
2999 1304 3215 1349 contra

594 1420 657 1460 se
692 1400 845 1460 iram
878 1400 1091 1461 sentiat
1124 1417 1181 1461 et
1212 1417 1566 1462 sanctorum
1601 1400 2025 1480 apostolorum
2061 1400 2216 1460 Petri
2252 1414 2311 1460 et
2343 1398 2534 1474 Pauli,
2567 1416 2843 1478 quorum
2877 1396 3212 1477 praesumit

594 1509 971 1572 confundere
1020 1510 1357 1586 ecclesiam,
1405 1509 1468 1569 in
1502 1511 1615 1570 hac
1646 1509 1765 1569 vita
1800 1524 1859 1568 et
1894 1508 1953 1569 in
1991 1507 2191 1568 futura
2225 1507 2501 1569 furorem
2536 1505 2811 1587 reperiat.
2878 1505 3008 1566 Fiat
3041 1504 3215 1565 habi-

594 1617 737 1679 tatio
791 1616 921 1676 eius
969 1617 1223 1695 deserta,
1276 1632 1334 1677 et
1384 1617 1448 1677 in
1495 1617 1901 1678 tabernaculis
1947 1618 2078 1677 eius
2111 1635 2238 1677 non
2273 1617 2348 1676 sit
2381 1616 2488 1695 qui
2523 1615 2834 1675 inhabitet.
2899 1612 3073 1700 Fiant
3107 1611 3214 1671 tilii

594 1726 725 1786 eius
758 1724 1021 1804 orphani
1055 1739 1114 1784 et
1148 1743 1302 1784 uxor
1333 1723 1464 1784 eius
1499 1725 1698 1785 vidua.
1749 1726 2123 1786 Commotus
2158 1740 2515 1786 amoveatur
2548 1723 2675 1803 ipse
2710 1738 2891 1802 atque
2942 1720 3045 1781 filii
3078 1721 3209 1780 eius

594 1847 651 1892 et
684 1830 1033 1891 mendicent
1067 1848 1122 1890 et
1156 1830 1449 1891 eiciantur
1482 1833 1556 1892 de
1592 1830 2068 1891 habitationibus
2100 1831 2245 1890 suis,
2283 1831 2600 1892 Scrutetur
2634 1830 2934 1890 fenerator
2955 1835 3211 1889 omnem

592 1940 998 2000 substantiam
1043 1941 1176 2000 eius
1223 1957 1279 2000 et
1325 1940 1613 2020 diripiant
1659 1939 1841 2000 alieni
1890 1939 2127 1998 labores
2178 1939 2328 1997 eiuS.
2392 1937 2577 1998 Orbis
2623 1952 2923 1997 terrarum
2971 1949 3201 2015 pugnet

594 2063 804 2108 contra
856 2067 1002 2107 eum
1054 2063 1112 2107 et
1162 2063 1381 2109 cuncta
1434 2047 1736 2107 elementa
1787 2047 1908 2107 sint
1956 2047 2008 2106 ei
2057 2045 2375 2120 contraria,
2422 2062 2480 2105 et
2526 2044 2811 2105 omnium
2858 2058 3212 2103 sanctorum

594 2155 1047 2235 quiescentium
1097 2156 1308 2216 merita
1361 2155 1539 2215 illum
1586 2156 1974 2216 confundant
2021 2173 2076 2215 et
2122 2156 2185 2215 in
2238 2156 2350 2215 hac
2387 2154 2505 2213 vita
2540 2172 2726 2233 super
2760 2170 2906 2212 eum
2940 2166 3212 2229 apertam

597 2262 930 2324 vindictam
965 2264 1306 2324 ostendant.

809 2368 935 2448 [to]
985 2369 1425 2430 Observatores
1458 2387 1665 2431 autem
1697 2370 1885 2430 huius
1920 2370 2112 2431 nostri
2146 2369 2369 2430 decreti
2405 2369 2518 2430 Dei
2552 2365 2995 2448 omnipotentis
3026 2363 3212 2442 gratia

596 2494 873 2559 protegat
924 2494 981 2539 et
1033 2477 1388 2539 auctoritate
1443 2481 1764 2539 beatorum
1811 2477 2241 2558 apostolorum
2291 2476 2446 2537 Petri
2494 2491 2550 2535 et
2585 2475 2755 2536 Pauli
2804 2477 2878 2535 ab
2926 2471 3213 2535 omnium

595 2600 991 2666 peccatorum
1025 2584 1281 2646 vinculis
1315 2587 1606 2647 absolvat.

808 2693 941 2774 Ego
976 2693 1274 2755 Nicolaus
1326 2694 1657 2776 episcopus
1703 2711 1944 2756 sanctae
1991 2692 2321 2754 catholicae
2369 2708 2426 2753 et
2477 2690 2846 2772 apostolicae
2895 2690 3214 2751 Romanae

596 2810 885 2870 ecclesiae
922 2811 1069 2870 huic
1102 2812 1347 2872 decreto
1381 2833 1411 2871 a
1447 2811 1625 2872 nobis
1659 2811 2076 2893 promulgato,
2111 2809 2264 2870 sicut
2297 2809 2580 2890 superius
2602 2808 2841 2888 legitur,
2862 2806 3213 2887 subscripsi.

598 2916 952 2977 Bonifacius
1003 2918 1101 2977 dei
1146 2917 1335 2996 gratia
1368 2918 1738 2979 Albanensis
1772 2919 2104 2998 episcopus
2136 2914 2488 2997 subscripsi.
2558 2916 2940 2976 Humbertus
2973 2929 3216 2973 sanctae

595 3024 884 3084 ecclesiae
919 3024 1116 3084 Silvae
1165 3024 1483 3085 Candidae
1529 3024 1857 3105 episcopus
1904 3025 2252 3105 subscripsi.
2319 3026 2531 3085 Petrus
2577 3022 2879 3083 Ostiensis
2926 3020 3212 3081 ecclesiae

595 3130 927 3211 episcopus
976 3131 1325 3212 subscripsi.
1391 3131 1465 3191 Et
1515 3132 1730 3192 caeteri
1777 3133 2052 3213 episcopi
2089 3152 2355 3194 numero
2391 3130 2638 3192 LXXVI
2673 3148 2817 3191 cum
2852 3127 3218 3211 presbyteris

597 3254 655 3299 et
688 3238 1056 3298 diaconibus
1090 3238 1598 3319 subscripserunt.
1666 3238 1722 3318 [1.
1758 3259 1805 3301 c.
1841 3259 1977 3319 pag.
2022 3238 2410 3319 538—541.]

1280 3485 1405 3539 185.
1460 3484 1916 3539 ALEXANBER
1955 3484 2076 3539 111.
2117 3484 2552 3554 (usa—1181).

835 3627 1270 3685 Alexander
1310 3629 1422 3683 111.
1463 3628 1532 3682 in
1574 3628 1932 3683 Concilio
1976 3627 2981 3696 Lateranensi111.(a.1179).

814 3769 841 3797 ‘
886 3772 1046 3841 Corp.
1090 3774 1192 3823 sur.
1233 3788 1353 3823 cau.
1396 3770 1482 3823 ed.
1524 3769 1951 3840 Friedberg.
1992 3771 2163 3824 Tom.
2208 3771 2269 3824 11.
2309 3770 2417 3827 col.
2461 3788 2543 3840 5¹·
2597 3768 3047 3833 HinschiuS‚
3087 3770 3221 3819 Kir-

598 3850 902 3904 chenrccltt.
946 3852 982 3905 l.
1023 3851 1142 3922 265.
1196 3851 1683 3914 KVretschkm
1723 3850 1779 3905 in
1818 3852 2291 3921 Zeitschrg't‘tfiir
2329 3850 2734 3903 Kirchcm‘echt.
2784 3867 2932 3921 ¹903.

602 3994 830 4049 Electus
867 3995 922 4048 in
960 3995 1288 4049 Romanum
1317 3995 1657 4050 Pontificem
1687 4014 1717 4050 a
1747 3995 1968 4050 duabus
1998 3997 2251 4067 partibus
2281 3996 2670 4058 cardinalium,
2699 3993 2850 4047 nulla
2880 3989 3223 4062 exceptione

599 4076 863 4129 obstante
907 4085 992 4127 est
1034 4075 1219 4145 Papa3
1262 4074 1476 4130 electus
1519 4088 1709 4129 autem
1752 4094 1783 4129 a
1827 4075 2033 4131 minori
2076 4094 2318 4131 nurnero
2364 4092 2570 4147 gerens
2598 4092 2658 4129 se
2687 4091 2793 4145 pro
2825 4074 3000 4142 Papa,
3028 4068 3223 4125 incidit

1082 4172 1192 4208 una
1223 4172 1355 4209 cum
1383 4155 1486 4211 sibi
1515 4156 1959 4212 adhaerentibus
1987 4157 2042 4211 in
2071 4175 2289 4228 poenas
2317 4158 2406 4212 hic
2437 4167 2756 4212 contentaS.

820 4283 986 4344 Licet
1034 4286 1109 4345 de
1156 4288 1398 4348 vitanda
1447 4288 1746 4349 discordia
1793 4289 1856 4349 in
1902 4290 2202 4350 electione
2240 4288 2506 4350 Romani
2539 4286 2854 4349 Pontificis
2903 4282 3222 4345 manifesta

603 4388 744 4449 satis
792 4411 823 4448 a
873 4392 1444 4469 praedecessoribus
1497 4395 1720 4456 nostris
1772 4396 2102 4456 constituta
2153 4395 2552 4468 manaverint,
2586 4394 2731 4474 quia
2785 4407 2991 4454 tamen
3043 4408 3225 4469 saepe

601 4511 745 4578 post
778 4497 876 4557 illa
912 4517 1020 4578 per
1083 4499 1399 4580 improbae
1434 4502 1787 4564 ambitionis
1821 4504 2141 4565 audaciam
2175 4523 2423 4583 gravem
2461 4523 2635 4583 passa
2670 4517 2758 4562 est
2792 4498 3045 4560 ecclesia
3079 4496 3226 4557 scis-

602 4623 848 4665 suram:
901 4625 1015 4666 nos
1049 4607 1232 4667 etiam
1265 4608 1342 4668 ad
1378 4609 1610 4670 malum
1645 4612 1764 4671 hoc
1797 4611 2154 4672 evitandum
2190 4612 2265 4672 de
2299 4609 2562 4671 consilio
2586 4609 2840 4669 fratrum
2864 4620 3226 4667 nostrorum

605 4730 663 4775 et
706 4714 859 4775 sacri
902 4714 1347 4796 approbatione
1382 4716 1623 4777 concilii
1659 4718 1894 4797 aliquid
1928 4718 2312 4778 decrevimus
2344 4716 2836 4795 adiungendum.
2919 4720 2948 4781 s
2994 4732 3041 4772 ι.
3093 4710 3226 4771 Sta—

603 4821 837 4882 tuimus
884 4842 1053 4903 ergo,
1102 4838 1184 4901 ut,
1231 4823 1279 4883 si
1330 4823 1501 4900 forte,
1551 4824 1806 4885 inimico
1855 4825 2109 4886 homine
2157 4824 2685 4905 superseminante
2717 4820 3036 4891 zizaniam,
3073 4819 3231 4879 inter

605 4929 940 4990 cardinales
973 4930 1049 4991 de
1083 4931 1515 4992 substituendo
1549 4949 1801 4993 summo
1836 4931 2133 4994 pontifice
2168 4952 2298 4994 non
2332 4931 2554 5012 poterit
2587 4949 2717 4990 esse
2753 4929 2933 5009 plena
2966 4930 3228 4988 concor—
