3684 5416
511 1607 558 1640 10

514 2140 559 2184 ¹5

510 2674 563 2707 20

511 3206 562 3251 25

507 4280 558 4325 35

604 405 716 502 47o
1303 485 1329 490 ..
1437 485 1442 490 .
1642 487 1646 492 ,
1750 431 2097 488 Cardinales.

609 591 869 693 nalibus,
905 613 1013 696 qui
1035 593 1383 693 nunc'sunt,
1405 615 1639 708 quique
1660 615 1726 678 in
1748 618 2036 680 futurum
2056 599 2447 696 creabuntur,
2467 618 2669 681 cuncti
2688 617 2875 680 simul
2896 637 3235 680 numerum
3281 675 3284 676 γ

608 721 1003 803 septuaginta
1048 722 1222 783 nullo
1274 741 1580 804 umquam
1629 738 1910 804 tempore
1967 725 2278 802 excedant,
2342 745 2412 786 ac
2459 724 2591 786 talis
2642 745 2945 789 numerus
3010 727 3238 807 quovis

608 839 943 910 praetextu,
974 829 1318 918 occasione,
1350 831 1449 893 vel
1480 851 1663 894 causa
1696 832 1881 893 etiam
1915 812 2362 911 urgentissima,
2396 830 2650 893 minime
2681 849 2994 912 augeatur.
3029 832 3230 924 Quod

608 935 660 997 si
704 956 910 999 unum
940 938 1036 999 vel
1069 938 1278 1020 plures
1310 959 1343 999 a
1375 940 1555 1028 nobis
1592 939 1687 1001 vel
1718 960 1833 1022 pro
1865 956 2150 1030 tempore
2182 939 2474 1000 existente
2509 939 2800 1000 Romano
2831 939 3130 1002 Pontifice
3167 940 3231 1001 in

613 1020 896 1107 futurum
928 1045 1086 1107 ultra
1121 1046 1358 1108 dictum
1390 1066 1733 1109 numerum
1766 1046 1956 1126 eligi
1941 1066 2005 1108 in
2038 1045 2449 1121 Cardinalem‚
2483 1060 2588 1108 aut
2607 1047 2796 1108 creari
2816 1061 2924 1108 aut
2943 1066 3231 1138 pronun-

610 1148 754 1212 ciari
804 1151 1150 1234 contigerit,
1199 1153 1592 1216 decernimus
1641 1152 2006 1233 hujusmodi
2039 1151 2419 1230 electionem,
2452 1153 2822 1215 creationem
2855 1170 2913 1215 et
2947 1173 3232 1236 pronun·

608 1258 923 1320 tiationem
957 1259 1210 1338 nullam,
1241 1258 1470 1321 irritam
1503 1275 1561 1321 et
1594 1259 1842 1322 inanem
1879 1260 2025 1339 fore,
2059 1274 2117 1320 et
2149 1200 2524 1321 censendam
2557 1281 2708 1339 esse,
2730 1262 3107 1342 nullumque
3139 1260 3236 1338 jus

609 1385 719 1428 seu
751 1365 999 1427 titulum
1034 1385 1097 1426 re
1128 1380 1235 1427 aut
1266 1366 1522 1428 nomine
1553 1366 1642 1428 sic
1673 1368 1869 1429 electo
1903 1385 2011 1428 seu
2045 1366 2247 1429 electis
2267 1365 2520 1447 acquiri,
2543 1387 2749 1448 neque
2773 1388 2997 1429 eorum
3018 1386 3231 1449 quem-

610 1493 802 1556 quam
828 1493 941 1555 pro
956 1473 1267 1535 Cardinali
1295 1474 1505 1536 haberi
1533 1490 1638 1536 aut
1654 1475 1920 1557 reputari
1938 1494 2118 1556 posse
2135 1491 2238 1536 aut
2255 1475 2493 1551 debere,
2510 1495 2717 1556 neque
2745 1476 2969 1537 dictam
2989 1476 3232 1536 electio-

614 1599 777 1657 nem,
823 1559 1844 1662 creationem,pronuntiationem
1888 1581 1963 1639 ab
2009 1578 2185 1640 initio
2231 1578 2568 1641 invalidam
2601 1595 2659 1641 et
2694 1580 2850 1642 ultra
2899 1599 3232 1641 numerum

615 1686 835 1748 factam
868 1687 919 1748 si
951 1703 1159 1768 postea
1192 1687 1268 1749 ad
1303 1689 1745 1770 praescriptum
1778 1705 2115 1748 numerum
2147 1688 2447 1749 moriente
2480 1706 2613 1749 uno
2645 1687 2741 1749 vel
2774 1687 3052 1769 pluribus
3083 1688 3233 1749 Car-

615 1791 920 1855 dinalibus
964 1794 1172 1876 ipsum
1203 1795 1559 1882 Collegium
1600 1795 1931 1876 redigatur,
1966 1809 2284 1875 propterea
2318 1776 2390 1856 eit
2421 1812 2558 1876 post
2590 1795 2750 1856 facto
2788 1793 3234 1872 convalescere,

616 1899 724 2011 sed
743 1899 835 1962 uti
853 1923 886 1962 a
908 1901 1214 1985 principio
1238 1902 1327 1966 sic
1349 1902 1674 1983 deinceps
1659 1923 1723 1963 m
1744 1915 2116 1983 perpetuum
2138 1901 2372 1963 nullius
2394 1902 2521 1964 fore
2541 1900 2780 1963 roboris
2799 1903 2894 1962 vel
2915 1901 3233 1963 momenti.

831 2018 860 2078 S
913 2028 965 2089 5.
1032 2009 1356 2086 Quoniam
1409 2030 1555 2071 vero
1606 2008 1729 2087 jam
1781 2009 1927 2069 inde
1972 2010 2048 2069 ab
2095 2008 2536 2089 antiquissimis
2568 2008 2752 2070 etiam
2786 2009 3233 2091 Apostolorum

615 2114 996 2197 temporibus
1030 2115 1461 2178 Diaconorum
1500 2115 1656 2178 ordo
1688 2117 1766 2177 ad
1798 2114 2265 2178 inserviendum
2299 2130 2357 2176 et
2379 2115 2892 2177 ministrandum
2878 2134 2943 2176 ιιι
2966 2115 3233 2175 Ecclesia

624 2221 739 2284 Dei
772 2243 844 2285 ex
877 2244 1097 2304 magna
1131 2224 1517 2309 providentia
1550 2225 1932 2304 dignoscitur
1962 2223 2292 2302 institutus,
2323 2239 2382 2284 et
2413 2243 2527 2305 pro
2557 2238 2918 2305 temporum
2952 2202 3232 2283 varietate

617 2331 810 2392 modo
843 2329 1055 2415 major,
1088 2332 1280 2392 modo
1313 2332 1520 2393 minor
1550 2351 1849 2393 numerus
1881 2352 2012 2392 esse
2044 2330 2382 2408 consuevit,
2401 2329 2480 2391 ita
2514 2345 2582 2391 ut
2611 2311 2950 2411 aliquando
2979 2342 3236 2409 septem,

618 2439 928 2501 interdum
973 2438 1463 2519 quatuordecim,
1514 2440 1899 2520 quandoque
1945 2457 2101 2500 vero
2146 2438 2361 2499 decem
2409 2453 2465 2498 et
2511 2452 2651 2499 octo
2683 2435 2944 2499 Diaconi
2991 2434 3235 2510 fuerint,

618 2560 675 2629 et
706 2562 911 2607 tamen
944 2546 1066 2608 hoc
1097 2562 1379 2627 tempore
1413 2562 1548 2608 tum
1580 2562 1831 2628 propter
1864 2565 2083 2607 eorum
2117 2564 2376 2627 parvum
2409 2563 2762 2623 numerum,
2816 2559 2956 2604 tum
2989 2557 3232 2623 propter

619 2652 973 2736 aliquorum
1020 2656 1360 2718 absentiam
1408 2675 1441 2718 a
1474 2656 1759 2741 Romana
1792 2655 2002 2736 Curia,
2050 2655 2206 2718 adeo
2253 2654 2431 2737 pauci
2463 2653 2872 2736 reperiuntur,
2910 2667 2979 2714 ut
3011 2667 3228 2712 eorum

618 2758 828 2822 officio
872 2761 1213 2824 satisfacere
1261 2777 1590 2843 nequeant,
1644 2761 1841 2823 immo
1874 2762 2116 2842 saepius
2150 2761 2490 2842 Presbyteri
2522 2759 2873 2823 Cardinales
2903 2759 3049 2820 loco
3089 2756 3232 2817 Dia—

621 2860 948 2946 conorum,
984 2884 1197 2930 contra
1231 2870 1479 2930 Patrum
1516 2863 1784 2930 instituta
1818 2867 2103 2929 Pontifici
2136 2867 2412 2929 assistere
2444 2881 2502 2928 et
2534 2866 2880 2928 ministrare
2914 2879 3233 2943 cogantur.

618 2971 846 3063 Idcirco
876 2974 1220 3052 statuimus,
1252 2990 1321 3035 ut
1354 2995 1428 3036 ex
1459 2974 1768 3055 praedicto
1790 2993 2054 3035 numero
2075 2972 2531 3051 Cardinalium,
2555 2972 2817 3034 Diaconi
2853 2970 3234 3053 quatuorde-

618 3076 757 3158 cim,
802 3079 1023 3171 reliqui
1070 3099 1290 3142 omnes
1336 3097 1576 3163 praeter
1624 3102 1729 3142 sex
1759 3058 2119 3163 Episcopos,
2159 3080 2503 3162 Presbyteri
2534 3081 2653 3142 sint
2683 3094 2741 3141 et
2773 3070 3014 3140 essede
3033 3079 3231 3137 beant.

831 3195 861 3256 s
896 3188 952 3248 6.
1000 3187 1224 3268 Neque
1256 3189 1514 3269 posthac
1546 3187 1855 3269 quispiam
1886 3188 1951 3248 in
1975 3168 2328 3250 Diaconum
2349 3186 2739 3249 Cardinalem
2761 3186 2990 3248 assumi
3028 3182 3235 3266 possit,

618 3291 738 3354 nisi
769 3293 981 3354 saltem
1029 3293 1093 3355 in
1135 3294 1439 3372 vigesimo
1477 3294 1757 3356 secundo
1791 3314 1938 3354 suae
1971 3294 2177 3354 aetatis
2209 3314 2375 3355 anno
2409 3293 2592 3354 fuerit
2623 3274 3016 3371 constitutus,
3057 3291 3136 3353 ita
3168 3304 3235 3352 ut

617 3399 879 3460 omnino
924 3399 1079 3461 intra
1125 3419 1363 3461 annum
1398 3402 1475 3461 ad
1513 3419 1756 3461 sacrum
1790 3401 2167 3462 Diaconatus
2200 3400 2483 3461 ordinem
2515 3401 2708 3462 valeat
2739 3416 2796 3461 et
2828 3400 3053 3461 debeat
3081 3418 3234 3482 pro-

616 3507 874 3586 moveri,
921 3508 1200 3589 alioquin
1246 3506 1297 3569 si
1349 3527 1518 3569 anno
1568 3507 1777 3589 elapso
1824 3508 1902 3568 ad
1940 3508 2142 3589 ipsum
2177 3508 2549 3571 Diaconatus
2581 3509 2866 3570 ordinem
2901 3522 3235 3589 promotus

616 3633 749 3675 non
796 3614 996 3693 fuerit,
1046 3636 1121 3676 eo
1154 3616 1293 3697 ipso
1327 3629 1452 3675 tam
1489 3614 1551 3675 in
1583 3613 2132 3695 consistorialibuS,
2166 3631 2225 3677 et
2257 3616 2548 3677 omnibus
2579 3615 2707 3676 aliis
2739 3600 2993 3693 actibus,
3035 3629 3093 3675 et
3126 3632 3235 3674 ne·

615 3720 798 3802 gotiis
829 3722 1262 3801 CardinalitiiS,
1314 3742 1505 3803 quam
1556 3722 1740 3782 etiam
1793 3722 1958 3799 juxta
2003 3724 2508 3785 constitutionem
2555 3723 2742 3784 felicis
2788 3703 3235 3783 recordationis

614 3825 705 3887 Pii
739 3826 937 3908 Papae
960 3828 1182 3904 Quarti
1200 3828 1690 3891 Praedecessoris
1723 3828 1916 3890 nostri
1948 3849 2132 3911 super
2164 3829 2599 3891 reformatione
2620 3829 2949 3892 Conclavis
2983 3828 3235 3907 editam,

616 3932 683 3994 in
717 3933 1015 3995 electione
1052 3935 1319 3996 Romani
1353 3933 1668 3995 Pontificis
1701 3916 1851 3994 voce
1883 3935 2074 3995 activa
2106 3950 2163 3997 et
2196 3936 2434 4016 passiva
2466 3935 2728 3997 omnino
2759 3950 2979 4014 careat,
3003 3955 3073 3996 ac
3105 3935 3230 4016 pri-

616 4056 792 4102 vatus
825 4041 1051 4104 existat.
2553 4023 2557 4027 ⁴

829 4157 858 4217 S
895 4170 951 4219 7.
1000 4148 1433 4210 Diaconorum
1466 4164 1672 4209 autem
1710 4167 2011 4210 numerus
2042 4148 2128 4209 sic
2159 4131 2516 4230 praefinitus
2547 4163 2846 4231 perpetuo
2883 4129 3235 4224 retineatur,

614 4270 684 4312 ac
717 4251 977 4314 Diaconi
1019 4254 1086 4315 in
1132 4255 1358 4316 eodem
1392 4255 1628 4316 Ordine
1676 4275 1921 4336 semper
1958 4272 2333 4337 remaneant,
2369 4272 2426 4318 et
2457 4257 2506 4317 si
2539 4256 2649 4337 qui
2681 4274 2906 4317 eorum
2943 4275 3015 4316 ex
3047 4255 3235 4314 devo-

612 4357 800 4420 tionis
849 4359 1087 4421 fervore
1134 4361 1210 4421 ad
1245 4362 1707 4443 Presbyteratus
1742 4362 2026 4424 ordinem
2061 4365 2332 4446 promoti
2363 4364 2608 4442 fuerint,
2641 4381 2910 4444 semper
2942 4377 3147 4422 tamen
3171 4360 3237 4420 in

614 4467 836 4528 eodem
870 4468 1242 4529 Diaconatus
1274 4469 1491 4530 ordine
1525 4485 1581 4530 et
1612 4469 1824 4532 officio
1860 4471 2226 4550 ministrent,
2259 4486 2317 4532 et
2348 4493 2536 4534 snum
2569 4472 2778 4532 locum
2811 4470 2978 4530 inter
3011 4468 3235 4529 Diaco-

612 4593 728 4638 nos
760 4574 1120 4636 Cardinales
1151 4590 1418 4652 teneant,
1455 4578 1655 4638 donec
1689 4598 1759 4638 ex
1792 4577 2201 4639 cardinalibus
2234 4578 2310 4639 de
2343 4598 2511 4640 novo
2548 4577 2822 4639 creandis
2856 4576 2978 4637 sive
3002 4576 3235 4655 eligen—

612 4683 725 4762 dis,
761 4682 861 4744 alii
892 4682 1152 4745 Diaconi
1185 4684 1568 4764 praedictum
1601 4704 1946 4746 numerum
1978 4686 2321 4767 suppleant,
2354 4703 2413 4747 et
2443 4685 2507 4746 in
2539 4703 2760 4747 eorum
2781 4684 2994 4744 locum
3013 4684 3237 4744 subro-

610 4804 836 4868 gentur
885 4811 954 4851 ac
1003 4776 1479 4852 substituantur.
1533 4791 1684 4867 Quo
1734 4810 1878 4852 casu
1928 4790 2308 4872 antiquiores
2357 4791 2617 4854 Diaconi
2664 4791 2742 4852 ad
2776 4792 3238 4872 Presbyteratus

612 4897 894 4958 ordinem
927 4897 1217 4981 promoti,
1251 4898 1329 4959 ad
1361 4898 1759 4979 Presbyteros
1792 4898 2153 4960 Cardinales
2183 4900 2437 4962 transire
2469 4915 2655 4980 atque
2697 4899 2854 4960 inter
2886 4917 2992 4958 eos
3023 4896 3237 5012 sedere

611 5005 852 5066 valeant
884 5020 941 5067 et
973 5005 1427 5067 connumerari.
