3684 5416
517 1538 566 1569 lo

518 2072 564 2115 ¹5

512 2607 565 2638 20

511 3799 563 3840 30

512 4332 560 4376 35

510 4866 564 4905 40

658 372 728 425 20

620 548 715 625 ὡς
746 550 915 612 θεοῦ
944 549 1057 612 καὶ
1092 550 1393 629 Χριστοῦ
1423 550 1752 625 διάκονοι,
1784 552 1899 615 καὶ

620 657 750 718 οῦκ
808 655 1215 734 ἀνθρώπων·
1280 657 1364 741 μὴ
1429 656 1767 743 διάβολοι,
1814 658 1897 740 μὴ

620 761 900 844 δι’λογοι,
964 765 1421 846 ἀφιλάργυροι
1447 814 1462 838 ,
1541 766 1899 843 ἐγκρατεῖς

619 870 769 948 περὶ
789 872 1028 946 πάντα,
1051 870 1522 950 εὔσπλαγχνοι,
1545 873 1897 954 ἐπιμελεῖς,

619 977 1067 1060 πορευόμενοι
1094 978 1273 1041 κατὰ
1289 978 1410 1055 τὴν
1430 977 1758 1056 ἀλήθειαν
1775 982 1898 1042 τοῦ

619 1083 882 1162 κυρίου,
932 1083 1014 1160 ὃς
1064 1085 1338 1162 ἐγένετο
1389 1083 1713 1161 διάκονος
1744 1086 1899 1148 πάνι

620 1209 783 1254 των·
828 1189 881 1272 ᾧ
927 1192 1053 1253 ἐὰν
1097 1189 1669 1273 εῦαρεστήσωμεν
1701 1194 1777 1255 ἐν
1807 1192 1898 1273 τῷ

619 1300 743 1360 νῦν
790 1299 997 1373 αἰῶνι,
1048 1298 1554 1380 ἀποληψόμεθα
1614 1298 1729 1361 καὶ
1780 1298 1901 1361 τὸν

621 1404 969 1486 μέλλοντα,
1046 1404 1281 1483 καθὼς
1357 1404 1689 1485 ὑπέσχετο
1750 1407 1902 1488 ἡμῖν

622 1513 880 1589 ἐγεῖραι
930 1513 1107 1595 ἡμᾶς
1155 1514 1234 1574 ἐκ
1279 1513 1561 1590 νεκρῶν,
1611 1512 1725 1575 καὶ
1776 1513 1898 1585 ὅτι,

624 1618 746 1679 ἐὰν
805 1616 1359 1700 πολιτευσώμεθα
1408 1618 1613 1695 ἀξίως
1664 1621 1898 1693 αὐτοῦ,

619 1722 733 1786 καὶ
788 1724 1424 1809 συμβασιλεύσομεν
1486 1726 1690 1807 αὑτῷ,
1756 1725 1901 1806 εἴγε

621 1829 1036 1912 πιστεύομεν.

711 1941 810 2002 Vl.
876 1937 1013 1999 Καὶ
1063 1937 1126 1999 οἱ
1174 1938 1626 2024 πρεσβύτεροι
1671 1938 1753 2001 δὲ
1797 1938 1900 2003 εὔ-

622 2046 1012 2124 σπλαγχνοι,
1059 2046 1157 2122 εἰς
1200 2046 1457 2123 πάντας
1509 2046 1896 2128 ἐλεήμονες,

623 2153 1143 2232 ἐπιστρέφοντες
1163 2152 1248 2214 τὰ
1263 2153 1897 2235 ἀποπεπλανημένα,

622 2258 1168 2340 ἐπισκεπτόμενοι
1230 2260 1490 2337 πάντας
1557 2261 1896 2337 ἀσθενεῖς,

623 2365 707 2447 μὴ
742 2366 1153 2448 ἀμελοῦντες
1184 2366 1401 2444 χήρας
1432 2367 1472 2444 ἢ
1507 2368 1823 2448 ὀρφανοῦ
1857 2368 1896 2443 ἢ

621 2476 908 2554 πένητος
924 2497 937 2510 ·
971 2475 1150 2536 ἀλλὰ
1168 2477 1627 2552 προνοοῦντες
1649 2475 1754 2536 ἀεὶ
1776 2477 1897 2536 τοῦ

619 2582 839 2644 καλοῦ
872 2579 1155 2643 ἐνώπιον
1173 2582 1343 2642 θεοῦ
1361 2581 1474 2642 καὶ
1496 2578 1896 2659 ἀνθρώπων,

619 2688 1022 2771 ἀπεχόμενοι
1071 2688 1297 2765 πάσης
1350 2687 1587 2767 ὀργῆς,
1633 2704 1899 2766 προσω-

617 2795 979 2878 ποληψίας,
1012 2795 1306 2873 κρίσεως
1337 2793 1601 2868 ἀδίκου,
1633 2796 1902 2876 μακρὰν

618 2902 812 2980 ὄντες
850 2904 1075 2982 πάσης
1120 2901 1597 2982 φιλαργυρίας,
1659 2902 1744 2984 μὴ
1791 2923 1896 2964 τα-

616 3012 789 3090 χέως
838 3008 1268 3086 πιστεύοντες
1319 3010 1497 3070 κατά
1546 3029 1745 3085 τινος,
1810 3008 1895 3091 μὴ

510 3142 533 3172 2
617 3116 944 3198 ἀπότομοι
968 3117 1042 3177 ἐν
1071 3114 1309 3193 κρίσει,
1331 3114 1592 3193 εἰδότες
1611 3115 1711 3177 ὅτι
1741 3117 1897 3178 πάν-

616 3245 730 3301 τες
760 3223 1103 3304 ὀφειλέται
1137 3221 1340 3303 ἐσμὲν
1373 3220 1727 3304 ἁμαρτίας.

1585 371 1835 428 Ecclesia
1866 370 2276 443 antiquissima.

1957 554 2110 615 sicut
2160 554 2259 616 dei
2310 570 2369 615 et
2417 551 2646 616 Christi
2697 552 2956 614 ministri
3007 569 3065 614 et
3109 572 3241 615 non

1959 660 2309 737 hominurn,
2374 680 2507 721 non
2556 659 2978 721 criminatores
3028 679 3232 739 neque

1956 768 2328 829 detractores
2377 787 2581 848 neque
2632 767 2813 844 avari,
2864 766 2973 828 sed
3024 765 3237 827 omnia

1954 875 2302 950 toleranteS,
2347 873 2410 934 in
2455 872 2751 934 omnibus
2788 873 3232 950 misericordes.

1956 980 2272 1060 diligentes
2304 980 2365 1040 in
2398 979 2710 1057 omnibus,
2755 980 3135 1042 ambulantes
3170 981 3236 1040 in

1958 1087 2202 1148 veritate
2249 1085 2507 1165 domini,
2555 1086 2664 1167 qui
2710 1085 2903 1148 factus
2935 1104 3022 1148 est
3056 1085 3235 1148 mini-

1956 1211 2076 1256 ster
2124 1194 2444 1267 omnium;
2500 1195 2600 1254 cui
2645 1194 2695 1254 si
2740 1194 3242 1275 complaceamus

1957 1302 2016 1362 in
2051 1303 2172 1363 hoc
2206 1301 2476 1378 saeculo,
2511 1300 2919 1383 percipiemus
2950 1319 3040 1373 ea,
3074 1320 3232 1380 quae

1957 1409 2164 1470 futura
2197 1425 2365 1485 sunt,
2398 1407 2744 1469 secundum
2764 1407 2936 1487 quod
2958 1407 3236 1488 promisit

1959 1515 2315 1577 resuscitare
2351 1533 2465 1575 nos
2496 1533 2532 1574 a
2564 1512 2855 1585 mortuis;
2891 1528 2949 1574 et
2979 1512 3029 1573 si
3048 1513 3233 1591 digne

1956 1641 2032 1682 eo
2065 1620 2405 1683 conversati
2438 1620 2755 1697 fuerimus,
2789 1634 2850 1681 et
2878 1620 2928 1680 si
2961 1620 3238 1681 credide-

1955 1728 2165 1807 rimus,
2197 1727 2714 1806 conregnabimus
2744 1746 2889 1788 cum
2921 1747 3017 1789 e0.

2044 1943 2139 2003 Vl.
2173 1943 2248 2003 Et
2281 1941 2619 2023 presbyteri
2652 1941 2973 2021 simpliceS‚
3007 1939 3068 1999 in
3092 1959 3236 2000 om·-

1956 2050 2138 2110 nibus
2169 2048 2617 2124 misericordes,
2664 2065 2886 2108 omnes
2918 2048 2993 2107 ab
3027 2065 3231 2107 errore

1955 2170 2402 2233 convertentes,
2439 2174 2657 2216 omnes
2676 2153 2956 2215 infirmos
2976 2152 3230 2213 visitan-

1954 2281 2072 2337 tes,
2125 2262 2340 2323 viduas
2389 2277 2447 2322 et
2497 2261 2772 2342 pupillos
2820 2276 2878 2320 et
2928 2277 3238 2340 pauperes

1959 2388 2087 2430 non
2133 2368 2546 2447 neglegentes,
2596 2367 2703 2428 sed
2750 2385 2990 2447 semper
3006 2368 3232 2446 provi-

1956 2477 2165 2536 dentes
2213 2474 2368 2535 bona
2400 2495 2606 2536 coram
2638 2475 2748 2534 deo
2781 2480 2842 2534 et
2868 2471 3238 2534 homint‘buS.

1955 2582 2253 2643 abstinete
2304 2602 2414 2642 vos
2464 2584 2540 2643 ab
2592 2581 2765 2643 omni
2814 2578 3147 2653 iracundia,
3199 2599 3233 2638 a

1955 2689 2185 2752 iudicio
2218 2688 2478 2762 iniusto;
2514 2688 2702 2767 longe
2733 2701 2926 2749 estote
2957 2687 3032 2748 ab
3057 2685 3234 2747 omni

1956 2797 2217 2858 avaritia.
2279 2815 2409 2858 non
2446 2795 2564 2857 cito
2598 2794 2984 2855 consentiatis
3016 2794 3234 2854 adver-

1956 2925 2061 2966 sus
2122 2905 2413 2985 aliquem,
2480 2922 2559 2964 ne
2627 2900 3119 2984 praevaricemini
3170 2900 3231 2960 in

1957 3012 2203 3090 iudici0,
2238 3012 2508 3086 scientes,
2528 3010 2671 3090 quia
2692 3008 2995 3070 debitores
3015 3026 3240 3068 sumus

1957 3119 2201 3199 peccati.
2269 3117 2327 3198 [l.
2362 3137 2410 3178 c.
2445 3137 2577 3198 pag.
2624 3113 3005 3192 118—121.}

831 3440 928 3502 Xl.
975 3439 1172 3501 Nimis
1219 3439 1608 3500 contristatus
1640 3459 1782 3499 sum
1815 3459 1928 3520 pro
1963 3440 2237 3519 Valente,
2289 3438 2396 3519 qui
2429 3439 2741 3518 presbyter
2778 3435 2970 3495 factus
3003 3451 3091 3494 est
3123 3433 3236 3493 ali-

618 3549 872 3629 quando
906 3549 1073 3629 apud
1105 3568 1231 3618 νοε,
1266 3549 1439 3626 quod
1473 3547 1556 3608 sic
1593 3548 1831 3626 ignoret
1864 3548 1912 3607 is
1947 3546 2179 3625 locum,
2215 3546 2321 3626 qui
2344 3547 2522 3606 datus
2542 3561 2630 3605 est
2650 3544 2722 3604 ei.
2756 3563 2989 3605 moneo
3011 3543 3233 3622 itaque,

617 3673 684 3716 ut
729 3655 1077 3716 abstineatis
1122 3674 1232 3714 vos
1266 3657 1340 3714 ab
1375 3653 1617 3715 avaritia
1650 3668 1706 3712 et
1740 3653 1865 3713 sitis
1899 3653 2043 3713 casti
2076 3670 2134 3713 et
2166 3672 2426 3714 veraces.
2479 3651 2771 3712 abstinete
2806 3671 2914 3711 vos
2946 3653 3022 3710 ab
3057 3648 3230 3710 omni

618 3766 801 3827 ma10.
874 3785 926 3826 2.
960 3763 1068 3844 qui
1100 3779 1306 3823 autern
1340 3762 1404 3822 in
1439 3761 1532 3821 his
1566 3780 1696 3821 non
1731 3777 1930 3842 potest
1963 3781 2026 3821 se
2059 3763 2420 3839 gubernare,
2455 3760 2783 3838 quomodo
2816 3758 2917 3819 alii
2950 3776 3231 3839 pronun-

604 3863 719 3934 ⁴tiat
747 3874 906 3933 hoc?
936 3871 986 3930 si
1019 3869 1157 3950 quis
1190 3888 1320 3930 non
1353 3868 1707 3929 abstinuerit
1738 3888 1802 3927 se
1835 3871 1911 3928 ab
1944 3868 2207 3944 avaritia,
2233 3871 2308 3927 ab
2349 3867 2690 3927 idololatria
2713 3865 3238 3946 coinquinabitur,¹

618 3997 675 4040 et
720 3996 1016 4058 tanquam
1064 3978 1217 4037 inter
1262 3993 1474 4054 gentes
1524 3975 1908 4044 iudicabitur,
1970 3975 2076 4054 qui
2127 3974 2415 4052 ignorant
2464 3972 2759 4033 iudicium
2810 3971 3064 4033 domini.
3127 3977 3240 4031 aut

619 4090 940 4161 nescitum,
973 4088 1117 4166 quia
1148 4086 1357 4144 sancti
1385 4083 1671 4142 mundum
1707 4080 2118 4142 iudicabunt?
2148 4081 2303 4141 sicut
2326 4080 2550 4140 Paulus
2571 4080 2766 4140 docet.
2808 4100 2862 4159 3.
2888 4100 3003 4158 ego
3026 4094 3232 4139 autem

620 4194 770 4255 nihil
816 4193 932 4254 tale
980 4191 1142 4252 sensi
1187 4191 1251 4251 in
1298 4190 1477 4250 vobis
1509 4188 1604 4248 vel
1638 4188 1861 4262 audivi,
1912 4188 1976 4248 in
2010 4187 2239 4268 quibus
2271 4186 2564 4246 laboravit
2597 4188 2808 4246 beatus
2844 4187 3087 4258 Paulus,
3123 4184 3231 4264 qui

619 4301 757 4362 estis
804 4301 868 4361 in
915 4299 1214 4380 principio
1260 4296 1557 4377 epistulae
1592 4295 1739 4355 eius.
1802 4295 1879 4355 de
1911 4294 2087 4354 vobis
2119 4293 2345 4354 etenim
2382 4293 2675 4372 gloriatur
2707 4292 2770 4353 in
2803 4291 3097 4352 omnibus
3131 4311 3228 4351 ec-

618 4407 829 4483 clesiis,
864 4426 1019 4487 quae
1055 4405 1243 4464 deum
1275 4403 1441 4464 solae
1478 4418 1627 4461 tunc
1663 4415 2113 4479 cognoverant:
2151 4419 2267 4460 nos
2300 4415 2503 4460 autem
2529 4399 2815 4458 nondum
2837 4414 3226 4456 noveramus.

618 4536 677 4594 4.
732 4514 908 4574 valde
955 4532 1121 4591 ergO,
1171 4512 1398 4586 fratres,
1450 4509 1776 4569 contristor
1827 4527 1939 4587 pro
1988 4507 2092 4568 illo
2138 4524 2196 4567 et
2242 4527 2355 4587 pro
2392 4505 2657 4584 coniuge
2691 4504 2840 4580 eiuS,
2873 4503 3099 4583 quibus
3132 4502 3231 4561 det

620 4622 914 4684 dominus
948 4617 1387 4700 poenitentiam
1423 4634 1645 4676 veram.
1692 4614 1879 4674 sobrii
1911 4633 2060 4690 ergo
2093 4628 2282 4674 estote
2316 4629 2373 4673 et
2404 4631 2514 4672 vos
2548 4612 2610 4671 in
2644 4611 2796 4684 hoc;
2833 4617 2891 4669 et
2919 4630 3038 4670 non
3071 4611 3240 4668 St‘cut

621 4732 905 4791 inimicos
952 4728 1105 4786 tales
1138 4726 1524 4796 existimetis,
1558 4722 1664 4782 sed
1697 4721 1854 4781 sicut
1887 4720 2188 4801 passibilia
2224 4721 2498 4780 membra
2533 4735 2589 4778 et
2622 4717 2880 4778 errantia
2915 4736 3020 4776 eos
3054 4734 3229 4774 revo-

620 4853 767 4913 cate,
824 4851 889 4895 ut
939 4833 1225 4894 omnium
1278 4846 1543 4891 vestrum
1600 4848 1824 4909 corpus
1876 4828 2136 4888 salvetis.
2201 4828 2321 4887 hoc
2372 4825 2539 4886 enim
2587 4841 2856 4904 agentes,
2913 4843 3020 4883 vos
3068 4821 3238 4902 ipsos

620 4942 962 5005 aedificatis.
1028 4939 1084 5019 [1.
1120 4961 1167 5001 c.
1203 4960 1339 5020 pag.
1389 4936 1544 5017 127.]
