3684 5416
616 397 640 448 5
668 397 723 432 12
1693 379 1862 433 Curia
1903 396 2162 433 romana.

875 615 1293 695 Congregatio
1327 617 1369 675 J
1379 615 1437 675 V.
1442 663 1463 690 ,
1481 625 1606 697 pro
1645 615 1930 677 Ubertate
1963 619 2258 677 Annonae
2291 617 2498 677 Status
2530 616 2973 678 Ecclesiastici.

827 794 1118 874 Cumque
1165 795 1239 854 ad
1287 793 1731 874 providentiam
1770 810 2042 855 nostram
2078 795 2372 874 pertineat
2403 814 2632 870 curare,
2667 811 2733 856 ut
2766 797 2979 877 populi
3016 798 3224 859 Eccle-

616 903 886 963 siasticae
936 901 1156 962 ditioni
1207 900 1486 978 subjecti,
1537 921 1665 962 non
1710 903 1920 962 solum
1970 921 2130 982 pane
2182 902 2346 963 verbi
2385 903 2497 963 Dei
2548 902 2920 979 reficiantur,
2969 905 3075 965 sed
3111 905 3232 967 hoc

617 1030 873 1090 quoque
921 1025 1186 1085 terren0,
1232 1027 1424 1088 quem
1468 1008 1655 1069 etiam
1705 1026 1850 1069 cum
1887 1007 1990 1070 illo
2023 1031 2056 1069 a
2092 1009 2263 1070 Patre
2295 1009 2544 1071 coelesti
2579 1009 2761 1070 nobis
2795 1010 2924 1071 dari
2955 1011 3236 1091 quotidie

537 1139 557 1181 5
616 1118 903 1198 petimuS,
951 1116 1287 1188 abundent,
1334 1134 1636 1196 pauperes
1672 1116 2028 1195 praesertim
2062 1131 2121 1176 et
2153 1116 2351 1193 egeni,
2387 1116 2615 1196 quibus
2653 1117 2924 1177 Parentis
2956 1117 3096 1178 loco
3129 1138 3232 1178 su-

619 1244 776 1302 muS,
823 1223 1050 1284 idcirco
1102 1237 1167 1282 ut
1213 1222 1275 1282 in
1309 1222 1605 1284 omnibus
1640 1222 1978 1284 Provinciis
2015 1224 2257 1299 nostris,
2292 1239 2351 1284 et
2383 1223 2447 1284 in
2481 1224 2592 1285 hac
2627 1224 3019 1305 potissimum
3050 1227 3232 1287 Alma

621 1333 805 1408 Urbe,
838 1330 915 1391 ad
948 1348 1140 1408 quam
1171 1344 1334 1390 tanta
1369 1329 1701 1391 hominum
1738 1330 2080 1410 frequentia
2116 1329 2390 1410 undique
2421 1331 2701 1407 confluit,
2722 1352 2816 1392 res
2839 1332 3234 1394 frumentaria

620 1440 774 1498 bene
827 1451 1029 1497 curata
1082 1435 1174 1512 sit,
1229 1452 1285 1495 et
1318 1442 1622 1496 Annonae
1670 1436 1951 1517 publicae
2000 1436 2175 1517 copia
2224 1437 2619 1498 benedicente
2666 1438 2947 1501 Domino
2993 1460 3238 1522 semper

619 1561 915 1627 suppetat.

521 1689 565 1720 ¹0
834 1680 861 1740 S
909 1693 954 1732 1.
1004 1669 1568 1749 Congregationem
1615 1669 2042 1732 Cardinalium
2092 1668 2547 1745 constituimus,
2597 1690 2756 1751 quae
2802 1671 2977 1731 omni
3031 1672 3239 1732 studio

621 1793 810 1852 curet,
866 1796 995 1838 non
1046 1777 1252 1837 solum
1304 1776 1368 1837 in
1423 1777 1609 1854 Urbe,
1655 1778 1762 1838 sed
1808 1774 1876 1838 in
1926 1776 2216 1838 universo
2249 1777 2419 1838 Statu
2453 1775 2879 1858 Ecclesiastico
2914 1779 3236 1858 temporali

621 1886 864 1966 copiam
915 1883 1122 1945 haberi
1172 1883 1487 1961 frumenti,
1534 1900 1718 1964 atque
1766 1881 2025 1943 aliarum
2072 1882 2260 1960 hujus
2299 1884 2546 1963 generis
2581 1884 2851 1965 frugum,
2900 1884 3128 1964 quibus
3163 1886 3240 1945 ad

621 1993 805 2053 vitam
856 1993 1194 2053 humanam
1244 1991 1709 2052 sustentandam
1755 1989 2127 2071 indigemuS‚
2178 2011 2337 2070 quae
2372 1990 2419 2049 si
2456 1993 2718 2071 peccatis
2752 1991 2968 2073 populi
3003 1991 3063 2053 id
3099 2011 3242 2072 pro-

625 2099 998 2160 merentibus
1044 2100 1125 2159 ob
1172 2114 1363 2158 terrae
1407 2098 1784 2159 sterilitatem
1831 2097 1894 2158 in
1945 2097 2175 2158 ditione
2211 2095 2626 2158 Ecclesiastica
2672 2097 3032 2179 aliquando,
3066 2100 3239 2179 quod

520 2222 561 2264 ¹5
626 2209 794 2268 Deus
846 2222 1089 2283 avertat,
1142 2205 1420 2282 deerunt,
1474 2205 1718 2265 aliunde
1771 2221 2192 2266 commeatum
2243 2224 2356 2286 pro
2406 2204 2693 2266 locorum
2762 2206 3242 2286 opportunitate,

623 2314 906 2386 convehi,
939 2311 1438 2393 comportarique
1470 2313 1730 2388 studeat,
1762 2310 2127 2391 civitatibuS,
2162 2312 2426 2394 oppidis,
2458 2311 2632 2384 locis,
2666 2313 2943 2393 personis
2976 2313 3232 2394 quibus-

625 2441 895 2500 cumque
931 2419 1145 2499 quavis
1179 2418 1361 2480 etiam
1399 2417 1813 2479 Ecclesiastica
1847 2434 2028 2500 atque
2060 2419 2486 2480 Cardinalatus
2519 2419 2811 2498 dignitate
2845 2419 3238 2498 fitlgentibu8‚

624 2548 691 2588 ea
744 2526 974 2601 omnia,
1027 2546 1206 2607 quae,
1260 2527 1336 2586 ad
1384 2524 1826 2587 abundantiam
1876 2526 2231 2606 parandam,
2285 2543 2467 2606 atque
2520 2527 3008 2587 conservandam
3053 2544 3236 2586 erunt

626 2651 994 2717 opportuna,
1042 2632 1381 2715 praecipiat.
1447 2631 1926 2694 Commissarios
1977 2633 2208 2713 ubique
2257 2634 2563 2706 locorum,
2613 2649 2800 2715 prout
2832 2633 3092 2713 exegerit
3127 2653 3237 2693 ne-

517 2758 568 2788 20
625 2743 888 2818 cessitas,
942 2758 1045 2802 aut
1095 2740 1351 2802 suaserit
1404 2739 1646 2817 utilitaS,
1696 2740 1970 2821 deputet,
2026 2757 2234 2800 contra
2267 2739 2673 2821 impedientes
2706 2754 2811 2801 aut
2842 2739 3239 2820 negligenteS,

626 2851 751 2911 sive
788 2855 1128 2910 Annonam
1175 2848 1404 2908 extrahi
1454 2848 1549 2908 vel
1580 2847 1821 2921 abduci,
1854 2866 1962 2928 per
1993 2866 2056 2907 se
2091 2847 2277 2927 ipsOS‚
2314 2863 2416 2908 aut
2448 2866 2558 2928 per
2590 2847 2741 2907 alios
2771 2847 2975 2929 palam
3011 2847 3102 2907 vel
3136 2867 3239 2908 oc-

626 2957 786 3017 culte
822 2969 1239 3036 procurantes,
1270 2955 1579 3035 procetlat,
1614 2954 1851 3034 aliaque
1888 2953 2082 3030 faciat,
2105 2974 2264 3034 quae
2298 2956 2373 3015 ad
2396 2961 2699 3016 Annonae
2733 2956 3072 3015 ubertatem
3105 2973 3240 3015 om-

630 3062 782 3122 nino
817 3061 1117 3141 pertinere
1150 3060 1541 3141 videbuntur.

843 3176 964 3237 82.
1017 3166 1415 3247 Praecipuam
1466 3187 1612 3227 vero
1664 3187 1895 3246 curam,
1948 3184 2004 3228 et
2055 3167 2432 3247 diligentiam
2485 3168 2790 3247 adhibeat,
2840 3185 2904 3228 ut
2949 3168 3247 3250 pecuniae

520 3294 569 3337 25
628 3294 894 3349 summa,
947 3289 1332 3334 scutatorum
1382 3273 1609 3335 scilicet
1659 3274 2072 3337 ducentorum
2126 3274 2390 3335 millium
2439 3296 2470 3334 a
2525 3274 2719 3352 nobiS,
2753 3290 2877 3335 tam
2909 3275 3137 3336 salubri
3173 3295 3240 3335 ac

628 3380 970 3442 necessario
1018 3380 1188 3461 operi
1235 3400 1583 3461 pauperum
1630 3381 1908 3462 inprimis
1975 3402 2154 3442 causa
2210 3398 2457 3461 paterne
2496 3381 2797 3460 assignata
2845 3396 3027 3462 atque
3075 3380 3238 3441 attri-

630 3491 790 3565 buta,
841 3507 954 3549 nec
1008 3489 1071 3548 in
1121 3488 1312 3548 alium
1366 3507 1550 3549 usum
1601 3503 2005 3563 convertatur,
2052 3504 2108 3547 et
2155 3487 2386 3566 integra
2435 3504 2850 3564 conservetur,
2886 3488 3059 3568 quod
3092 3488 3138 3547 si
3177 3489 3240 3547 in

629 3596 914 3656 charitate
952 3602 1253 3656 Annonae
1300 3596 1533 3675 aliquid
1579 3617 1651 3657 ex
1698 3596 1856 3657 dicta
1904 3614 2149 3657 summa
2198 3596 2541 3672 decesserit,
2576 3595 2735 3655 illius
2768 3595 3248 3676 recuperandae,

629 3723 696 3763 ac
744 3701 1208 3781 reintegrandae
1256 3704 1557 3764 rationem
1605 3703 2074 3784 quamprimum
2105 3718 2366 3779 tueatur,
2404 3718 2472 3764 ut
2505 3703 2625 3762 hoc
2658 3702 2977 3783 publicum
3013 3700 3236 3782 praesi-

523 3835 576 3875 πο
631 3811 806 3871 dium
853 3826 908 3870 et
952 3826 1272 3889 tamquam
1323 3809 1767 3890 patrimonium
1818 3829 2182 3891 pauperum,
2229 3810 2593 3871 eorumdem
2629 3808 3053 3871 Cardinalium
3093 3827 3240 3888 pru-

630 3917 853 3993 dentia,
890 3933 944 3976 et
978 3915 1294 3977 sedulitate
1328 3934 1627 3997 perpetuo
1662 3933 2021 3994 asservetur,
2055 3932 2113 3977 et
2147 3931 2330 3997 prout
2363 3916 2427 3977 in
2460 3916 2574 3976 alia
2596 3917 3035 3977 constitutione
3059 3933 3242 3994 super

632 4026 750 4085 hoc
781 4046 813 4084 a
848 4024 1027 4084 nobis
1062 4023 1221 4085 edita
1252 4024 1433 4084 latius
1467 4025 1816 4106 explicatur.

1014 4236 1435 4317 Congregatio
1497 4237 1556 4299 V.
1560 4285 1581 4312 ,
1617 4246 1738 4318 pro
1786 4239 1998 4298 Sacris
2031 4236 2280 4299 Ritzbus
2328 4243 2388 4296 et
2432 4236 2879 4298 CaeremoniiS.

848 4416 979 4475 Jam
1024 4434 1187 4489 vero,
1235 4434 1378 4474 cum
1427 4414 1576 4475 sacri
1624 4414 1777 4476 ritus
1821 4431 1880 4476 et
1912 4414 2352 4489 caeremoniae,
2386 4413 2613 4493 quibus
2647 4414 2914 4475 Ecclesia
2948 4437 2978 4476 a
3012 4415 3238 4496 Spiritu

525 4546 576 4588 35
633 4538 846 4582 sancto
895 4523 1107 4582 edocta
1154 4542 1225 4582 ex
1262 4521 1615 4601 Apostolica
1663 4521 2010 4598 traditione,
2046 4537 2103 4581 et
2135 4521 2455 4600 disciplina
2492 4520 2686 4598 utiter,
2719 4521 2782 4582 in
2817 4522 3240 4583 Sacramento·

634 4649 770 4690 rum
819 4629 1368 4705 administratione,
1416 4628 1640 4689 divinis
1688 4627 1926 4703 officiis,
1977 4629 2276 4708 omnique
2314 4628 2446 4702 Dei,
2496 4644 2552 4687 et
2587 4628 2959 4688 Sanctorum
2992 4647 3243 4689 venera-

633 4737 796 4797 tione
830 4754 1120 4814 magnam
1154 4734 1488 4798 Christiani
1522 4735 1738 4815 populi
1771 4736 2206 4811 eruditionem,
2244 4755 2548 4815 veraeque
2582 4734 2723 4795 fidei
2747 4734 3246 4814 protestationem

631 4844 1006 4915 contineant,
1060 4862 1267 4903 rerum
1314 4861 1625 4903 sacrarum
1664 4841 2047 4920 majestatem
2094 4844 2551 4917 commendant,
2587 4841 2865 4903 fidelium
2899 4857 3136 4903 mentes
3170 4843 3243 4901 ad

631 4970 839 5010 rerum
885 4936 1318 5011 altissimarum
1367 4949 1831 5010 meditationem
1884 4951 2227 5023 sustollant,
2279 4966 2334 5010 et
2387 4950 2731 5011 devotionis
2764 4949 2947 5009 etiam
2981 4948 3118 5027 igne
3151 4947 3244 5006 in-
