3684 5416
634 402 646 435 ¹
663 400 692 436 2
1588 380 1837 438 Ecclesia
1866 379 2274 452 antiquissima.

624 561 1137 643 στραφήσονται
1184 564 1268 624 τὰ
1312 563 1627 648 πρόβατα
1670 566 1766 641 εἰς
1797 563 1901 625 λύ-
1929 562 1935 655 ᾗ
1961 581 2228 627 vertetur
2290 566 2352 626 in
2416 565 2653 625 odium.
2719 584 2778 642 4
2838 562 3003 624 Cum
3067 564 3235 624 enim

625 689 814 746 κους,
847 668 959 731 καὶ
994 670 1032 746 ἡ
1069 670 1298 748 ἀγάπη
1320 668 1784 751 στραφήσεται
1807 672 1905 748 εἰς
1931 674 1935 727 2
1961 689 2134 734 aucta
2157 671 2338 733 fuerit
2359 672 2670 751 iniquitas,
2706 670 2854 732 odio
2882 690 2947 730 se
2968 670 3234 731 invicem

629 781 854 858 μῖσος·
892 801 951 858 4.
989 774 1424 854 αὐξανούσης
1456 778 1593 855 γάρ
1614 779 1732 856 τῆς
1753 781 1904 840 ἀνο-
1933 836 1938 855 ,
1963 780 2281 841 habebunt
2312 795 2370 839 et
2392 793 2845 859 persequentur
2863 793 2924 838 et
2941 777 3234 858 prodent;

631 882 783 966 μίας
815 883 1216 970 μισήσουσιν
1248 883 1587 960 ἀλλήλους
1616 883 1728 945 καὶ
1762 882 1905 945 διώ·
1933 878 1936 979 j
1963 906 2032 946 ac
2062 902 2197 948 tum
2232 884 2548 967 apparebit
2580 885 2747 946 orbis
2780 885 3073 965 deceptor
3102 900 3238 945 tan-

547 1020 569 1062 3
630 992 821 1065 ξουσι
872 992 984 1052 καὶ
1035 988 1548 1067 παραδώσουσι,
1595 990 1706 1051 καὶ
1753 991 1909 1053 τότε
1933 982 1936 999 '
1963 1012 2151 1074 quam
2188 991 2351 1053 filius
2372 992 2487 1052 Dei
2520 1008 2579 1052 et
2614 992 2789 1052 faciet
2819 994 3000 1071 signa
3021 998 3083 1051 et
3085 1000 3238 1071 pro-

527 1557 576 1586 [Ο

558 2090 575 2115 ι
634 2061 710 2137 τῇ
765 2058 973 2120 πίστει
1027 2060 1248 2121 αὐτῶν
1302 2059 1731 2137 σωθήσονται
1796 2061 1905 2122 ἀπ’

528 2626 549 2642 -·
637 2594 1034 2671 σάλπιγγος,
1063 2593 1173 2655 καὶ
1196 2594 1273 2656 τὸ
1295 2593 1516 2671 τρίτον
1537 2595 1914 2673 ἀνάστασις

630 1096 1005 1178 φανήσεται
1050 1098 1089 1156 ὸ
1120 1097 1601 1178 κοσμοπλάνος
1634 1097 1727 1174 ὡς
1758 1097 1908 1173 υἱὸς
1965 1102 2159 1181 digia,
2194 1117 2251 1161 et
2277 1115 2432 1160 terra
2453 1100 2725 1160 tradetur
2746 1100 2808 1159 in
2842 1117 3066 1159 manus
3085 1097 3235 1171 eius,

630 1207 798 1267 θεοῦ
818 1204 930 1266 καὶ
952 1203 1214 1282 ποιήσει
1235 1208 1480 1286 σημεῖα
1498 1203 1612 1265 καὶ
1633 1206 1906 1282 τέρατα,
1965 1222 2025 1269 et
2059 1207 2231 1268 faciet
2264 1207 2499 1287 iniqua,
2534 1225 2693 1286 quae
2728 1224 3056 1285 nunquam
3089 1205 3239 1266 facta

628 1311 740 1373 καὶ
794 1311 832 1389 ἡ
884 1312 970 1389 γῆ
1022 1310 1582 1390 παραδοθήσεται
1643 1312 1739 1387 εἰς
1788 1316 1910 1389 χεῖ·
1964 1331 2112 1375 sunt
2144 1335 2176 1374 a
2208 1312 2487 1374 saeculis.
2545 1334 2599 1392 5.
2634 1312 2806 1374 Tum
2840 1312 3042 1373 veniet
3075 1330 3239 1372 crea-

632 1438 763 1495 ρας
804 1420 1037 1489 αὑτοῦ,
1071 1418 1182 1479 καὶ
1218 1417 1477 1495 ποιήσει
1519 1419 1821 1498 ἀθέμιτα,
1865 1418 1911 1479 ἃ
1935 1402 1941 1449 ¹
1966 1438 2100 1482 tura
2133 1421 2469 1481 hominum
2517 1420 2581 1480 in
2606 1420 2815 1498 ignem
2837 1418 3238 1499 probationis,

633 1523 967 1586 οὐδεποτε
1025 1524 1311 1602 γέγονεν
1370 1525 1443 1597 ἐξ
1508 1525 1776 1600 αἰῶνος.
1854 1549 1906 1606 5.
1936 1486 1940 1593 l
1967 1536 2029 1588 et
2054 1527 2644 1609 scandalizabuntur
2675 1526 2860 1587 nzulti
2885 1543 3068 1605 atque
3103 1544 3241 1605 per-

636 1629 814 1692 Τότε
862 1630 1004 1708 ἥξει
1036 1632 1075 1708 ἡ
1108 1630 1319 1706 κτίσις
1352 1632 1483 1693 τῶν
1534 1628 1911 1709 ἀνθρώπων
1937 1604 1942 1749 ἢ
1968 1636 2178 1709 ibunt;
2244 1637 2356 1715 qui
2412 1654 2549 1694 vero
2584 1635 3118 1714 perseveraverint
3177 1632 3242 1692 in

634 1740 730 1815 εἰς
792 1737 912 1817 τὴν
961 1737 1260 1816 πύρωσιν
1309 1740 1429 1817 τῆς
1484 1736 1908 1820 δοκιμασίας,
1937 1754 1942 1817 Γ
1969 1742 2087 1803 fide
2150 1763 2281 1815 sua,
2346 1741 2748 1802 salvabuntur
2794 1760 2867 1799 ex
2915 1739 3244 1800 maledicto

631 1845 740 1907 καὶ
788 1844 1497 1923 σκανδαλισθήσονται
1530 1846 1764 1908 πολλοὶ
1796 1846 1910 1908 καὶ
1939 1844 1940 1853 ’
1969 1850 2124 1930 ipso.
2193 1850 2248 1909 6.
2308 1846 2584 1928 Tuncque
2636 1845 3018 1927 apparebunt
3062 1848 3244 1925 signa

635 1953 1066 2023 ἀπολοῦνται,
1114 1952 1176 2013 οἱ
1215 1951 1296 2013 δὲ
1326 1953 1803 2034 ὑπομείναντες
1837 1954 1912 2014 ἐν
1939 1996 1942 2005 ‚
1968 1956 2258 2021 veritatis:
2294 1955 2565 2035 primum
2588 1954 2839 2034 signum
2863 1954 3012 2014 caeli
3033 1952 3242 2032 aperti,

1937 2038 2193 2124 'deinde
2241 2065 2485 2142 sagnam
2534 2060 2736 2134 mbae,
2775 2075 2835 2121 et
2866 2060 3116 2120 tertium
3149 2078 3243 2120 re-

636 2166 849 2227 αὑτοῦ
889 2168 1009 2227 τοῦ
1070 2166 1567 2247 καταθέματος.
1650 2173 1708 2232 6.
1774 2168 1909 2229 Καὶ
1968 2168 2267 2231 surrectio
2301 2184 2715 2243 mortuorum,
2767 2188 2824 2232 7.
2861 2186 3066 2247 neque
3099 2183 3246 2226 vero

634 2272 789 2334 τότε
820 2272 1193 2352 φανήσεται
1227 2274 1312 2336 τὰ
1342 2279 1588 2356 σημεῖα
1618 2278 1736 2353 τῆς
1757 2277 1910 2354 ἀλη-
1969 2277 2278 2354 omniurn,
2312 2275 2421 2335 sed
2443 2276 2598 2335 sicut
2616 2274 2854 2335 dictum
2876 2289 2996 2334 est:
3047 2271 3252 2332 Veniet

635 2378 861 2456 θείας·
897 2381 1162 2459 πρῶτον
1182 2386 1462 2462 σημεῖον
1482 2383 1912 2457 ὲκπετάσεως
1937 2342 1942 2459 l
1968 2384 2279 2444 Dominus
2339 2389 2399 2441 et
2457 2402 2662 2442 omnes
2717 2384 2925 2441 sancti
2965 2400 3100 2440 cum
3151 2398 3237 2438 eo.

638 2489 711 2548 ἐν
773 2488 1069 2566 οὐρανῷ,
1136 2486 1280 2549 εἶτα
1342 2492 1620 2569 σημεῖον
1683 2492 1913 2569 φωνῆς
1973 2493 2030 2552 8.
2084 2489 2246 2551 Tunc
2289 2488 2520 2549 videbit
2565 2489 2843 2549 mundus
2895 2486 3244 2548 Dominum

1968 2599 2300 2657 venientem
2334 2605 2524 2677 supra
2557 2595 2745 2655 nubes
2777 2594 2949 2654 caeli.

636 2701 925 2779 νεκρῶν·
991 2726 1047 2772 7.
1091 2703 1172 2762 οὺ
1205 2702 1471 2763 πάντων
1503 2700 1603 2775 δέ,
1639 2702 1782 2765 ἀλλ’
1821 2702 1915 2778 ὡς

641 2808 925 2885 ἐρρέθη·
956 2805 1156 2880 ‘'H-{et
1192 2808 1230 2868 ὁ
1263 2807 1503 2886 κύριος
1533 2809 1646 2870 καὶ
1666 2810 1917 2886 πάντες

639 2915 701 2974 οἱ
736 2916 913 2993 ἅγιοι
948 2915 1079 2995 μετ’
1118 2916 1348 2977 αὑτοῦ,
1387 2921 1442 2980 8.
1465 2915 1642 2978 Τότε
1672 2915 1949 2999 ὄψεταιι

641 3021 680 3078 ὁ
741 3020 1003 3103 κόσμος
1071 3021 1189 3083 τὸν
1247 3021 1485 3099 κύριον
1549 2997 1949 3104 ἐρχόμενονῖ

530 3160 579 3202 25
640 3129 864 3190 ἐπάνω
897 3131 1027 3190 τῶν
1058 3131 1361 3210 νεφελῶν
1392 3132 1511 3192 τοῦ
1546 3132 1871 3207 οὐρανοῦ.
1945 3139 1950 3216 ζ

1517 3369 1573 3422 2.
1613 3368 1957 3425 CLEMENS
1995 3368 2379 3424 ROMANUS.

1373 3498 1483 3558 Ad
1534 3498 2015 3560 Corinthios
2064 3499 2417 3579 epistula
2467 3499 2507 3558 1.

862 3618 890 3647 '⁵
920 3619 1069 3672 Patr.
1089 3620 1413 3690 Ap.Opera,
1442 3617 1476 3669 1.
1515 3635 1553 3670 ι.
1583 3617 1672 3670 ed.
1702 3635 1750 3670 2.
1780 3617 2007 3686 Funk,
2045 3619 2116 3670 Ο.
2143 3618 2200 3671 P.
2231 3621 2296 3670 A.
2324 3618 2394 3672 T.
2429 3636 2470 3671 ι.
2516 3616 2827 3688 Lightfo
2848 3631 2957 3684 ot,
2985 3618 3259 3689 Apostolic-

642 3701 891 3766 Fatlwrs,
920 3699 982 3752 P.
1010 3698 1046 3750 1.
1084 3715 1126 3764 ι,
1156 3714 1207 3767 p.
1245 3715 1309 3767 14
1333 3714 1451 3769 seq.
1498 3697 1782 3769 Knopf,
1819 3697 1877 3752 in
1914 3700 2067 3752 Texte
2104 3716 2154 3751 u.
2192 3699 2404 3752 Unters.
2447 3698 2514 3751 N.
2542 3697 2623 3766 8.,
2648 3698 2717 3767 V,
2756 3715 2794 3750 ι.
2838 3696 3069 3768 Leipzig
3102 3695 3251 3767 ¹899·

533 3802 588 3842 30
642 3779 1027 3845 Har-nack,
1067 3778 1966 3850 Altclaer.Liter.11,1.438—45o.
2017 3778 2614 3848 Bardenhewer‚
2654 3779 2764 3846 §8.
2818 3781 3253 3842 Duchesne‚

642 3862 797 3914 Liber
824 3861 1176 3931 pontificalis,
1213 3858 1251 3927 1,
1278 3875 1332 3928 p.
1363 3858 1913 3915 LXXI—LXXXIII.
1954 3859 1996 3914 F
2015 3878 2103 3914 un
2122 3861 2158 3914 lt
2177 3901 2193 3929 ,
2245 3860 2381 3914 ΑὸΙι.
2410 3879 2461 3913 u.
2496 3860 2639 3927 Unt„
2681 3860 2719 3914 Ι.
2751 3859 3049 3932 308—329.
3100 3858 3163 3912 R.
3190 3860 3259 3912 Α.

644 3940 688 3992 L
707 3938 722 3991 i
741 3956 775 4008 p
795 3937 852 3991 si
873 3954 982 4004 υς,
1035 3938 1118 3989 De
1159 3938 1449 3992 Clementis
1473 3941 1711 3994 Romani
1744 3943 1981 4012 Epistola
2010 3941 2087 3994 ad
2111 3940 2419 3994 Corinthios
2447 3941 2640 4011 priore
2679 3942 2994 4010 disquisitio.
3035 3937 3259 4009 Lipsiae

654 4016 799 4088 1885.
846 4018 891 4070 B
909 4034 934 4069 r
954 4035 987 4070 u
1007 4016 1137 4084 ell,
1188 4020 1307 4072 Der
1342 4025 1487 4073 erste
1512 4021 1680 4091 Bries
1715 4023 1811 4075 des
1851 4021 2096 4075 Clemens
2135 4038 2234 4074 von
2263 4022 2400 4074 Rom
2438 4037 2508 4073 an
2549 4020 2633 4072 die
2659 4019 2958 4074 Korinther
2982 4020 3098 4072 und
3119 4021 3261 4072 seine

636 4098 1058 4170 geschiklttliche
1081 4098 1418 4169 Bedeutung.
1450 4100 1725 4172 Freiburg
1752 4100 1783 4154 i.
1809 4101 1870 4154 Β.
1904 4099 2050 4171 1893.
2092 4102 2254 4181 VVre
2273 4100 2310 4153 d
2327 4117 2384 4166 e,
2419 4100 2905 4169 Untersucleungen
2931 4117 3053 4169 {um
3080 4104 3261 4153 ersten

536 4192 585 4234 :³5
646 4179 1053 4250 Clenzenshrtkf.
1083 4177 1397 4249 Gottingen
1435 4180 1579 4251 1891.
1623 4182 1670 4236 C
1688 4200 1724 4236 o
1744 4200 1778 4236 u
1796 4199 1823 4235 r
1842 4194 1915 4236 to
1933 4181 1991 4235 is
2007 4222 2023 4249 ‚
2061 4184 2316 4253 L'Epitre
2340 4183 2406 4234 de
2427 4181 2672 4235 Clement
2690 4183 2756 4234 de
2777 4184 2960 4237 Rome.
2989 4181 3260 4235 Montan-

645 4261 757 4312 ban
802 4257 948 4329 1894.
1000 4260 1141 4313 Bau
1154 4277 1218 4330 g,
1259 4263 1479 4315 Studien
1519 4266 1650 4316 iiber
1689 4264 1937 4318 Clemens
1976 4265 2257 4318 Romanus
2297 4259 2353 4314 in
2392 4262 2561 4315 leeol.
2591 4263 2812 4315 Studien
2852 4262 2968 4314 und
3000 4262 3261 4314 Kritiken.

647 4338 823 4392 LXXI
854 4337 1039 4410 (1898)
1078 4341 1345 4413 431—86.
1409 4342 1456 4396 L
1476 4360 1511 4396 ο
1533 4360 1561 4395 e
1581 4341 1701 4396 nin
1724 4361 1791 4413 g,
1844 4343 2480 4411 Gemeindeverfassung
2507 4358 2636 4412 pag.
2674 4339 2963 4410 ιι4-ιῂς8.
3015 4340 3054 4396 S
3076 4353 3138 4395 ta
3163 4340 3263 4408 hl,

645 4420 1000 4473 Patristische
1032 4421 1542 4492 Untersuchungen,
1584 4421 1620 4475 1.
1649 4421 1884 4492 Leipzig
1919 4439 2065 4493 ¹90¹·
2131 4421 2171 4477 S
2192 4422 2417 4476 chere
2436 4440 2492 4491 r,
2542 4424 2660 4475 Der
2699 4427 2843 4475 erste
2871 4421 3276 4481 Clemensbrief

645 4518 716 4553 an
742 4501 825 4553 die
847 4501 1139 4556 Corinther
1166 4503 1305 4556 nach
1333 4505 1508 4556 seiner
1526 4504 1976 4573 Bedeutungfic'r
1999 4505 2085 4557 die
2109 4504 2544 4559 Glaubenslelerc·
2569 4508 2668 4556 etc.
2707 4502 3086 4572 Regensburg
3116 4518 3261 4572 ¹90²·

735 4631 1037 4691 XXXVII.
1123 4627 1720 4710 Στρατευσώμεθα
1781 4629 1925 4702 οὖν,
2070 4633 2372 4694 XXXVII.
2410 4632 2747 4692 Militemus
2779 4632 2980 4711 igitur,
3016 4631 3125 4691 viri
3148 4630 3262 4690 fra-

647 4733 903 4812 ἅνδρες
936 4734 1244 4816 ἀδελφοί,
1295 4737 1460 4817 μετὰ
1494 4736 1717 4813 πάσης
1751 4756 1925 4798 εκτε-
1985 4755 2124 4814 ιτεε,
2182 4739 2474 4800 omnibus
2525 4738 2756 4799 viribus
2789 4740 2906 4798 sub
2941 4737 3264 4817 inculpatis

647 4842 923 4918 νείαςέν
941 4847 1082 4918 τοῖς
1098 4841 1397 4924 ἀμώμοις
1414 4844 1930 4923 προστάγμασιν
1987 4846 2119 4907 eius
2154 4846 2506 4927 praeceptis.
2559 4865 2613 4905 2.
2651 4844 3115 4905 consideremus
3149 4842 3263 4903 rni-

650 4953 881 5013 αὐτοῦ.
924 4950 1529 5032 2.κατανοήσωμεν
1548 4949 1710 5027 τοὺς
1732 4967 1929 5028 στρα-
1988 4954 2121 5014 lites
2168 4953 2276 5032 qui
2311 4955 2426 5013 sub
2460 4952 2721 5012 ducibus
2754 4951 2974 5012 nostris
3011 4965 3265 5027 merent,
