3684 5416
286 1518 328 1548 ΙΟ

282 2053 322 2096 ¹5

269 3196 315 3239 ²5

269 3595 320 3638 30

271 4201 319 4244 35

269 4737 324 4776 40

1022 348 1285 403 Potestas
1325 349 1704 405 ecclesiastica
1748 363 1803 404 et
1842 349 2145 412 imperium
2184 349 2358 404 civile.
2892 366 2981 419 ¹9¹

387 533 553 612 quod
584 534 661 594 ad
694 550 1031 614 utrumque
1063 533 1319 594 refertur
1350 548 1475 594 tam
1509 533 1987 596 ecclesiasticum
2023 554 2209 614 quam
2245 534 2452 610 civile;
2488 534 2554 595 in
2586 534 2989 614 quibuscum

387 641 614 720 aliquid
664 643 841 703 fuerit
880 641 1127 703 difficile
1161 642 1262 703 vel¹
1289 642 1675 722 ambiguum,
1722 644 1797 703 ad
1830 643 2130 704 iudicium
2167 659 2255 704 est
2287 644 2449 703 sedis
2497 642 2867 723 apostolicae
2896 662 2990 703 re-

383 748 776 825 currendum,
824 748 1002 810 cuius
1034 750 1400 810 sententiam
1432 749 1541 830 qui
1575 751 1941 831 superbiens
1975 749 2416 830 contempserit
2450 751 2795 816 observare.
2832 748 2991 810 mori

382 854 744 935 praecipitur
774 870 835 915 et
864 854 1086 917 auferri
1117 855 1352 917 malum
1387 857 1463 917 de
1499 856 1699 933 lsrael,
1732 857 1793 917 id
1829 874 1918 918 est
1941 876 2049 938 per
2068 855 2721 918 excommunicationis
2742 870 2990 917 senten-

382 961 527 1021 tiam
558 961 726 1022 velut
757 978 1040 1023 mortuos
1071 983 1104 1023 a
1137 963 1588 1024 communione
1624 964 1902 1026 fidelium
1935 965 2216 1044 separari.
2263 965 2492 1026 Paulus
2524 963 2727 1039 etiam,
2760 979 2833 1025 ut⁴
2862 964 2988 1043 ple·

382 1068 726 1129 nitudinem
781 1069 1092 1149 potestatis
1142 1086 1495 1150 exponeret,
1548 1071 1625 1131 ad
1676 1071 2040 1133 Corinthios
2090 1072 2364 1132 scribens
2413 1072 2523 1131 ait:
2591 1071 2653 1145 (Ι.
2688 1069 2833 1131 Cor.
2880 1071 2989 1149 6⁸)

383 1173 654 1236 Nescitis
699 1178 986 1256 quoniam
1033 1177 1282 1257 angelos
1329 1177 1741 1238 iudicabimus
1753 1202 1786 1251 ,·
1835 1186 2062 1260 quanto
2107 1181 2310 1259 magis
2340 1176 2739 1239 saecularia?
2797 1177 2991 1238 Porro

382 1281 704 1342 saecularis
736 1281 1012 1344 officium
1050 1283 1366 1364 potestatis
1399 1283 1711 1345 interdum
1733 1300 1791 1345 et
1810 1285 1876 1345 in
1898 1284 2270 1365 quibusdam
2292 1304 2402 1365 per
2419 1304 2501 1362 se,
2533 1302 2989 1364 nonnunquam

380 1404 587 1450 autem
634 1404 696 1449 et
742 1389 805 1450 in
854 1390 1150 1453 nonnulis
1197 1411 1305 1471 per
1348 1391 1502 1453 alios
1548 1392 1798 1472 exsequi
1844 1392 2180 1453 consuevit.
2244 1392 2413 1453 Licet
2457 1390 2643 1470 igitur
2674 1410 2818 1451 cum
2853 1389 2993 1451 filiis

380 1495 709 1576 saepedicti
757 1495 915 1578 regis
947 1496 1351 1576 Francorum,
1400 1499 1477 1560 de
1509 1498 1740 1578 quibus
1772 1518 1853 1559 an
1889 1499 2114 1560 fuerint
2146 1499 2402 1578 legitimi
2435 1499 2511 1559 ab
2544 1497 2720 1559 initio
2751 1496 2991 1561 dubita-

377 1616 494 1678 tur,
516 1602 876 1664 duxerimus
898 1604 1404 1685 dispensandum,
1424 1606 1569 1685 quia
1588 1621 1795 1667 tamen
1818 1622 1944 1668 tam
1966 1606 2060 1667 lex
2084 1607 2355 1672 Mosaica
2388 1606 2591 1684 (Dent.
2616 1626 2693 1686 23
2713 1607 2767 1686 ς)
2801 1624 2992 1687 quam

379 1709 674 1771 canonica
708 1711 993 1773 sobolem
1025 1727 1371 1793 susceptam
1405 1730 1477 1772 ex
1496 1710 1798 1773 adulterio
1818 1713 2170 1788 detestatur,
2204 1727 2459 1778 testante
2481 1712 2762 1791 domino,
2796 1733 2991 1773 mam-

376 1835 481 1895 {er
529 1831 588 1876 et
631 1817 881 1897 spurius
912 1839 1101 1899 usque
1132 1822 1197 1881 in
1230 1821 1526 1880 decimam
1551 1822 2010 1900 generationem
2044 1823 2111 1882 in
2141 1820 2461 1880 ecclesiam
2496 1840 2614 1880 non
2649 1819 2993 1892 intrabunt,

377 1941 622 1984 canone
653 1943 801 1985 vero
833 1941 1076 1987 vetante
1108 1925 1256 1989 tales
1289 1926 1363 1987 ad
1384 1945 1590 1987 sacros
1611 1926 1861 1988 ordines
1883 1926 2266 2006 promoveri;
2301 1926 2716 1988 saecularibus
2736 1944 2991 2006 quoque

376 2030 621 2109 legibus
647 2049 798 2103 ⁴non
839 2032 1045 2094 solum
1079 2032 1515 2115 repellentibus
1547 2051 1655 2093 eos
1686 2054 1719 2093 a
1752 2032 2143 2094 successione
2177 2049 2448 2114 paterna,
2481 2033 2589 2093 sed
2624 2033 2994 2108 negantibus

378 2136 529 2217 ipsis
574 2137 757 2199 etiam
806 2139 1110 2214 alimenta,
1156 2139 1688 2222 supersedendum
1734 2140 1941 2201 adhuc
1989 2139 2277 2202 duximus
2324 2138 2600 2219 petitioni
2632 2140 2993 2219 praedictae,

375 2264 487 2305 nec
525 2245 604 2306 ad
636 2265 926 2326 praesens
956 2266 1143 2328 super
1173 2248 1296 2308 hoc
1324 2246 1445 2308 tuis
1478 2247 1762 2327 precibus
1795 2248 2225 2322 annuendum,
2259 2247 2479 2321 donec,
2512 2245 2561 2307 si
2596 2245 2729 2306 fieri
2747 2245 2990 2325 poterit,

375 2367 436 2412 et
481 2352 668 2434 culpa
711 2353 904 2415 levior
935 2369 995 2415 et
1027 2353 1364 2415 iurisdictio
1396 2353 1644 2415 liberior
1674 2355 2067 2425 ostendatur:
2117 2352 2255 2415 licet
2287 2371 2617 2434 personam
2648 2367 2820 2413 tuam
2853 2371 2992 2433 spe-

375 2460 549 2522 cialis
594 2460 939 2524 dilectionis
977 2461 1272 2524 bracchiis
1303 2460 1747 2542 amplexemur,
1773 2476 1858 2523 ,et
1890 2461 1954 2523 in
1988 2462 2217 2541 quibus
2248 2479 2395 2523 cum
2427 2459 2547 2520 deo
2580 2474 2641 2520 et
2672 2459 2994 2520 honestate

375 2586 737 2647 possumuS,
767 2569 1099 2649 specialem
1132 2568 1239 2630 tibi
1271 2568 1532 2629 velimus
1563 2569 1821 2648 gratiam
1855 2568 2158 2629 exhibere.

481 2803 543 2857 c.)
595 2792 1092 2849 Innocentius
1132 2793 1219 2847 111.
1260 2792 1907 2864 compositionem
1947 2793 2147 2849 inter
2186 2794 2597 2848 Iohannem
2637 2808 2888 2862 regem

373 2874 795 2945 Anglorum
849 2887 920 2929 et
973 2877 1298 2930 barones
1356 2874 1544 2931 dicti
1594 2873 1808 2946 regni
1862 2875 1946 2945 de
2000 2873 2508 2953 libertatibus,
2558 2872 2993 2944 anglicanis

595 2953 874 3010 factam
912 2957 1277 3026 reprobat
1316 2954 1628 3026 penitus
1668 2969 1738 3010 et
1778 2955 2100 3010 damnat.
2153 2954 2480 3022 [Potikast
2515 2971 2565 3007 n.
2590 2957 2780 3025 4990}

598 3099 625 3127 ‘
675 3100 986 3154 Bullarium
1023 3100 1378 3172 diplomatum
1416 3105 1474 3154 et
1514 3102 1865 3172 privilegium
1901 3102 1993 3156 SS.
2032 3102 2186 3154 Rom.
2226 3100 2562 3170 Pontificum.
2623 3062 2995 3152 Taurinensis

376 3177 581 3234 editio.
608 3179 781 3234 Tom.
807 3176 892 3233 111.
935 3196 988 3250 p
1017 3177 1137 3251 298.
1199 3180 1508 3245 Hurter‚
1550 3182 1828 3251 Innocenz.
1868 3181 1962 3234 III.
2004 3179 2177 3234 Tom.
2207 3178 2268 3232 11.
2309 3196 2362 3248 p.
2390 3178 2495 3250 656
2522 3193 2682 3249 seqq.
2735 3176 2995 3232 Green.

375 3260 609 3330 History
644 3260 716 3329 of
743 3259 830 3313 the
868 3260 1092 3330 Engltsh
1130 3260 1330 3333 People.
1391 3260 1642 3316 London
1694 3258 1840 3332 ⁸887.
1881 3260 2055 3314 Tom.
2095 3260 2134 3312 1.
2192 3276 2323 3330 pag.
2365 3275 2467 3329 247
2506 3274 2628 3329 seq.
2696 3257 2996 3321 Gneist,

378 3338 676 3408 Englische
718 3339 1417 3410 Verfassungsgesehichte.
1459 3339 1651 3397 Berlin
1685 3338 1834 3394 1882.
1877 3340 1912 3407 ἓ
1945 3357 2027 3411 17.
2076 3339 2116 3395 S
2137 3351 2159 3393 t
2176 3357 2211 3392 u
2229 3339 2265 3393 b
2284 3339 2319 3392 b
2337 3355 2393 3398 s,
2442 3336 2543 3392 Ure
2581 3338 2998 3392 Constitutional

378 3420 611 3489 History
647 3419 1014 3491 ‹ffEngland-
1069 3418 1290 3475 Oxford
1337 3423 1486 3493 1875.
1527 3419 1792 3476 Tom.11.
1833 3420 2140 3492 p26seqq.
2190 3418 2723 3481 Ladenbauer‚
2762 3417 2818 3472 in
2858 3421 2997 3473 Zeit-

375 3499 737 3569 schriftfilr
761 3500 960 3553 kathol.
1012 3500 1310 3571 Theologie.
1363 3499 1511 3556 1882.
1552 3517 1605 3571 p.
1636 3514 1948 3570 201—2473
1991 3517 2288 3573 393—437.
2343 3497 2745 3561 Maitland‚
2785 3501 2921 3553 Rom
2925 3518 2996 3553 m

376 3580 572 3634 Canon
611 3580 733 3633 law
769 3582 821 3633 in
862 3579 950 3633 the
988 3580 1208 3635 Chare-h
1247 3583 1319 3652 of
1345 3582 1612 3653 England
1669 3582 1910 3635 London
1946 3580 2094 3652 1898.
2134 3598 2187 3651 p.
2217 3597 2479 3666 50—-t00-

597 3747 728 3809 Etsi
791 3747 1195 3827 charissimus
1257 3749 1323 3809 in
1374 3748 1626 3811 Christo
1683 3748 1844 3809 filius
1896 3763 2108 3810 noster
2154 3749 2425 3809 Joannes
2490 3766 2592 3808 rex
2644 3748 2996 3828 Anglorum

379 3855 659 3931 illustris,
692 3854 895 3915 Deum
942 3871 1002 3915 et
1034 3854 1364 3918 Ecclesiam
1413 3856 1805 3916 vehementer
1837 3854 2179 3930 offenderit,
2214 3855 2380 3916 unde
2412 3873 2531 3916 nos
2563 3874 2708 3916 eum
2748 3855 2998 3917 vinculo

379 3961 1049 4024 excommunicationis
1095 3960 1559 4039 innodavimus,
1609 3978 1666 4022 et
1710 3979 1971 4041 regnum
2007 3962 2140 4023 eius
2174 3960 2588 4022 ecclesiastico
2621 3961 3000 4024 subiecimus

378 4068 730 4147 interdicto,
782 4069 912 4150 ipse
955 4084 1164 4129 tamen
1211 4068 1336 4144 (illo
1369 4069 1845 4133 misericorditer
1874 4068 2233 4150 inspirante,
2265 4067 2374 4147 qui
2410 4087 2542 4128 non
2577 4068 2705 4128 vult
2736 4085 2997 4132 mortem

380 4176 739 4257 peccatoris,
776 4176 884 4237 sed
908 4192 975 4253 ut
995 4191 1385 4238 convertatur
1418 4193 1475 4237 et
1505 4176 1705 4251 vivat),
1737 4176 1988 4237 tandem
2021 4193 2364 4237 conversus
2386 4175 2462 4235 ad
2486 4194 2608 4250 cor,
2628 4175 2763 4237 Deo
2796 4193 2853 4238 et
2884 4178 2997 4240 Ec-

381 4282 606 4344 clesiae
653 4282 963 4343 humiliter
1011 4280 1318 4360 satisfecit,
1363 4282 1427 4342 in
1474 4297 1709 4342 tantum
1745 4282 1920 4361 quod
1956 4300 2087 4342 non
2119 4282 2323 4344 solum
2357 4283 2998 4363 recompensationem

383 4410 501 4471 pro
553 4391 812 4466 damnis,
862 4388 1309 4450 restitutionem
1359 4389 1633 4450 exhibuit
1677 4408 1789 4471 pro
1851 4388 2083 4467 ablatis,
2144 4410 2356 4451 verum
2420 4390 2601 4450 etiam
2664 4389 2998 4471 plenariam

382 4499 726 4559 libertatem
773 4496 1031 4558 contulit
1064 4496 1369 4557 Ecclesiae
1402 4496 1797 4575 Anglicanae.
1861 4495 2166 4572 Quinimo
2206 4514 2466 4578 utraque
2514 4498 2813 4559 sententia
2845 4500 2999 4559 rela-

381 4620 543 4681 xata,
574 4623 838 4685 regnum
871 4623 1059 4666 suum
1092 4621 1217 4665 tam
1248 4602 1528 4682 Angliae,
1567 4622 1756 4684 quam
1792 4603 2127 4665 Hiberniae
2160 4606 2337 4665 beato
2370 4605 2572 4680 Petro,
2606 4620 2664 4664 et
2695 4604 3000 4666 Ecclesiae

381 4714 707 4774 Romanae
741 4712 1076 4774 concessit:
1111 4711 1411 4792 reciqiens
1442 4710 1599 4772 illud
1630 4711 1695 4772 in
1730 4712 1992 4773 feudum
2026 4714 2143 4774 sub
2174 4732 2387 4774 annuo
2420 4732 2607 4773 censu
2642 4712 2807 4773 mille
2840 4734 2999 4774 mar-

383 4839 622 4897 carum,
653 4819 960 4881 fidelitatis
993 4819 1174 4881 nobis
1208 4819 1353 4880 inde
1387 4819 1673 4901 praestito
1706 4820 2071 4898 iuramento,
2118 4820 2277 4881 sicut
2309 4839 2415 4902 per
2448 4820 2836 4901 privilegium
2869 4822 3002 4882 eius

382 4947 574 4991 aurea
619 4927 784 4988 bulla
830 4925 1158 4988 munitum.
1225 4927 1446 4988 Adhuc
1494 4927 1674 4989 etiam
1707 4927 2121 5009 omnipotenti
2157 4927 2291 4989 Deo
2321 4927 2591 5009 amplius
2623 4926 2859 5008 placere
2894 4929 3000 4989 de—
