3684 5416
322 1551 371 1583 to

317 2631 372 2661 20

317 3165 371 3207 25

320 3708 376 3751 30

1501 388 1671 441 Curia
1713 405 1971 443 romana.
2063 433 2066 436 ,
2942 412 3031 462 50¹

428 569 723 630 mandato
775 568 946 629 vivae
995 570 1164 630 vocis
1216 571 1471 633 oraculo
1524 571 1886 647 hujusmodi
1921 590 2243 649 constaret,
2278 591 2462 653 prout
2496 575 2560 636 in
2593 577 2823 639 eisdem
2855 578 3043 638 literis

432 677 658 737 nostris
691 676 934 757 plenius
965 678 1334 739 continetur.

641 793 765 862 54.
812 783 980 845 Cum
1030 800 1236 844 autem
1289 785 1443 845 sicut
1488 803 1689 865 nuper
1737 805 1867 847 non
1911 786 2044 847 sine
2092 788 2279 848 animi
2325 789 2518 850 nostri
2551 789 2829 851 molestia
2862 790 3045 851 etiam

427 890 799 971 accepimus,
832 890 1121 971 praedicti
1156 892 1303 967 juris
1336 893 1714 973 interpreteS,
1763 911 1821 954 et
1852 894 1958 954 alii
1989 912 2506 977 praesumptores,
2537 913 2594 956 et
2627 897 2818 958 durae
2850 896 3041 957 cervi-

434 997 538 1070 cis,
590 996 961 1074 hujusmodi
1013 997 1214 1058 literas
1266 999 1773 1061 poenitentiariae
1825 1000 1970 1061 dicti
2022 1002 2478 1063 Poenitentiarii
2531 1003 2741 1080 nostri,
2797 1023 3039 1065 necnon

429 1105 691 1178 decretO,
721 1103 1138 1180 declarationi,
1175 1123 1232 1167 et
1273 1108 1565 1167 mandato
1599 1107 1821 1169 nostris
1855 1109 2182 1189 praedictis
2211 1109 2415 1170 adhuc
2446 1112 2870 1190 obtemperare
2892 1130 3042 1172 con-

428 1210 746 1271 tumaciter
781 1228 1205 1285 contemnant,
1240 1232 1307 1274 ac
1341 1232 1445 1274 ore
1479 1214 1778 1294 sacrilego
1811 1215 2056 1295 publice
2090 1215 2289 1277 dicere
2323 1231 2382 1276 et
2413 1216 2673 1295 allegare
2706 1235 2837 1280 non
2872 1238 3039 1279 vere-

427 1336 626 1397 antur,
676 1319 878 1379 literas
927 1318 1430 1381 poenitentiariae
1478 1321 1837 1400 hujusmodi
1884 1322 2116 1399 solum,
2164 1339 2223 1384 et
2267 1323 2583 1384 dumtaxat
2627 1323 2690 1385 in
2724 1324 2860 1385 foro
2893 1344 3043 1385 con-

428 1425 730 1502 scientiae,
763 1445 891 1486 non
927 1441 1133 1486 autem
1168 1425 1231 1486 in
1264 1425 1398 1488 foro
1432 1426 1702 1505 judiciali
1736 1427 2099 1506 hujusmodi
2131 1429 2366 1491 admitti
2401 1431 2641 1508 debere,
2664 1430 3040 1510 Maiorisque

429 1535 882 1595 poenitentiarii
917 1533 1283 1612 hujusmodi
1316 1521 1678 1616 potestatem
1714 1537 1788 1598 ad
1825 1538 2034 1599 forum
2066 1539 2498 1619 poenitentiae,
2545 1554 2604 1600 et
2633 1540 3046 1601 conscientiae

430 1641 747 1703 dumtaxat
793 1662 857 1702 se
891 1642 1235 1719 extendere,
1283 1658 1342 1703 et
1374 1644 1711 1704 restrictam
1744 1642 1892 1712 fore,
1928 1644 2258 1724 ipsumque
2293 1643 2598 1722 Maiorem
2632 1647 3040 1708 poenitentia-

430 1747 593 1808 rium
638 1747 777 1808 licet
822 1747 886 1808 in
933 1748 1174 1810 casibus
1218 1748 1382 1828 juxta
1416 1748 1766 1811 facultatem
1798 1750 1912 1811 sibi
1944 1771 1980 1811 a
2011 1750 2169 1812 Sede
2203 1751 2505 1832 praedicta
2540 1771 2897 1814 concessam
2931 1774 3035 1834 per

429 1875 492 1915 se
526 1854 731 1934 ipsum
766 1855 1139 1935 dispensare,
1186 1872 1245 1916 et
1277 1858 1591 1918 absolvere
1628 1858 1834 1930 valeat,
1884 1857 2018 1918 aliis
2049 1873 2257 1919 tamen
2291 1858 2670 1934 absolvendi,
2706 1875 2764 1921 et
2796 1860 3045 1940 dispen-

429 1961 624 2036 sandi,
675 1961 946 2043 aliasque
1000 1963 1317 2025 facultates
1363 1964 1476 2025 sibi
1525 1983 1848 2026 concessas
1896 1985 2004 2046 per
2049 1965 2250 2026 literas
2298 1984 2436 2025 suas
2483 1965 2866 2026 committere
2913 1985 3038 2027 non

430 2088 645 2149 posse:
695 2068 780 2130 eis
828 2089 1082 2150 quoque
1128 2088 1209 2131 an
1252 2070 1458 2131 literae
1505 2091 1667 2151 quae
1703 2090 1812 2152 per
1848 2071 2190 2151 praefatum
2221 2070 2502 2133 officium
2535 2071 3037 2134 poenitentiariae

430 2175 856 2257 expediuntur,
904 2191 965 2236 et
1013 2177 1327 2257 expeditae
1377 2179 1765 2258 reperiuntur
1811 2179 2165 2240 secundum
2209 2178 2538 2258 antiquum
2584 2178 2816 2260 stylum
2849 2178 3042 2259 ipsius

430 2281 614 2343 officii
661 2282 976 2364 expeditae
1027 2283 1274 2360 fuerint,
1327 2300 1383 2344 et
1430 2285 1833 2365 expediantur
1887 2285 2143 2346 minime
2190 2301 2491 2361 constare,
2527 2301 2585 2347 et
2619 2301 2939 2366 propterea
2970 2285 3045 2343 de

427 2408 640 2450 earum
672 2390 981 2451 validitate
1012 2391 1234 2452 merito
1266 2392 1529 2453 dubitari
1565 2393 1805 2467 debere,
1840 2392 2247 2474 pluribusque
2279 2392 2409 2455 aliis
2441 2412 2509 2453 ac
2543 2392 2859 2471 exquisitis
2892 2411 3037 2469 sug-

426 2496 829 2575 gestionibus,
882 2513 941 2558 et
990 2498 1478 2560 cavillationibus
1532 2499 1821 2579 praedicti
1873 2499 2122 2576 Maioris
2177 2499 2629 2562 poenitentiarii
2682 2513 3037 2580 potestatem

428 2604 811 2685 impugnare,
843 2620 903 2665 et
934 2605 1340 2666 nihilominus
1373 2605 1503 2683 ejus
1535 2605 1741 2667 literae
1775 2605 2133 2684 hujusmodi
2164 2606 2509 2667 executioni
2530 2606 2764 2667 debitae
2785 2606 3040 2666 deman·

427 2711 668 2788 dentur,
717 2727 775 2773 et
808 2730 1109 2792 personae
1141 2732 1296 2792 quas
1329 2731 1718 2774 concernunt
1751 2713 1995 2774 illarum
2030 2712 2304 2774 votivum
2337 2733 2406 2773 ac
2438 2714 2714 2775 debitum
2748 2713 3034 2774 effectum

427 2818 725 2896 consequi
773 2820 1027 2892 valeant,
1073 2819 1363 2895 indebite,
1413 2835 1472 2880 et
1522 2819 1745 2896 injuste
1798 2819 2120 2901 impedire,
2172 2819 2531 2901 eisdemque
2583 2820 2861 2902 personis
2893 2840 3042 2881 con-

427 2940 516 2983 tra
549 2939 829 2986 tenorem
861 2926 1173 2988 literarum
1211 2928 1655 3007 praedictarum
1692 2929 1929 2991 diversa
1961 2931 2077 2991 alia
2111 2931 2444 3009 molestias,
2477 2950 2545 2991 ac
2580 2931 2803 2991 damna
2825 2926 3044 2989 inferre

431 3049 560 3091 non
608 3035 995 3109 erubescant,
1043 3034 1108 3094 in
1156 3034 1509 3097 animarum
1553 3056 1806 3098 suarum
1845 3038 2208 3118 periculum,
2240 3057 2309 3098 ac
2343 3038 2534 3119 ipsius
2570 3034 3041 3111 poenitentiarii,

429 3138 624 3199 immo
658 3140 860 3201 verius
892 3141 1103 3216 nostri,
1136 3157 1195 3202 et
1226 3140 1402 3205 Sedis
1437 3144 1775 3224 praedictae
1807 3161 2258 3227 contemptum,
2289 3162 2347 3206 et
2368 3144 2795 3227 vilipendium,
2819 3161 2886 3202 ac
2908 3160 3044 3222 per·-

428 3266 727 3308 sonarum
779 3267 993 3309 earum
1041 3248 1490 3329 praejudicium
1545 3271 1671 3312 non
1725 3253 2065 3327 modicum,
2117 3269 2176 3315 et
2226 3272 2576 3335 gravamen,
2629 3248 3042 3331 perniciosum

429 3372 684 3433 quoque
717 3356 1089 3436 exemplum,
1123 3372 1180 3418 et
1211 3357 1572 3417 scandalum
1609 3360 2044 3438 plurimorum.

645 3471 674 3531 S
717 3483 769 3542 5.
822 3465 954 3525 Nos
986 3480 1190 3525 tantae
1223 3465 1563 3540 temeritati,
1605 3483 1659 3525 et
1694 3465 1999 3541 audaciae,
2039 3482 2224 3546 prout
2256 3480 2471 3525 nostro
2503 3464 2806 3525 incumbit
2837 3462 3045 3522 officio

430 3569 800 3650 opportunis
850 3571 1140 3632 remediis
1186 3590 1530 3645 occurrere,
1578 3592 1646 3632 ac
1698 3572 1948 3648 Maioris
1983 3571 2456 3645 poenitentiarii,
2506 3586 2564 3631 et
2596 3568 2802 3643 officii,
2836 3587 3046 3647 perso-

431 3695 780 3758 narumque
827 3678 1191 3756 hujusmodi
1243 3677 1442 3739 literas
1491 3677 1786 3757 praefatas
1836 3698 1950 3758 pro
1982 3694 2261 3760 tempore
2295 3677 2768 3757 expedientium,
2802 3675 3043 3751 honori,

433 3787 840 3866 indemnitati,
890 3802 949 3847 et
979 3786 1284 3847 securitati
1318 3787 1637 3847 consulere
1672 3786 1968 3863 volentes,
2008 3788 2186 3848 Motu
2220 3784 2402 3846 simili
2437 3805 2571 3847 non
2603 3786 2679 3845 ad
2712 3783 2901 3865 ipsius
2932 3785 2957 3843 J
2969 3803 3043 3842 u-

430 3892 574 3954 liani
611 3893 1079 3970 Poenitentiarii,
1132 3895 1224 3955 vel
1274 3894 1534 3971 alicujus
1582 3894 1826 3956 alterius
1875 3892 2056 3955 nobis
2088 3912 2275 3973 super
2309 3894 2428 3953 hoc
2463 3893 2702 3955 oblatae
2737 3890 3050 3972 petitionis

432 4001 801 4078 instantiam,
833 4002 941 4062 sed
975 4002 1051 4062 de
1087 4020 1293 4063 nostra
1326 4022 1492 4064 mera
1529 4002 1981 4079 deliberatione,
2016 4019 2073 4063 et
2106 4002 2442 4077 voluntate,
2462 4016 2520 4060 et
2552 4021 2622 4061 ex
2657 4016 2816 4061 certa
2849 3998 3045 4058 scien·

433 4109 510 4169 tia
561 4108 917 4170 auctoritate
952 4111 1307 4190 Apostolica
1354 4129 1570 4173 tenore
1619 4110 2038 4191 praesentium
2085 4107 2493 4183 decernimuS,
2539 4123 2599 4168 et
2645 4105 3047 4173 declaramus,

352 4245 369 4285 ᾗ
433 4216 773 4296 praefatum
806 4217 1144 4291 lulianum,
1191 4235 1249 4279 et
1294 4238 1408 4300 pro
1454 4236 1733 4299 tempore
1780 4218 2140 4279 existentem
2174 4215 2470 4276 maiorem
2506 4212 3049 4276 Poenitentiarium

433 4324 817 4402 hujusmodi,
868 4345 998 4386 non
1032 4326 1235 4386 solum
1273 4345 1381 4405 per
1412 4346 1476 4386 se
1511 4327 1712 4406 ipsum
1750 4325 1811 4385 in
1845 4325 2083 4385 casibus
2116 4324 2277 4401 juxta
2313 4322 2627 4386 facultates
2660 4321 2771 4383 sibi
2805 4343 2837 4382 a
2871 4340 3044 4402 prae-

430 4433 587 4494 dicta
622 4433 779 4494 Sede
827 4453 1147 4495 concessas
1197 4435 1569 4515 dispensare,
1624 4448 1683 4493 et
1716 4432 2050 4503 absolvere,
2082 4446 2140 4491 et
2172 4430 2614 4506 absolutiones,
2649 4445 2706 4490 et
2738 4429 3050 4509 dispensa-

430 4539 626 4599 tiones
658 4539 1177 4602 Christifidelibus
1224 4541 1671 4621 impendendas
1704 4538 2065 4616 hujusmodi
2115 4538 2179 4598 in
2227 4538 2479 4599 diversis
2515 4537 2735 4598 Mundi
2772 4536 3042 4617 partibus

430 4665 536 4725 per
568 4665 708 4705 suas
740 4646 942 4707 literas
975 4647 1105 4707 aliis
1140 4634 1522 4709 committere
1554 4647 1741 4706 libere
1776 4661 1834 4705 et
1867 4645 2026 4706 licite
2064 4644 2362 4725 potuisse,
2393 4660 2452 4704 et
2486 4660 2684 4724 posse.

644 4761 672 4821 S
710 4755 766 4814 6.
815 4752 1133 4834 Quodque
1181 4755 1387 4815 literae
1434 4772 1870 4834 quaecumque
1920 4772 2024 4833 per
2069 4752 2348 4812 'officium
2383 4750 2884 4812 poenitentiariae
2929 4752 3045 4809 sub

430 4863 614 4922 solito
647 4862 849 4942 sigillo
882 4863 1162 4945 oblongo
1198 4862 1259 4923 in
1292 4882 1425 4923 cera
1458 4864 1666 4933 rubea,
1702 4877 1757 4920 et
1791 4880 1971 4940 capsa
2005 4879 2174 4920 cerae
2197 4860 2368 4920 albae
2391 4858 2719 4938 impressae
2741 4856 3043 4936 pendente

431 4970 729 5030 hactenus
762 4970 1093 5050 expeditae,
1126 4985 1183 5029 et
1216 4988 1376 5047 quae
1410 4968 1471 5028 in
1507 4983 1823 5047 posterum
1859 4965 2128 5045 expediri
2164 4965 2495 5042 continget,
2529 4965 2691 5040 juxta
2723 4963 3045 5041 antiquum
