3684 5416
372 1627 423 1659 10

372 2162 417 2205 ¹5

366 2694 421 2728 ²0

365 3230 417 3274 25

364 3763 419 3808 30

364 4297 417 4341 35

1552 449 1721 505 Curia
1759 466 2021 504 romana.
2994 449 3089 522 551'

618 683 621 686 .
695 635 924 712 Quoad
973 635 1262 716 plumbea
1311 634 1684 696 numismata
1732 653 1852 694 una
1901 653 2046 695 cum
2093 633 2339 696 adiectis
2385 636 2654 698 cordulis
2686 636 3096 719 praecipimus

481 765 549 805 ea
595 743 899 804 servanda>
937 757 1176 804 tantum
1213 762 1341 804 esse
1373 742 1436 803 in
1469 741 1844 823 Apostolicis
1879 740 2119 802 Litteris
2153 742 2578 820 collationum,
2610 745 2998 806 erectionum
3033 761 3091 805 et

477 851 1104 917 dismembrationum
1152 849 1605 911 Beneficiorum
1655 848 1983 926 maiorum,
2032 867 2144 909 nec
2188 868 2320 910 non
2377 849 2440 908 in
2467 848 2602 920 ,aliis
2633 849 2888 912 Sanctae
2922 851 3098 913 Sedis

477 957 864 1019 solemnibus
909 956 1073 1017 actis,
1110 937 1210 1016 ‘In
1259 953 1514 1035 reliquis
1547 973 1692 1014 vero
1723 954 1937 1015 litteris
1969 969 2028 1015 et
2060 955 2419 1035 praesertim
2454 956 2518 1017 in
2550 956 2666 1018 illis
2699 978 2858 1038 quae
2892 959 3092 1019 Bene-

477 1064 613 1125 ficia
657 1064 896 1125 minora
943 1083 1013 1124 ac
1058 1061 1545 1143 dispensationes
1590 1080 1789 1142 super·
1821 1061 2281 1143 impedimentis
2313 1047 2878 1125 matrimonialibus
2902 1064 3093 1145 respi-

480 1170 671 1248 ciunt,
705 1169 1103 1231 Auctoritate
1134 1168 1360 1230 Nostra
1407 1167 1781 1248 Apostolica,
1831 1187 1941 1248 per
1987 1183 2339 1249 praesentes
2384 1170 2599 1231 eadem
2647 1171 2990 1249 abolemus,
3037 1188 3096 1232 et
3170 1174 3173 1178 ’

479 1275 704 1337 abolita
738 1275 869 1337 fore
901 1275 1228 1337 statuimus
1260 1290 1320 1336 et
1352 1275 1741 1353 mandamus,
1761 1273 1961 1355 iisque
1994 1275 2278 1336 substitui
2310 1296 2380 1336 ac
2412 1277 2824 1353 substitutam,
2856 1294 2916 1338 et
2946 1281 3094 1340 sub-

478 1369 754 1463 rogatam
790 1384 919 1444 fore
953 1383 1242 1444 iubemus
1275 1381 1751 1463 impressionem
1785 1382 1955 1442 rubri
1990 1382 2216 1443 coloris
2249 1383 2431 1464 sigilli
2466 1384 2706 1445 noviter
2726 1383 3096 1445 conficiendi

475 1489 779 1569 imagines
826 1491 1106 1571 ipsorum
1139 1479 1592 1569 Apostolorum
1625 1487 1783 1548 Petri
1830 1504 1888 1548 et
1920 1487 2095 1549 Pauli
2142 1488 2479 1568 referentis,
2529 1490 2930 1571 inscriptione
2964 1490 3095 1551 No-

475 1597 658 1658 minis
708 1596 1023 1677 regnantis
1055 1596 1299 1657 Summi
1332 1594 1647 1656 Pontificis
1697 1595 2136 1655 circumducta.
2200 1594 2382 1671 Quae
2427 1611 2626 1657 autem
2672 1615 2785 1678 pro
2838 1595 3098 1658 fideliter

476 1704 898 1765 custodiendis
943 1722 1001 1766 et
1046 1704 1424 1765 asservandis
1475 1703 1716 1785 plumbi
1749 1703 2201 1765 numismatum
2232 1705 2393 1786 typis
2426 1719 2646 1766 statuta
2677 1720 2846 1783 sunt,
2877 1706 3094 1767 eadem
3193 1709 3198 1714 '

476 1830 587 1894 per
617 1826 967 1893 praesentes
998 1811 1451 1873 confirmamus·
1476 1825 1659 1891 atque
1695 1810 2072 1872 examussim
2107 1810 2487 1872 observanda
2520 1830 2650 1872 esse
2682 1811 3094 1874 decernimus.

691 1919 1121 1995 Quamobrem
1158 1918 1594 1980 Cardinalibus
1643 1917 1886 1979 Nostris
1922 1918 2345 1995 Pro-DatariO,
2395 1931 2453 1977 et
2486 1917 2544 1979 S.
2579 1919 2654 1979 R.
2691 1919 2760 1979 E.
2795 1919 3096 1981 Vicecan-

476 2026 722 2088 cellario
769 2045 1120 2106 eorumque
1168 2045 1280 2107 pro
1326 2041 1607 2106 tempore
1642 2022 2120 2085 Successoribus
2168 2025 2287 2085 hoc
2334 2024 2565 2085 Nostro
2613 2023 2791 2084 Motu
2840 2025 3094 2106 proprio

476 2132 883 2214 praecipimus
930 2149 988 2194 et
1033 2131 1441 2212 iniungimus,
1490 2146 1559 2193 ut
1589 2131 1705 2212 ipsi
1741 2132 1803 2192 in
1837 2146 2155 2213 posterum
2191 2132 2255 2192 in
2287 2150 2684 2211 quacumque
2719 2131 3094 2193 Litterarum-

474 2241 978 2320 Apostolicarum
1029 2239 1391 2301 huiusmodi
1437 2239 1848 2320 expeditione,
1897 2238 2181 2321 superius
2229 2239 2564 2320 praemissa
2595 2254 2782 2318 atque
2815 2239 3094 2300 ordinata

476 2367 621 2428 prae
668 2347 862 2408 oculis
907 2347 1226 2424 habentes,
1273 2366 1342 2407 ea
1377 2346 1631 2407 firmiter
1662 2348 2015 2424 observent,
2049 2361 2109 2407 et
2141 2348 2217 2406 ab
2250 2345 2566 2422 omnibuS,
2597 2360 2656 2406 et
2686 2344 2946 2424 singulis
2979 2345 3094 2405 sibi

475 2454 805 2535 respective
836 2451 1124 2531 subjectis
1156 2452 1564 2532 Officialibus‚
1598 2452 1910 2526 ministriS,
1945 2473 2014 2514 ac
2047 2452 2328 2534 personis
2359 2450 2865 2533 quibuscumque
2897 2451 3095 2513 invio·

472 2560 731 2621 labiliter
761 2561 1073 2621 observari
1107 2560 1346 2622 faciant.

687 2669 833 2730 Non
880 2669 1268 2730 obstantibus
1315 2667 1638 2749 quibusvis
1671 2666 2241 2730 constitutionibus
2274 2682 2334 2728 et
2367 2665 2881 2729 ordinationibus
2919 2670 3094 2749 Apo—

473 2776 723 2855 stolicis‚
759 2796 850 2855 ac,
885 2790 1193 2856 quatenus
1227 2796 1388 2857 opus
1420 2775 1516 2853 sit,
1551 2776 1627 2835 de
1661 2775 1793 2836 iure
1826 2775 2107 2855 quaesito
2140 2794 2270 2836 non
2302 2774 2615 2843 tollendo:
2666 2773 2926 2854 aliisque
2960 2775 3092 2834 No-

473 2884 608 2945 stris
654 2899 713 2944 et
745 2882 1159 2944 Cancellariae
1194 2882 1593 2963 Apostolicae
1641 2882 1899 2961 regulis;
1950 2902 2063 2943 nec
2113 2902 2248 2944 non
2283 2881 2634 2960 Privilegiis‚
2668 2881 2944 2959 Indultis,
2977 2881 3091 2942 Fa-

475 2991 818 3070 cultatibus,
852 3007 910 3052 et
947 2989 1186 3051 Litteris
1206 2990 1583 3072 Apostolicis
1614 2988 1858 3070 speciali
1893 2989 2212 3051 mentione
2245 2988 2466 3068 dignis,
2499 3005 2556 3049 et
2588 3007 2662 3049 ex
2693 3008 3098 3071 quacumque

474 3116 656 3158 causa
690 3097 790 3158 hic
822 3096 1029 3157 forsan
1064 3098 1141 3158 de
1175 3097 1528 3159 necessitate
1561 3095 1979 3177 exprimenda,
2022 3097 2332 3157 concessis
2364 3096 2716 3177 approbatis
2747 3113 2806 3157 et
2838 3098 3093 3159 innova-

473 3204 569 3281 tis,
614 3204 833 3265 usibus
878 3224 1155 3285 quoque,
1201 3204 1389 3286 stylis,
1436 3203 1996 3265 consuetudinibus
2040 3204 2225 3264 etiam
2271 3202 2597 3273 diuturnis,
2645 3218 2706 3263 et
2747 3203 3095 3265 inveteratis

473 3309 537 3370 in
571 3311 950 3372 contrarium
984 3311 1467 3391 praemissorum
1499 3309 1978 3390 quomodolibet
2011 3308 2374 3370 facientibus
2408 3309 2504 3370 vel
2536 3309 2898 3370 extantibus,
2932 3309 3095 3384 Qui-

474 3418 588 3476 bus
634 3418 929 3480 omnibus
974 3433 1033 3479 et
1078 3418 1333 3498 singulis
1368 3417 1610 3478 illarum
1644 3415 1932 3477 omnium
1965 3431 2024 3475 et
2057 3414 2443 3495 singularum
2476 3430 2726 3476 tenores
2762 3433 2876 3493 pro
2912 3416 3096 3494 plene

472 3538 530 3584 et
560 3522 936 3586 sufficienter
967 3524 1265 3607 expressis
1298 3539 1357 3584 et
1388 3522 1627 3583 insertis
1670 3523 1967 3583 habentes
1999 3523 2075 3582 ad
2110 3521 2590 3602 praemissorum
2633 3521 2923 3583 effectum
2955 3542 3083 3601 spe·

472 3631 701 3692 cialiter
744 3648 800 3692 et
846 3652 1128 3714 expresse
1161 3631 1583 3712 praesentibus
1629 3630 1819 3690 huius
1865 3629 2075 3690 Nostri
2111 3630 2320 3690 Motus
2355 3628 2583 3708 proprii
2634 3630 2878 3694 Litteris
2912 3632 3094 3693 dero·

471 3757 715 3816 gamus,
746 3740 996 3800 caeteris
1029 3738 1352 3801 contrariis
1382 3737 1915 3819 quibuscumque.

689 3846 860 3907 Nulli
906 3865 1055 3927 ergo
1102 3846 1434 3908 hominum
1478 3845 1655 3906 liceat
1701 3844 1989 3925 paginam
2033 3845 2193 3904 hanc
2225 3844 2484 3905 Nostrae
2519 3843 2890 3920 abolitioniS,
2927 3844 3092 3924 Sup-

474 3951 823 4031 pressionis,
882 3953 1378 4033 Subrogationis,
1428 3950 1961 4029 Confirmationis,
2014 3950 2346 4031 Praecepti‚
2399 3950 2637 4028 Statuti,
2691 3950 2983 4027 Mandati,
3035 3965 3096 4010 et

477 4058 826 4120 Voluntatis
873 4060 1230 4141 infringere,
1279 4060 1373 4120 vel
1419 4057 1476 4119 ei
1521 4077 1678 4118 ausu
1717 4057 2044 4119 temerario
2077 4058 2399 4119 contraire.
2466 4057 2528 4118 Si
2562 4057 2701 4137 quis
2734 4073 2940 4118 autem
2973 4057 3094 4116 hoc

472 4181 705 4227 tentare
742 4168 1242 4249 praesumpserit,
1277 4166 1770 4245 indignationem
1805 4165 1920 4226 Dei
1953 4165 2436 4247 OmnipotentiS,
2474 4180 2533 4225 et
2565 4166 2901 4226 Beatorum
2933 4162 3094 4224 Petri

474 4288 533 4333 et
566 4273 735 4334 Pauli
771 4274 1223 4354 Apostolorum
1257 4275 1391 4334 eius
1423 4294 1487 4334 se
1524 4273 1762 4334 noverit
1794 4274 2209 4336 incursurum.

691 4398 917 4459 Datum
954 4398 1193 4458 Romae
1242 4398 1407 4478 apud
1444 4398 1743 4458 Sanctum
1778 4397 2027 4456 Petrum
2061 4396 2159 4457 die
2195 4398 2490 4475 vigesima
2525 4417 2694 4459 nona
2728 4397 3093 4459 Decembris

484 4505 668 4574 1878.

1518 4594 1633 4654 Leo
1681 4593 1813 4654 PP.
1862 4590 2039 4653 XIII.

1163 4722 1427 4783 Carolus
1458 4721 1640 4784 Card.
1675 4722 1940 4782 Sacconi
1967 4720 2422 4782 Pro-DatariuS.
