3684 5416
1107 356 1360 410 Potestas
1399 356 1777 413 ecclesiastica
1816 371 1873 412 et
1911 358 2212 430 imperium
2251 360 2427 417 civile.
2972 383 3067 439 ¹23

462 540 623 600 tierit
654 555 714 600 et
745 559 890 602 cum
920 539 1115 620 ipsius
1149 540 1442 622 principis
1472 543 1728 622 epistola
1760 544 1836 604 ad
1871 545 2166 625 episcopo
2198 566 2317 607 suo
2352 545 2531 608 fuerit
2550 567 2849 626 reversus,
2884 569 3067 611 excu-

465 662 630 706 satus
679 646 1021 726 recipiatur.
1092 646 1202 707 His
1248 647 1357 727 qui
1391 648 1596 728 ipsum
1630 665 1768 728 post
1799 650 2291 711 admonitionem
2327 652 2615 731 pontefici
2648 674 2765 716 suo
2797 671 3070 718 retenere

466 753 960 833 praesumpserit,
993 775 1025 814 a
1059 770 1270 815 sancto
1301 750 1746 816 communione
1780 756 2070 835 privetur.

677 882 738 937 4.
792 861 874 923 Ut
906 860 1150 923 nullum
1181 861 1461 924 iudicum
1495 862 1569 923 de
1603 863 1879 943 qualebit
1911 864 2129 925 ordine
2160 863 2431 926 clerecus
2451 867 2528 927 de
2547 867 2830 928 civilibus
2850 869 3071 946 causis,

377 995 400 1038 5
464 984 699 1050 praeter
743 969 1056 1031 criminale
1105 970 1384 1049 negucia,
1432 988 1541 1050 per
1585 990 1649 1032 se
1697 969 2059 1050 distringere
2089 986 2195 1032 aut
2225 973 2518 1034 damnare
2553 991 2919 1054 praesumat,
2953 976 3069 1036 nisi

463 1076 803 1137 convicitur
834 1074 1227 1152 manefestuS,
1265 1092 1519 1156 excepto
1553 1079 1907 1159 presbytero
1939 1094 2044 1139 aut
2077 1077 2361 1140 diacono,
2397 1078 2526 1155 Qui
2549 1082 2810 1143 convicti
2844 1080 3072 1143 fuerint

461 1183 536 1244 de
582 1183 841 1244 crimine
886 1181 1143 1262 capitali,
1187 1182 1351 1243 iuxta
1398 1202 1666 1244 canones
1710 1183 2154 1263 distringantur
2198 1201 2256 1246 et
2302 1204 2446 1247 eum
2494 1187 2901 1267 ponteficibus
2933 1207 3073 1250 exa-

460 1292 792 1351 minentur.

680 1417 731 1476 5.
795 1394 989 1471 Quod
1036 1395 1085 1456 si
1133 1414 1315 1457 causa
1362 1396 1521 1457 inter
1566 1415 1899 1476 personam
1945 1398 2259 1477 publicam
2298 1414 2356 1460 et
2387 1399 2750 1463 hominibus
2783 1403 3069 1464 ecclesiae

346 1529 399 1560 ιο
460 1504 705 1570 steterit,
751 1503 969 1584 pariter
1015 1504 1091 1564 ab
1125 1518 1386 1584 utraque
1420 1520 1652 1585 partem
1687 1506 2019 1585 praepositi
2051 1506 2444 1569 ecclesiarum
2479 1524 2539 1569 et
2570 1508 2754 1571 iudex
2785 1510 3071 1591 publicus

458 1611 524 1672 in
556 1610 861 1673 audientia
897 1609 1140 1691 publica
1174 1610 1355 1691 positi
1388 1630 1495 1671 eos
1528 1611 1790 1673 debeant
1821 1611 2112 1674 iudicare.

675 1720 731 1780 6.
794 1718 1193 1798 Cuicumque
1236 1717 1555 1794 defunctu,
1604 1719 1654 1780 si
1701 1720 2021 1782 intestatus
2067 1722 2409 1800 decesserit,
2457 1723 2797 1804 propinqui
2831 1726 3066 1804 absque

458 1825 882 1887 contrarietate
914 1824 1190 1886 iudicum
1227 1824 1291 1885 in
1323 1825 1458 1885 eius
1491 1825 1839 1887 facultatem
1874 1828 2040 1891 iuxta
2072 1829 2273 1908 legem
2306 1830 2657 1892 succedant.

674 1953 731 1998 7.
801 1933 1083 1993 Libertus
1128 1931 1580 2012 cuiuscumque
1624 1932 2047 2015 ingenuorum
2095 1956 2128 1995 a
2174 1937 2615 2012 sacerdotibus,
2661 1935 2826 1997 iuxta
2871 1952 3069 1998 textus

342 2065 391 2108 ις,
456 2055 759 2101 cartarum
810 2038 1212 2118 ingenuetatis
1261 2058 1409 2101 suae
1461 2040 1747 2110 contenit,
1800 2040 2237 2117 defensandus‚
2284 2062 2398 2104 nec
2448 2045 2683 2123 absque
2731 2045 3068 2123 praesentia

456 2145 728 2227 episcopi
759 2162 865 2208 aut
896 2145 1226 2227 praepositi
1255 2147 1542 2207 aeclesiae
1566 2167 1698 2208 esse
1718 2147 2089 2209 iudicandus
2111 2150 2207 2210 vel
2227 2149 2302 2210 ad
2326 2149 2644 2230 publicum
2667 2152 3068 2211 revocandus.

671 2254 729 2314 8.
791 2252 873 2315 Ut
908 2251 1290 2333 ubicumque
1325 2272 1547 2314 census
1580 2272 1784 2315 novus
1817 2254 2003 2334 impie
2038 2255 2299 2317 addetus
2328 2272 2417 2317 est
2448 2271 2507 2317 et
2539 2277 2572 2317 a
2608 2256 2844 2338 populo
2879 2257 3065 2318 recla—

455 2377 675 2430 matur,
709 2359 874 2421 iuxta
906 2359 1358 2439 inquaesitione
1394 2359 1866 2422 misericorditer
1896 2362 2275 2424 emendetur.

670 2487 729 2544 9.
776 2466 867 2526 De
899 2466 1178 2527 toloneo:
1215 2487 1285 2529 ea
1317 2467 1452 2528 loca
1485 2469 1702 2528 debeat
1733 2469 1903 2548 exegi
1939 2470 2032 2529 vel
2067 2471 2144 2531 de
2165 2470 2487 2551 speciebus
2508 2471 2676 2551 ipsis,
2710 2490 2870 2551 quae
2891 2491 3065 2553 prae-

331 2600 391 2633 πο
455 2573 795 2634 cidentium
841 2573 1210 2655 principum,
1267 2575 1327 2635 id
1374 2590 1465 2635 est
1514 2594 1714 2655 usque
1757 2576 2080 2638 transitum
2128 2579 2291 2638 bone
2337 2577 2635 2638 memorie
2681 2578 3063 2641 domnorum

456 2697 778 2761 parentum
799 2697 1156 2745 nostrorum
1178 2682 1619 2759 Gunthramni,
1657 2682 2010 2764 Chilperici‚
2044 2683 2373 2765 Sigiberthi
2408 2703 2626 2765 regum
2659 2700 2749 2746 est
2769 2703 3066 2749 exactum.

680 2809 770 2850 ιο.
833 2789 1040 2851 ludaei
1089 2810 1277 2871 super
1325 2789 1690 2853 christianus
1740 2792 1995 2853 actionis
2046 2792 2322 2873 publicas
2373 2811 2551 2871 agere
2603 2812 2735 2855 non
2783 2793 3062 2855 debeant.

453 2894 857 2975 Quicumque
891 2916 955 2957 se
988 2941 1002 2954 .
1035 2947 1049 2960 .
1082 2940 1096 2955 .
1128 2913 1271 2958 tuos
1305 2944 1320 2958 .
1357 2943 1371 2957 .
1410 2943 1424 2957 .
1460 2897 1602 2958 dine
1623 2897 1856 2960 sociare
1881 2899 2374 2980 praesumpserit,
2393 2899 2841 2961 severissimam
2861 2900 3059 2978 legem

453 3021 526 3064 ex
558 3003 855 3064 canonica
889 3004 1157 3065 incurrat
1186 3003 1504 3065 sententia.

330 3137 386 3181 25
677 3129 770 3171 ιι.
836 3110 917 3173 Ut
968 3130 1081 3191 pax
1130 3125 1190 3171 et
1236 3110 1556 3191 disciplina
1610 3111 1674 3172 in
1720 3132 1916 3195 regno
1963 3133 2176 3175 nostro
2222 3114 2314 3190 sit,
2361 3114 2615 3176 Christo
2667 3115 3063 3197 propiciante,

437 3223 740 3298 perpetua
786 3224 849 3277 et
888 3224 959 3277 ut
1000 3217 1260 3279 revellus
1306 3218 1403 3279 vel
1447 3217 1796 3282 insullentia
1849 3221 2158 3282 malorum
2192 3221 2525 3284 hominum
2556 3222 2937 3284 severissime
2972 3240 3066 3281 re-

453 3339 769 3404 primatur.

682 3450 770 3494 12.
821 3431 893 3491 Et
927 3430 1137 3491 nullus
1176 3430 1358 3507 judex
1389 3431 1464 3491 de
1498 3430 1628 3491 aliis
1661 3432 1990 3512 provinciis
2021 3449 2124 3494 aut
2158 3435 2519 3512 regionibus
2552 3435 2616 3497 in
2649 3436 2763 3496 alia
2796 3436 2930 3497 loca
2961 3456 3064 3497 or-

451 3536 730 3605 dinetur:
783 3551 866 3613 ut,
898 3538 948 3598 si
979 3538 1215 3618 aliquid
1241 3539 1397 3599 mali
1424 3539 1498 3599 de
1546 3539 1925 3618 quibuslibet
1970 3539 2443 3601 condicionibus
2491 3542 2938 3621 perpetraverit,
2987 3542 3062 3602 de

327 3674 388 3718 30
450 3642 580 3703 suis
625 3643 888 3724 propriis
933 3647 1116 3706 rebus
1162 3646 1380 3706 exinde
1426 3645 1602 3726 quod
1647 3644 1805 3707 male
1855 3647 2162 3708 abstolerit
2213 3648 2377 3709 iuxta
2410 3647 2558 3728 legis
2592 3649 2811 3709 ordine
2842 3649 3059 3710 debeat

451 3767 809 3812 restaurare.

677 3879 767 3940 ¹3·
802 3861 1248 3941 Praeceptionis
1279 3867 1523 3922 nostrae
1540 3870 1663 3942 per
1691 3864 1899 3923 omnia
1934 3862 2324 3942 impleantur.
2375 3862 2459 3922 Et
2485 3863 2650 3943 quod
2664 3872 2786 3943 per
2815 3863 3056 3924 easdem

451 3965 632 4027 fuerit
676 3966 1021 4028 ordinatum
1059 3977 1178 4049 per
1219 3968 1654 4050 subsequentia
1701 3969 2002 4049 praecepti
2051 3969 2405 4031 nullatenus
2452 3970 2806 4031 annullatur
2836 3990 2948 4032 nec
2980 3971 3055 4030 de

438 4074 682 4155 palatio
713 4081 923 4136 nostro
955 4075 1108 4135 tales
1140 4074 1588 4156 praeceptionis
1621 4077 2025 4156 requirantur
2059 4082 2122 4136 et
2147 4078 2380 4137 sicuti.
2424 4122 2437 4135 .
2479 4122 2493 4135 .
2534 4122 2548 4136 .
2578 4087 2629 4158 p
2660 4123 3056 4138 ........

325 4209 383 4252 35
450 4181 754 4242 audientia
786 4181 1047 4243 violatus
1081 4228 1488 4242 ........
1528 4189 1823 4244 statutum
1839 4185 1993 4261 fuit.

665 4289 823 4367 (14?)
860 4335 3060 4354 ..................................

452 4417 651 4477 usque
702 4399 1031 4458 transitum
1082 4396 1273 4458 bonae
1323 4399 1652 4458 memoriae
1697 4398 2054 4459 domnorum
2109 4414 2434 4478 parentum
2484 4417 2839 4462 nostrorum
2874 4399 3059 4462 Gun-

451 4503 727 4564 thramni
755 4501 815 4565 C
815 4502 1110 4584 hilperici
1137 4503 1482 4584 Stgn‘berthi
1523 4524 1734 4585 regum
1773 4548 1981 4565 .....
2019 4508 2082 4565 si
2107 4507 2246 4586 quis
2277 4527 2418 4566 vero
2451 4550 2652 4567 .....
2686 4508 2786 4568 die
2821 4508 3065 4587 ingredi

451 4610 560 4671 ille
604 4613 714 4691 qui
754 4610 1074 4690 ingredere
1119 4611 1384 4672 voluerit
1429 4610 1539 4672 ubi
1580 4612 1795 4673 domus
1841 4611 2129 4692 possedit,
2178 4613 2565 4691 pontificium
2613 4614 2829 4675 habeat
2866 4634 3061 4694 usque

322 4743 388 4784 40
451 4717 823 4779 audientiam
853 4716 1188 4780 defensare.
1251 4717 1657 4779 Ecclesiarum
1692 4737 1788 4779 res
1819 4718 2211 4780 sacerdotum
2244 4736 2302 4779 et
2336 4739 2682 4801 pauperum
2715 4720 2825 4801 qui
2856 4740 2920 4781 se
2953 4720 3061 4781 de-

452 4822 685 4885 fensare
728 4843 858 4885 non
904 4840 1182 4905 possunt,
1231 4847 1264 4886 a
1311 4825 1617 4887 iudicibus
1665 4826 1940 4906 publecis
1983 4845 2184 4906 usque
2218 4827 2595 4888 audientiam
2628 4846 2736 4909 per
2768 4827 3059 4888 iustitiam

452 4930 865 5010 defensentur,
912 4934 1074 4993 salva
1108 4932 1442 4994 emunitate
1478 4932 1964 5014 praecidentium
1997 4934 2399 5011 domnorum,
2432 4935 2606 5014 quod
2640 4933 2927 4995 ecclesiae
2959 4947 3064 4993 aut
