3684 5416
463 1519 513 1551 lo

466 2055 511 2097 ¹5

465 2607 517 2638 20

466 3142 516 3185 25

471 3676 524 3720 30

469 4209 520 4253 35

563 352 633 434 26
1193 352 1461 407 Potestas
1497 352 1881 409 ecclestastica
1920 366 1978 408 et
2013 352 2319 425 imperium
2357 352 2534 408 civile.

565 534 764 594 infans
798 533 951 595 farre
983 550 1317 608 contectus,
1355 552 1423 598 ut
1454 535 1716 617 decipiat
1746 536 2054 615 incautos,
2087 537 2422 617 adponitur
2452 536 2508 598 ei
2541 537 2647 618 qui
2668 537 2850 598 sacris
2871 536 3176 598 inbuatur.

565 641 614 701 is
649 640 852 702 infans
883 661 917 701 a
947 641 1256 703 tirunculo
1290 642 1459 703 farris
1491 643 1814 724 superficie
1847 644 2022 724 quasi
2043 644 2121 705 ad
2141 643 2428 706 innoxios
2449 645 2604 706 ictus
2625 660 2964 725 prouocato
2983 644 3180 705 caecis

566 748 947 828 occultisque
997 748 1357 810 uulneribus
1407 750 1722 811 occiditur.
1784 750 1999 828 huius,
2053 769 2167 831 pro
2216 749 2419 812 nefas!
2486 750 2759 813 sitienter
2809 750 3177 831 sanguinem

568 856 869 933 lambunt,
920 856 1105 917 huius
1151 858 1421 918 certatim
1469 862 1744 920 membra
1791 859 2178 941 dispertiunt,
2228 859 2343 920 hac
2388 858 2780 921 foederantur
2812 858 3031 934 hostia,
3064 859 3180 920 hac

571 962 944 1024 conscientia
990 963 1232 1025 sceleris
1275 965 1352 1025 ad
1396 966 1708 1027 silentium
1744 983 2035 1028 mutuum
2070 967 2489 1049 pignerantur.
2554 967 2707 1028 haec
2737 986 2905 1028 sacra
2934 966 3176 1028 sacrile—

567 1067 682 1147 giis
717 1068 1010 1130 omnibus
1040 1070 1339 1131 taetriora.
1403 1086 1463 1131 et
1493 1071 1569 1132 de
1601 1072 1898 1133 conuiuio
1929 1087 2151 1134 notum
2182 1087 2303 1146 est;
2364 1071 2592 1155 passim
2623 1091 2843 1133 omnes
2873 1071 3178 1146 locuntur,

565 1178 626 1238 id
660 1178 843 1239 etiam
875 1178 1173 1240 Cirtensis
1205 1180 1399 1240 nostri
1430 1196 1679 1242 testatur
1710 1180 1925 1243 oratio,
1974 1182 2049 1242 ad
2085 1181 2296 1262 epulas
2326 1180 2615 1244 sollemni
2647 1181 2746 1242 die
2780 1194 3008 1242 coeunt
3037 1198 3181 1241 cum

566 1284 859 1346 omnibus
889 1284 1114 1364 liberis,
1149 1287 1483 1364 sororibus,
1518 1289 1834 1366 matribus,
1869 1309 2049 1351 sexus
2080 1288 2288 1351 omnis
2321 1289 2610 1351 homines
2641 1303 2700 1348 et
2730 1287 2934 1349 omnis
2952 1285 3180 1348 aetatis.

565 1393 684 1453 illic
733 1409 873 1474 post
915 1394 1141 1455 multas
1184 1395 1416 1477 epulas,
1466 1394 1572 1456 ubi
1618 1396 1989 1458 conuiuium
2035 1396 2220 1458 caluit
2251 1413 2309 1456 et
2343 1396 2605 1457 incestae
2634 1393 2904 1456 libidinis
2932 1391 3178 1454 ebriatis

568 1500 775 1561 feruor
820 1501 1054 1579 exarsit,
1099 1501 1280 1579 canis,
1327 1503 1434 1583 qui
1481 1503 1849 1565 candelabro
1896 1523 2087 1564 nexus
2132 1519 2239 1579 est,
2285 1503 2438 1564 iacta
2469 1501 2697 1564 offulae
2729 1500 2885 1562 ultra
2917 1498 3183 1580 spatium
3264 1509 3274 1517 ·

564 1608 781 1684 lineae,
833 1627 957 1687 qua
1009 1608 1255 1670 uinctus
1302 1625 1410 1687 est,
1457 1610 1532 1670 ad
1578 1610 1882 1691 impetum
1927 1625 1987 1672 et
2030 1609 2253 1671 saltum
2299 1624 2693 1689 prouocatur.
2754 1606 2842 1667 sic
2870 1624 3092 1668 euerso
3124 1621 3183 1667 et

566 1716 833 1776 extincto
880 1716 1129 1777 conscio
1175 1717 1409 1777 lumine
1449 1716 1897 1798 inpudentibus
1930 1717 2199 1778 tenebris
2230 1735 2423 1778 nexus
2457 1714 2745 1776 infandae
2777 1712 3183 1794 cupiditatatis

570 1821 914 1883 inuoluunt
958 1840 1067 1903 per
1112 1822 1413 1883 incertum
1457 1824 1660 1898 sortis,
1713 1823 1824 1884 etsi
1872 1842 2006 1885 non
2052 1841 2272 1885 omnes
2317 1841 2523 1904 opera,
2574 1820 2943 1882 conscientia
2975 1833 3183 1879 tamen

569 1930 791 2010 pariter
822 1928 1054 2008 incesti,
1097 1930 1395 2010 quoniam
1431 1947 1583 1992 uoto
1618 1929 2053 1991 uniuersorum
2086 1930 2396 2011 adpetitur
2426 1927 2730 2009 quicquid
2761 1926 3033 1988 accidere
3063 1942 3180 2006 po-

568 2054 680 2098 test
713 2038 778 2098 in
810 2051 948 2097 actu
980 2037 1386 2116 singulorum.
1442 2036 1500 2117 [l.
1533 2058 1586 2099 c.
1621 2057 1759 2119 pag.
1805 2036 1919 2117 xm}

783 2147 935 2227 Cap.
983 2165 1074 2207 io.
1141 2144 1334 2206 Multa
1382 2161 1698 2227 praetereo
1742 2145 2065 2208 consulto:
2113 2166 2257 2208 nam
2304 2163 2363 2207 et
2393 2146 2543 2207 haec
2577 2145 2758 2208 nimis
2790 2143 2982 2206 multa
3014 2158 3179 2216 sunt,

569 2272 728 2333 quae
768 2268 872 2313 aut
902 2252 1114 2314 omnia
1144 2269 1250 2314 aut
1279 2253 1571 2334 pleraque
1606 2250 1935 2333 [omnium]
1971 2272 2115 2314 uera
2149 2254 2412 2315 declarat
2443 2253 2633 2335 ipsius
2667 2271 2892 2334 prauae
2924 2249 3171 2329 religio-

568 2362 663 2422 nis
708 2361 1068 2422 obscuritas.
1131 2380 1244 2422 cur
1288 2361 1514 2422 etenim
1560 2361 1871 2422 occultare
1917 2376 1975 2423 et
2017 2361 2396 2424 abscondere
2442 2360 2744 2441 quicquid
2776 2358 2930 2421 illud
2963 2359 3179 2421 colunt

569 2488 944 2550 magnopere
975 2469 1271 2546 nituntur,
1306 2488 1452 2531 cum
1484 2468 1744 2532 honesta
1773 2489 2021 2550 semper
2050 2468 2301 2551 publico
2333 2469 2659 2550 gaudeant,
2692 2470 2922 2530 scelera
2951 2482 3181 2529 secreta

571 2576 731 2637 sint?
765 2594 876 2636 cur
907 2574 1108 2637 nullas
1140 2595 1273 2636 aras
1306 2576 1554 2652 habent,
1589 2577 1820 2658 templa
1851 2575 2045 2654 nulla,
2082 2576 2252 2637 nulla
2286 2592 2431 2637 nota
2462 2575 2807 2651 simulacra,
2838 2592 3183 2655 numquam

574 2683 775 2765 palam
823 2681 1021 2762 loqui,
1068 2700 1412 2763 numquam
1459 2683 1648 2745 libere
1681 2685 2061 2764 congregari,
2097 2683 2214 2745 nisi
2249 2681 2423 2760 illud,
2456 2683 2632 2763 quod
2660 2682 2878 2746 colunt
2904 2697 2966 2743 et
2995 2681 3183 2743 inter-

573 2792 870 2872 primunt,
915 2805 1021 2850 aut
1053 2791 1439 2870 puniendum
1474 2808 1564 2852 est
1593 2808 1699 2853 aut
1732 2792 2147 2873 pudendum?
2198 2792 2369 2852 unde
2400 2808 2606 2852 autern
2644 2790 2747 2852 uel
2778 2789 2920 2870 quis
2950 2788 3049 2849 ille
3077 2804 3187 2864 aut

573 2898 678 2958 ubi
728 2897 881 2957 deus
930 2895 1171 2973 unicuS,
1219 2896 1540 2973 solitarius,
1592 2898 1951 2974 destitutus,.'
1986 2915 2177 2976 quem
2225 2916 2355 2958 non
2387 2915 2540 2976 gens
2571 2896 2781 2973 libera,
2814 2912 2945 2956 non
2976 2913 3186 2973 regna,

572 3024 705 3065 non
751 3005 969 3066 saltem
1003 3003 1284 3064 Romana
1330 3005 2065 3085 superstitionouerunt?
2125 3005 2497 3065 Iudaeorum
2527 3003 2660 3064 sola
2692 3018 2750 3064 et
2780 3002 3003 3063 misera
3033 3019 3187 3083 gen-

573 3113 755 3173 tilitas
804 3130 1006 3172 unum
1051 3126 1110 3172 et
1154 3110 1267 3192 ipsi
1299 3111 1510 3187 deum,
1553 3113 1665 3173 sed
1700 3112 1922 3192 palam,
1974 3113 2080 3173 sed
2110 3111 2378 3193 templis,
2409 3111 2552 3177 aris.
2588 3110 2856 3171 uictimis
2887 3109 3187 3170 caerimo-

576 3218 819 3298 niisque
853 3218 1200 3296 coluerunt,
1229 3217 1411 3279 cuius
1442 3218 1596 3279 adeo
1631 3218 1798 3280 nulla
1831 3218 1929 3278 uis
1961 3225 2074 3278 nec
2106 3231 2375 3298 potestas
2406 3232 2515 3293 est,
2548 3232 2616 3278 ut
2647 3215 2723 3278 sit
2743 3216 3043 3278 Romanis
3064 3235 3184 3276 nu-

573 3325 846 3388 minibus
891 3345 1038 3387 cum
1080 3346 1190 3387 sua
1229 3325 1342 3387 sibi
1373 3327 1624 3388 natione
1655 3325 1959 3407 captiuus.
2016 3341 2077 3385 at
2108 3325 2227 3385 iam
2263 3324 2594 3387 Christiani
2626 3339 2855 3404 quauta
2887 3340 3186 3400 monstra,

575 3453 735 3514 quae
771 3449 1052 3514 portenta
1086 3433 1483 3512 confingunt!
1520 3433 1727 3494 Deum
1760 3433 1936 3493 illurn
1965 3451 2175 3508 suum,
2206 3450 2397 3514 quem
2434 3451 2545 3492 nec
2575 3433 2901 3494 ostendere
2921 3447 3184 3515 possunt

577 3560 692 3601 nec
741 3541 974 3618 uidere,
1027 3541 1093 3602 in
1138 3541 1425 3602 omnium
1471 3559 1697 3616 mores,
1748 3555 1920 3599 actus
1965 3539 2274 3616 omnium,
2305 3541 2495 3600 uerba
2526 3538 2799 3619 denique
2826 3553 2890 3599 et
2918 3537 3191 3601 occultas

578 3647 981 3730 cogitationes
1012 3647 1332 3726 diligenter
1363 3645 1702 3726 inquirere:
1766 3644 2211 3706 discurrentem
2257 3644 2485 3707 scilicet
2524 3660 2709 3724 atque
2742 3644 2979 3724 ubique
3011 3663 3187 3725 prae-

577 3771 811 3816 sentem
871 3756 1204 3817 molestum
1250 3753 1425 3814 illum
1487 3754 1730 3827 uolunt,
1777 3753 2155 3834 inquietum,
2208 3752 2583 3834 inpudenter
2626 3751 2808 3814 etiam
2854 3751 3190 3829 curiosum,

576 3862 884 3942 siquidem
930 3863 1123 3923 adstat
1171 3861 1337 3923 factis
1383 3861 1695 3938 omnibus,
1742 3860 1897 3920 locis
1927 3860 2221 3921 omnibus
2251 3860 2580 3939 intererrat,
2614 3879 2755 3922 cum
2788 3879 2902 3921 nec
2930 3858 3192 3937 singulis

578 3968 876 4029 inseruire
924 3967 1114 4048 possit
1161 3986 1270 4047 per
1316 3966 1606 4027 uniuersa
1654 3964 1963 4027 districtus
2011 3984 2125 4026 nec
2172 3965 2474 4026 uniuersis
2522 3964 2851 4027 sufficere
2836 3986 2899 4026 m
2929 3964 3191 4045 singulis

578 4091 933 4156 occupatus,
1001 4073 1058 4154 [1.
1095 4095 1145 4135 c.
1179 4093 1314 4155 pag.
1360 4071 1472 4152 ¹4]

792 4183 942 4262 Cap.
984 4202 1005 4243 ι
1031 4202 1080 4243 ι.
1117 4180 1325 4255 Quid?
1358 4182 1530 4261 quod
1562 4196 1694 4243 toto
1728 4181 1861 4242 orbi
1896 4197 1954 4241 et
1987 4178 2103 4261 ipsi
2136 4180 2377 4242 mundo
2408 4198 2555 4241 cum
2588 4180 2892 4242 sideribus
2922 4180 3054 4242 suis
3072 4179 3191 4241 mi-

579 4308 809 4352 nantur
858 4289 1239 4364 incendium,
1293 4289 1535 4350 ruinam
1583 4289 1945 4365 moliuntur,
1997 4288 2173 4367 quasi
2223 4302 2329 4347 aut
2372 4301 2628 4349 naturae
2679 4286 2909 4348 diuinis
2952 4286 3195 4364 legibus

578 4398 952 4459 constitutus
983 4413 1265 4458 aeternus
1296 4397 1454 4457 ordo
1487 4398 1770 4457 turbetur
1801 4412 1907 4457 aut
1940 4412 2124 4475 rupto
2159 4393 2614 4456 elementorum
2635 4394 2925 4455 omnium
2946 4394 3195 4456 foedere

579 4522 636 4566 et
668 4504 905 4566 caelesti
941 4523 1216 4585 conpage
1249 4503 1446 4564 diuisa
1477 4503 1677 4563 moles
1707 4502 1839 4579 ista,
1886 4521 2011 4582 qua
2044 4501 2390 4564 continetur
2422 4518 2480 4564 et
2509 4502 2798 4581 cingitur,
2847 4503 3194 4562 subruatur.

578 4634 690 4674 nec
745 4613 857 4673 hac
908 4610 1136 4672 furiosa
1182 4610 1481 4692 opinione
1525 4608 1798 4670 contenti
1845 4608 2034 4670 aniles
2078 4607 2321 4671 fabulas
2368 4608 2695 4670 adstruunt
2739 4622 2798 4668 et
2829 4607 3195 4669 adnectunt:

580 4721 808 4781 renasci
861 4739 927 4779 se
977 4719 1180 4780 ferunt
1230 4734 1370 4799 post
1414 4734 1681 4777 mortem
1726 4732 1784 4777 et
1829 4716 2064 4777 cineres
2111 4732 2169 4776 et
2215 4715 2453 4777 fauillas
2485 4730 2544 4776 et
2574 4714 2786 4777 nescio
2819 4734 2942 4794 qua
2974 4712 3195 4776 fiducia

579 4827 915 4888 mendaciis
946 4825 1073 4886 suis
1106 4825 1370 4886 inuicem
1401 4825 1697 4885 credunt:
1733 4840 1912 4904 putes
1945 4843 2051 4884 eos
2084 4822 2207 4885 iam
2241 4822 2549 4884 reuixisse.
2617 4840 2840 4901 anceps
2870 4820 3106 4883 malum
3135 4833 3198 4881 et

579 4935 826 5014 gemina
873 4933 1184 5010 dimentia,
1232 4932 1404 4992 caelo
1451 4947 1508 4992 et
1554 4930 1743 5000 astris,
1790 4948 1950 5009 quae
1996 4930 2083 4990 sic
2128 4928 2560 5009 relinquimus,
2595 4943 2662 4988 ut
2693 4925 3068 5003 inuenimus,
3098 4925 3196 4988 in·-
