3684 5416
672 335 782 407 658
1549 336 1795 391 Ordines
1834 350 1892 392 et
1932 337 2423 409 congregationes.

894 518 1037 579 VIII.
1086 518 1393 599 Episcopo
1439 518 1720 578 alumnas
1767 518 2160 588 sodalitatum
2212 520 2713 581 dioecesanarum
2749 521 3053 603 professas
3087 522 3297 582 dimit-

676 625 847 685 tendi
880 641 1149 705 potestas
1182 641 1290 702 est,
1324 625 1479 686 votis
1516 626 1825 706 perpetuis
1859 646 2056 707 aeque
2081 648 2149 687 ac
2171 629 2552 709 temporariis
2572 629 2860 708 remissis,
2885 650 3016 690 uno
3040 630 3296 710 dempto

678 732 769 806 (ex
803 733 1157 792 auctoritate
1190 733 1399 793 saltem
1437 732 1701 814 propria)
1725 733 2016 794 colendae
2041 750 2340 815 perpetuo
2364 736 2662 796 castitatis.
2694 736 3065 796 Cavendum
3085 753 3298 796 tamen

678 858 757 899 ne
806 839 1152 900 istiusmodi
1201 840 1561 901 remissione
1611 840 1705 901 ius
1754 841 2024 902 alienum
2072 842 2382 916 laedatur;
2435 843 2711 903 laedetur
2742 858 2971 917 autem,
3005 842 3054 903 si
3089 842 3296 903 insciis

598 976 622 1019 5
674 946 1169 1008 moderatoribus
1202 947 1261 1008 id
1294 946 1396 1008 fiat
1429 949 1711 1028 iusteque
1746 948 2269 1010 dissentientibus.

892 1071 990 1133 IX.
1038 1072 1381 1149 Antistitae,
1413 1092 1485 1134 ex
1518 1073 2033 1134 constitutionum
2069 1074 2218 1151 iure,
2251 1095 2283 1135 a
2318 1074 2651 1137 Sororibus
2685 1075 3007 1157 eligantur.
3044 1075 3297 1155 Episco-

680 1198 795 1259 pus
840 1194 1069 1255 tamen,
1119 1180 1211 1240 vel
1257 1180 1387 1259 ipse
1421 1180 1515 1240 vel
1549 1181 1828 1261 delegato
1863 1198 2140 1253 munere,
2175 1180 2478 1260 suffragiis
2513 1180 2781 1243 ferendis
2813 1183 3102 1263 praeerit:
3155 1201 3295 1263 per-

676 1301 871 1345 actam
907 1286 1272 1347 electionem
1305 1286 1670 1347 confirmare
1706 1286 1799 1346 vel
1833 1288 2180 1348 rescindere
2215 1288 2526 1369 integrum
2562 1290 2676 1368 ipsi
2710 1305 2800 1349 est
2832 1308 2946 1368 pro
2966 1290 3297 1350 conscien—

676 1393 791 1454 tiae
823 1392 1053 1453 offici0.
2211 1420 2227 1444 ο

576 1548 623 1579 ιο
893 1517 963 1576 Χ.
1032 1517 1443 1578 Dioecesanae
1495 1519 1765 1580 cuiusvis
1815 1519 2154 1580 sodalitatis
2205 1520 2433 1583 domos
2465 1522 2811 1603 Episcopus
2857 1521 3167 1583 invisendi
3201 1521 3301 1582 ius

678 1624 880 1698 habet,
916 1624 1190 1703 itemque
1225 1624 1300 1683 de
1335 1625 1627 1686 virtutum
1661 1626 1886 1702 studio,
1921 1628 1995 1687 de
2029 1627 2368 1708 disciplina,
2402 1628 2478 1687 de
2511 1628 2932 1689 oeconomicis
2953 1628 3301 1689 rationibus

677 1731 1116 1808 cognoscendi.
2343 1724 2353 1737 '

890 1855 987 1915 XI.
1036 1854 1393 1917 Sacerdotes
1445 1879 1476 1918 a
1528 1859 1735 1934 sacris,
1784 1881 1817 1917 a
1865 1858 2378 1934 confessionibuS‚
2426 1879 2458 1918 a
2505 1860 2916 1922 concionibus
2949 1860 3300 1937 designare,

677 1962 822 2024 item
856 1964 932 2023 de
963 1979 1489 2024 sacramentorum
1524 1965 1983 2045 dispensatione
2016 1981 2280 2026 statuere
2312 1984 2548 2027 munus
2582 1966 3032 2046 Episcoporum
3055 1984 3163 2039 est,
3182 1985 3301 2047 pro

575 2099 619 2142 13
683 2070 1105 2132 sodalitatibus
1156 2071 1535 2131 dioecesanis
1587 2072 1805 2152 pariter
1853 2092 1921 2132 ac
1973 2092 2084 2153 pro
2136 2073 2383 2145 ceteris;
2435 2073 2495 2133 id
2543 2074 2716 2153 quod
2748 2072 2815 2133 in
2849 2073 3044 2153 capite
3075 2091 3303 2133 conse-

675 2178 890 2257 quenti
927 2177 1006 2251 (n.
1045 2176 1205 2253 VIII.)
1243 2178 1534 2259 explicate
1569 2178 1948 2258 praefinitur.

892 2393 1172 2452 Alterum
1205 2392 1763 2473 praescriptionum
1795 2407 1998 2473 caput,
2035 2393 2110 2453 de
2144 2392 2582 2455 Sodalitatibus
2614 2412 2881 2473 quarum
2931 2393 3296 2474 Apostolica

676 2497 866 2558 Sedes
898 2497 993 2558 vel
1024 2497 1190 2577 leges
1224 2498 1584 2576 recognovit
1616 2499 1712 2559 vel
1744 2499 2091 2560 institutum
2124 2500 2582 2561 commendavit
2603 2517 2709 2561 aut
2728 2499 3104 2582 approbavit,
3143 2500 3303 2561 haec

672 2604 860 2665 ‘habet
891 2605 1217 2665 servanda:

568 2759 621 2790 20
888 2731 928 2792 I.
980 2730 1359 2791 Candidatos
1391 2748 1699 2813 cooptare,
1741 2733 1994 2793 eosdem
2030 2734 2104 2793 ad
2140 2753 2383 2794 sacrum
2418 2733 2699 2795 habitum
2733 2733 2829 2794 vel
2849 2735 2922 2794 ad
2946 2731 3304 2815 profitenda

675 2853 815 2899 vota
848 2838 1186 2915 admittere,
1222 2853 1423 2917 partes
1456 2853 1601 2898 sunt
1634 2838 1992 2899 Praesidum
2027 2837 2456 2908 sodalitatum:
2496 2839 2726 2918 integra
2759 2855 2963 2900 tamen
3000 2838 3297 2919 Episcopi

676 2943 957 3005 facultate
1004 2965 1035 3002 a
1084 2944 1341 3024 Synodo
1374 2944 1736 3005 Tridentina
1769 2945 1992 3006 tributa
2030 2943 2210 3024 [Ξεεε.
2245 2944 2438 3021 XXV,
2485 2966 2614 3026 cap.
2646 2946 2833 3020 XVII,
2870 2947 2944 3006 de
2979 2946 3200 3024 Regul.
3239 2961 3303 3005 et

676 3049 968 3130 Monial.],
1017 3067 1082 3111 ut
1127 3070 1325 3131 quum
1372 3051 1448 3111 de
1496 3051 1741 3112 feminis
1774 3053 1990 3131 agitur,
2024 3072 2122 3112 eas
2158 3069 2215 3113 et
2247 3067 2387 3113 ante
2419 3053 2889 3132 suscipiendum
2925 3053 3202 3113 habitum
3236 3070 3300 3114 et

676 3173 812 3217 ante
864 3157 1309 3236 professionem
1357 3158 1755 3218 emittendam
1806 3179 1878 3219 ex
1911 3157 2121 3219 officio
2156 3159 2446 3240 exploret.
2510 3160 2866 3220 Praesidum
2899 3159 3174 3219 similiter
3206 3175 3302 3219 est

568 3291 618 3334 25
684 3263 941 3324 familias
974 3264 1247 3344 singulas
1279 3265 1584 3342 ordinare,
1632 3265 1862 3326 tirones
1895 3286 1963 3327 ac
1994 3266 2306 3348 professos
2341 3267 2663 3342 dimittere,
2699 3266 2770 3326 iis
2803 3280 3009 3326 tamen
3041 3266 3297 3326 servatis

666 3387 1109 3451 ‘quaecumque
1158 3391 1227 3431 ex
1279 3371 1532 3432 instituti
1580 3371 1818 3450 legibus
1854 3372 2311 3454 pontificiisque
2346 3372 2600 3434 decretis
2633 3371 2856 3433 servari
2891 3386 3150 3453 oportet.
3205 3406 3298 3416 -

676 3478 1105 3539 Demandandi
1141 3496 1397 3538 munera
1432 3493 1489 3538 et
1522 3481 2009 3559 procurationes,
2041 3496 2176 3540 tum
2211 3500 2372 3560 quae
2421 3480 2496 3540 ad
2529 3480 2878 3540 universam
2911 3478 3300 3540 sodalitatem

678 3586 998 3665 pertinent,
1049 3601 1183 3645 tum
1234 3603 1392 3664 quae
1424 3583 1487 3642 in
1522 3583 1814 3643 domibus
1847 3583 2107 3662 singulis
2140 3599 2518 3662 exercentur,
2552 3584 2918 3645 Conventus
2950 3602 3057 3643 seu
3091 3581 3299 3663 Capi-

676 3691 806 3752 tula
838 3707 896 3752 et
928 3690 1199 3752 Consilia
1233 3689 1477 3770 propria
1513 3689 1608 3750 ius
1643 3690 1886 3750 habent.
1920 3689 1989 3750 In
2023 3689 2415 3750 muliebrium
2452 3706 2656 3750 autem
2692 3689 3082 3749 sodalitatum
3118 3689 3298 3748 Con-

567 3824 621 3867 30
674 3799 959 3858 ventibus
992 3798 1065 3857 ad
1101 3814 1433 3857 munerum
1466 3795 1967 3874 assignationem,
2002 3796 2364 3876 EpiscopuS,
2398 3795 2572 3856 cuius
2595 3796 2658 3856 in
2681 3794 2947 3855 dioecesi
2968 3795 3299 3867 habentur,

677 3925 783 3985 per
814 3925 877 3965 se
911 3904 1004 3964 vel
1040 3924 1145 3985 per
1175 3902 1364 3963 alium
1401 3901 1676 3982 praeerit,
1709 3917 1776 3961 ut
1809 3902 1983 3963 Sedis
2017 3902 2410 3982 Apostolicae
2444 3901 2776 3980 delegatus.

889 4029 953 4089 11.
1002 4029 1376 4089 Condonare
1423 4041 1585 4101 vota,
1632 4025 1757 4086 sive
1807 4046 1875 4086 ea
1924 4027 2291 4107 temporaria
2324 4027 2445 4087 sint
2477 4026 2600 4087 sive
2635 4042 2947 4107 perpetua,
2984 4025 3165 4086 unius
3198 4042 3295 4086 est

676 4136 916 4198 romani
948 4134 1279 4197 Pontifici&
1367 4134 1741 4194 Immutandi
1777 4134 2266 4210 constitutiones,
2300 4150 2509 4215 utpote
2544 4154 2703 4214 quae
2737 4135 3027 4214 probatae
3060 4153 3092 4192 a
3126 4132 3291 4193 Sede

676 4243 1052 4323 Apostolica,
1086 4241 1320 4303 nemini
1355 4241 1803 4323 Episcoporum
1837 4242 1932 4303 ius
1967 4243 2161 4304 datur.
2209 4241 2355 4302 Item
2393 4240 2685 4321 regimen,
2723 4241 2894 4320 quod
2930 4260 3118 4321 penes
3151 4257 3294 4300 mo-

567 4375 618 4418 35
677 4351 985 4410 deratores
1032 4365 1120 4410 est
1158 4349 1283 4409 sive
1315 4349 1650 4410 sodalitatis
1685 4349 2005 4410 universae
2039 4348 2164 4408 sive
2202 4347 2571 4408 familiarum
2605 4347 2991 4426 singularum
3027 4347 3101 4407 ad
3134 4365 3292 4407 con-

678 4456 1071 4520 stitutionum
1105 4476 1411 4531 normam,
1450 4456 1766 4536 Episcopis
1802 4472 2038 4516 mutare
2071 4471 2407 4535 temperare
2442 4474 2518 4515 ne
2550 4455 2740 4515 liceat.

888 4581 978 4643 III.
1030 4581 1481 4662 Episcoporum
1528 4596 1673 4641 sunt
1719 4581 1871 4658 iura,
1920 4582 1984 4641 in
2017 4579 2279 4640 dioecesi
2315 4580 2614 4659 cuiusque
2649 4600 2780 4658 sua,
2815 4579 3161 4661 permittere
3195 4580 3292 4640 vel

676 4689 1002 4772 prohibere
1051 4708 1241 4750 novas
1289 4687 1513 4748 domos
1559 4688 1954 4749 sodalitatum
1994 4685 2200 4764 condi,
2235 4685 2376 4746 item
2415 4705 2574 4748 nova
2609 4687 2684 4745 ab
2719 4686 2835 4746 illis
2867 4686 3093 4767 templa
3127 4686 3286 4746 exci-

673 4796 800 4873 tari,
833 4795 1091 4856 oratoria
1125 4813 1235 4855 seu
1271 4793 1515 4873 publica
1549 4814 1657 4855 seu
1692 4793 2092 4874 semipublica
2126 4792 2364 4873 aperiri,
2398 4812 2640 4854 sacrum
2674 4792 2799 4854 fieri
2836 4793 2898 4852 in
2932 4792 3286 4854 domesticis

564 4928 619 4968 40
673 4903 924 4981 sacelliS,
958 4902 1420 4963 Sacramentum
1457 4918 1788 4981 augustum
1823 4900 2092 4982 proponi
2128 4901 2326 4981 palam
2363 4900 2742 4960 venerationi
2779 4899 3076 4961 fidelium.
3137 4899 3283 4981 Epi-
