3684 5416
647 374 750 430 290
1211 356 1538 437 mPotestas
1577 354 1958 411 ecclesiastica
1999 367 2055 410 et
2093 355 2395 427 imperium
2445 356 2618 411 civile.

646 539 932 622 expedire
978 539 1351 617 iudicaverit,
1401 540 1752 620 Pelplinum
1801 540 2126 601 transferre
2173 540 2384 617 libere,
2433 552 2502 602 ac
2537 540 2696 602 licite
2732 542 2942 623 possit,
2979 554 3035 603 et
3066 541 3261 602 valeat

645 647 896 728 proviso
932 646 1186 707 insimul
1219 645 1529 728 congruae
1561 645 1946 708 Cathedralis
1978 646 2335 708 Culmensis
2366 648 2840 710 manutentioni.

860 752 1175 830 (XXXIII.)
1254 752 1963 814 W'ratislaviensis
2015 748 2397 835 Episcopalis
2446 754 2751 816 Ecclesiae
2798 754 2944 815 huic
2991 760 3260 836 Aposto-

643 860 792 922 licae
827 861 972 923 Sedi
1018 860 1370 922 immediate
1416 859 1720 937 subjectae
1757 860 2107 922 Dioecesim
2140 860 2491 922 efformabit
2523 863 2755 923 actuale
2790 859 2953 923 illius
2983 862 3258 924 Territo-

643 968 822 1043 rium,
871 966 1138 1048 exceptis
1182 968 1498 1029 dumtaxat
1546 968 1959 1030 Decanatibus
2007 962 2588 1044 Ostrs‘zeszowensi,
2640 968 3025 1049 Kempnensi
3073 968 3260 1031 Dioe-

642 1074 762 1135 cesi
795 1074 1197 1135 posnaniensi
1243 1084 1311 1134 ut
1357 1082 1539 1155 supra
1590 1073 2016 1155 incorporatis,
2064 1088 2122 1134 et
2153 1072 2407 1154 insuper
2438 1073 2787 1134 Decanatus
2820 1073 3169 1153 PlessensiS,
3204 1090 3261 1135 et

641 1181 1101 1262 Bythomiensis
1133 1198 1164 1241 a
1198 1181 1592 1243 Cracoviensi
1614 1181 1897 1243 Dioecesi
1930 1179 2240 1259 disjuncti,
2274 1200 2390 1241 nec
2422 1192 2552 1242 non
2584 1196 2914 1262 sequentes
2945 1182 3259 1243 Paraeciae

547 1268 552 1273 ’
641 1288 708 1349 in
743 1288 1007 1366 Lasaia,
1042 1289 1317 1350 videlicet
1348 1289 1768 1350 Neocenensis
1803 1289 2159 1350 Monasterit
2196 1288 2447 1349 Nonius
2480 1304 2546 1349 ut
2581 1307 2768 1369 supra
2802 1288 3147 1369 suppressn
3202 1302 3259 1349 et

539 1538 587 1569 10

538 2072 581 2115 15

532 2616 584 2647 20

529 3150 579 3193 25

527 3693 580 3736 30

463 4210 573 4270 ⁴35

642 1395 794 1456 aliae
839 1410 1232 1476 nuncupatae
1267 1396 1709 1475 Wittichenau,
1759 1396 2195 1474 Guntersdorf,
2231 1394 2681 1473 Hennersdorf,
2714 1395 3111 1473 Pfaffendorf,
3147 1395 3258 1458 Ul—

643 1502 920 1580 lersdorf,
969 1524 1000 1563 a
1051 1503 1304 1563 Decano
1338 1503 1712 1583 Collegiatae
1749 1504 2051 1565 Ecclesiae
2086 1504 2288 1564 Sancti
2323 1503 2481 1565 Petri
2515 1502 2745 1584 Oppidi
2778 1502 3258 1564 Buddissinaeae

643 1612 705 1673 in
742 1612 986 1672 Lusatia
1037 1612 1357 1693 superiori,
1412 1613 1710 1673 hactenus
1763 1612 2254 1674 administratae:
2320 1632 2481 1692 quae
2531 1630 2753 1674 omnes
2805 1611 3058 1673 insimul
3101 1611 3259 1673 intra

639 1719 794 1781 fines
829 1719 1134 1780 Borussici
1166 1718 1369 1796 Regni
1402 1719 1716 1781 Paraeciae
1750 1721 1823 1780 ad
1861 1732 2220 1781 sexcentum
2252 1720 2461 1799 viginti
2484 1720 2667 1781 unius
2690 1733 3023 1781 numerum
3048 1739 3259 1780 ascen-

639 1828 801 1890 dent.⁴
862 1825 1267 1888 Conservabit
1310 1828 1457 1888 item
1505 1827 1654 1904 illas,
1703 1844 1858 1907 quas
1891 1838 2026 1887 actu
2061 1827 2245 1888 habet
2291 1828 2355 1888 in
2388 1828 2705 1888 Austriaca
2740 1827 2990 1888 Ditione
3043 1827 3259 1887 Parae-

641 1934 778 1998 ciaS.
845 1936 1060 1997 Futuri
1106 1942 1433 2017 praeterea,
1481 1954 1550 1996 ac
1598 1955 1710 2017 pro
1758 1940 2039 2016 tempore
2072 1933 2385 1995 existentis
2421 1932 2939 1995 Wratislaviensis
2974 1932 3257 2015 Episcopi

641 2043 1176 2105 Administrationi
1209 2056 1506 2125 perpetuo
1539 2042 1902 2120 subjicimus
1935 2062 2056 2119 eaS,
2092 2060 2251 2122 quae
2285 2058 2317 2101 a
2351 2041 2595 2102 Vicario
2617 2038 2980 2121 Apostolico
3013 2041 3259 2103 Missio-

641 2168 793 2210 num
827 2151 1400 2232 septentrionalium
1434 2151 1686 2211 fuerunt
1720 2152 2049 2231 hucusque
2092 2149 2545 2210 administratae
2578 2137 2900 2210 paroeciae
2933 2149 2999 2209 in
3031 2149 3259 2212 Civita-

639 2256 804 2317 tibus
848 2257 1140 2335 Berolini,
1177 2258 1524 2332 Potsdamii,
1570 2255 1971 2338 Spandaviae,
2005 2257 2054 2317 F
2056 2255 2387 2317 rancofurti
2434 2256 2508 2316 ad
2543 2256 2866 2332 viadrum,
2901 2255 3160 2334 Stettini,
3201 2274 3260 2319 et

641 2362 1076 2439 Stralsundiae,
1139 2376 1423 2444 quaeque
1471 2365 1877 2445 imposterum
1925 2364 1982 2423 vi
2027 2362 2552 2442 subdelegationis
2598 2363 2887 2445 Episcopi
2935 2363 3255 2426 Wratisla-

641 2471 865 2531 viensis
897 2488 930 2531 a
960 2482 1494 2552 supramemorato
1526 2470 1882 2553 Praeposito
1916 2469 2286 2532 parochialis
2320 2470 2626 2532 Ecclesiae
2651 2471 2918 2533 'Sanctae
2941 2472 3259 2552 Hedwigis

639 2576 833 2638 dictae
865 2576 1143 2638 Civitatis
1174 2577 1588 2638 Berolinensis
1620 2593 1802 2639 erunt
1836 2577 2374 2638 administrandae.

851 2683 1166 2764 (xxxiv.)
1204 2684 1491 2765 Denique
1528 2685 1606 2745 W
1627 2685 1819 2746 armi
1844 2704 1876 2746 e
1896 2683 2060 2746 nsis
2092 2683 2475 2765 Episcopalis
2506 2684 2829 2764 Ecclesiae,
2867 2684 3258 2766 Apostolicae

637 2793 766 2853 sedi
821 2793 1041 2875 pariter
1085 2794 1437 2854 immediate
1484 2792 1813 2870 subjectae,
1862 2793 2177 2854 Dioe‘cesis
2225 2814 2295 2855 ex
2332 2794 2586 2875 proprio
2620 2793 2837 2855 actuali
2874 2794 3258 2856 Dioecesano

635 2902 976 2963 Territorio
1009 2902 1326 2978 constabit,
1357 2917 1538 2982 atque
1575 2902 1826 2981 insuper
1865 2921 1935 2961 ex
1972 2902 2388 2963 Decanatibus
2439 2902 3029 2979 Furstenwerdensi,
3083 2902 3255 2964 Neu-

635 3010 951 3088 teichensi,
999 3009 1545 3088 Mariaeburgensi,
1591 3009 1925 3087 Stumensi,
1974 3021 2035 3070 et
2067 3009 2592 3089 Christburgensi,
2639 3029 2782 3071 cum
2814 3008 2942 3072 suis
2976 3010 3257 3070 Ecclesiis

636 3134 757 3179 tam
813 3117 1281 3194 succursalibus,
1328 3127 1514 3197 quam
1554 3116 1869 3178 Filialibus
1915 3138 1947 3177 a
1996 3117 2279 3178 Dioecesi
2313 3116 2639 3179 Culmensi
2684 3116 3130 3198 disjungendiS,
3176 3117 3257 3178 ita

640 3243 703 3287 ut
735 3226 969 3306 integra
1002 3225 1315 3286 Dioecesis
1346 3225 1620 3286 Centum
1654 3225 2089 3287 novemdecim
2121 3226 2431 3288 Paraecias
2463 3225 2923 3305 complectatur.

853 3331 1142 3412 (XXXV.)
1205 3332 1543 3396 praedictas
1588 3334 1793 3416 itaque
1821 3335 2133 3415 CivitateS,
2167 3351 2226 3395 et
2261 3334 2559 3396 Ecclesias
2591 3333 3160 3415 Archiepiscopales
3192 3349 3253 3395 et

635 3442 1046 3525 Episcopales,
1099 3443 1369 3522 itemque
1420 3441 1732 3504 Paraecias
1783 3455 1842 3503 et
1883 3443 2047 3504 Loca
2099 3443 2446 3524 respectivis
2478 3441 2767 3502 Ecclesiis
2813 3461 2926 3523 pro
2972 3442 3252 3504 Dioecesi

634 3549 938 3627 attributa,
988 3553 1340 3629 eorumque
1394 3549 1629 3610 In'colas
1677 3549 2005 3629 utriusque
2059 3549 2255 3611 Sexus
2305 3564 2431 3610 tam
2476 3547 2770 3625 ClericOS,
2815 3568 3004 3628 quam
3037 3548 3255 3610 Laicos

635 3659 853 3721 iisdem
885 3655 1171 3719 Ecclesiis
1217 3665 1564 3735 eorumque
1597 3654 1990 3716 praesulibus
2037 3671 2149 3737 pro
2195 3656 2324 3717 suis
2369 3654 2700 3735 respective
2732 3653 3012 3732 Civitate,
3044 3651 3251 3716 Terri-

634 3767 812 3843 torio,
861 3765 1165 3841 Dioecesi,
1215 3763 1400 3825 Clero
1449 3773 1508 3823 et
1556 3761 1802 3843 Populo
1847 3773 2148 3843 perpetuo
2194 3763 2600 3841 assignamus,
2651 3776 2709 3821 et
2740 3762 2803 3822 in
2838 3761 3254 3842 spiritualibus

636 3874 1009 3937 omnimodo
1055 3870 1417 3945 subjicimus
1462 3870 1538 3930 ad
1587 3868 1707 3931 hoc
1740 3884 1807 3930 ut
1839 3869 2089 3930 cuilibet
2120 3869 2397 3930 Antistiti
2430 3868 2526 3929 vel
2560 3868 2680 3946 jam
2714 3881 3026 3950 promoto,
3059 3871 3152 3931 vel
3188 3871 3252 3931 in

635 3981 916 4043 futurum
952 3979 1306 4061 Ap‘ostolica
1339 3977 1692 4038 auctoritate
1725 3978 2158 4058 promovendo
2190 3978 2366 4038 liceat
2398 3991 2508 4058 per
2530 3994 2593 4037 se
2615 3976 2711 4037 vel
2733 3993 2842 4057 per
2860 3965 3013 4038 alios
3030 3995 3251 4040 eorum

635 4088 892 4148 nomine
923 4087 1276 4166 (postquam
1310 4079 1516 4144 tamen
1549 4093 2117 4164 supramemoratus
2147 4084 2454 4164 Josephus
2475 4082 2818 4165 Episcopus
2840 4080 3251 4144 Warmiensis

634 4195 983 4276 praesentes
1016 4193 1248 4254 Literas
1281 4191 1519 4252 debitae
1553 4192 1899 4254 executioni
1929 4192 2330 4268 mandaverit,
2364 4205 2421 4254 et
2453 4193 2662 4272 quoad
2685 4191 3018 4253 nonnullas
3037 4189 3250 4270 dispo-

632 4303 885 4364 sitiones
932 4303 1106 4363 nunc
1152 4307 1263 4380 pro
1308 4313 1455 4361 tunt:
1488 4320 1518 4359 a
1554 4299 1751 4360 Nobis
1782 4298 1970 4361 factas
2003 4314 2147 4360 cum
2179 4313 2430 4379 tempus
2460 4314 2577 4379 pro
2613 4298 2855 4359 illarum
2890 4298 3250 4359 executione

632 4425 701 4470 ut
746 4405 930 4490 supra
980 4407 1306 4469 definitum
1354 4406 1688 4485 advenerit)
1722 4409 1949 4482 veram,
1980 4407 2230 4484 realem,
2266 4407 2573 4468 actualem
2606 4419 2663 4466 et
2691 4405 3073 4485 corporalem
3109 4424 3251 4486 pos-

631 4511 974 4580 sessioneYn
1026 4513 1359 4595 regiminis,
1409 4513 1970 4592 administrationiS,
2021 4525 2079 4575 et
2130 4514 2499 4576 omnimodo
2550 4513 2710 4574 Juris
2763 4513 3144 4589 Dioecesani,
3188 4529 3248 4573 et

636 4615 939 4685 ordinarii
982 4623 1049 4683 in
1093 4621 1420 4704 praedictis
1453 4617 1835 4696 Civitatibus,
1882 4641 1952 4682 ac
1998 4631 2212 4681 earum
2242 4611 2551 4695 Ecclesiis,
2585 4634 2642 4680 et
2674 4619 3098 4696 Dioecesibus,
3135 4637 3247 4679 nec

633 4727 764 4795 noa
814 4729 1014 4810 bonis,
1063 4727 1320 4812 aliisque
1361 4727 1660 4791 ‘reditibus
1705 4729 1780 4790 aa
1829 4729 2100 4810 ipsarum
2134 4728 2542 4805 dotationem,
2570 4739 2642 4789 ut
2674 4727 2829 4789 infra
2863 4727 3247 4807 assignandis

631 4840 840 4920 vigore
881 4823 1200 4901 literarum
1237 4835 1734 4920 Apostol‘icarum
1783 4837 2139 4900 Canonicae
2184 4836 2583 4898 institutionis
2627 4835 2852 4897 liberae
2898 4836 3242 4917 apprehen·

630 4941 794 5027 dere,
845 4945 1424 5030 apprehensamque
1470 4947 1762 5019 retinere;
1810 4953 2257 5027 proptereaque
2304 4946 2527 5023 statim,
2562 4959 2631 5007 ac
2662 4945 2729 5007 in
2761 4944 2911 5006 locis
2945 4959 3053 5025 per
3084 4944 3245 5006 hanc
