3684 5416
997 410 1260 464 Potestas
1299 409 1678 466 ecclesiastica
1717 424 1774 467 et
1811 411 2114 482 imperium
2152 410 2327 466 civile.
2879 429 2974 484 ¹49

354 600 469 666 cst,
500 593 666 672 quia,
697 593 854 655 sicut
883 614 1069 676 supra
1101 595 1506 670 ostendimus,
1540 595 1642 657 ille
1665 596 1956 657 veraciter
1992 615 2094 657 rex
2126 613 2232 669 est,
2267 596 2375 677 qui
2407 616 2472 657 se
2504 616 2770 677 suasque
2804 597 2971 676 cogi·

354 699 641 778 tationes»,
690 702 892 780 verba,
928 716 987 762 et
1017 717 1192 763 actus
1224 704 1342 764 sub
1375 702 1588 766 divino
1619 702 1837 764 rexerit
1871 717 2052 764 nutu.
2121 703 2196 765 Et
2227 722 2334 765 cor
2364 702 2530 764 illius
2562 703 2627 765 in
2660 722 2853 764 manu
2885 720 2975 765 est

357 808 497 886 Dei,
548 823 617 869 ut
660 809 725 870 in
773 810 886 871 hac
931 809 1209 872 convalle
1256 810 1671 892 lacrymarum
1718 830 2013 873 ascensus
2047 810 2334 892 disponat
2364 810 2427 871 in
2459 809 2642 872 corde
2674 830 2812 887 suo,
2847 829 2974 872 am-

357 915 582 976 bulans
615 916 690 976 de
724 916 942 979 virtute
975 916 1039 978 in
1072 917 1380 997 virtutem,
1417 919 1621 980 donec
1641 918 1919 981 videatur
1941 916 2196 979 Deusin
2216 916 2387 992 Sion,
2419 917 2481 979 id
2501 916 2674 978 estin
2695 932 2973 979 aeternae

271 1045 296 1088 5
358 1020 660 1083 felicitatis
706 1037 766 1084 et
808 1023 1052 1085 divinae
1086 1023 1338 1087 visionis
1372 1025 1917 1107 contemplatione.
1980 1025 2247 1087 Econtra
2279 1041 2507 1100 autem,
2542 1044 2648 1086 cor
2680 1023 2831 1101 ejuS,
2865 1025 2974 1105 qui

354 1148 598 1190 sessore
644 1129 894 1191 diabolo
940 1131 1100 1191 male
1146 1131 1396 1211 regitur,
1441 1132 1505 1193 in
1552 1131 1719 1193 illius
1764 1147 1855 1193 est
1887 1147 2214 1213 potestate:
2264 1131 2418 1192 adeo
2451 1147 2520 1194 ut
2552 1131 2602 1194 si
2633 1132 2866 1212 aliquid
2898 1133 2973 1194 de

355 1235 664 1297 mandatis
697 1236 811 1298 Dei
855 1237 1134 1314 audierit,
1184 1237 1440 1300 veniens
1488 1239 1624 1319 ipse
1670 1239 1959 1301 diabolus
2003 1238 2175 1300 tollat
2204 1240 2465 1300 verbum
2496 1239 2571 1299 de
2604 1239 2787 1300 corde
2821 1237 2974 1318 ejus,

357 1363 437 1404 ne
487 1343 763 1421 credens,
810 1345 906 1405 vel
954 1343 1019 1404 in
1067 1344 1161 1404 his
1214 1364 1375 1425 quae
1421 1345 1766 1407 crediderat
1811 1346 2130 1429 operando
2163 1365 2576 1427 perseveram,
2608 1345 2813 1406 salvus
2844 1345 2975 1407 fieri

354 1450 585 1511 valeat:
622 1466 678 1510 et
709 1451 795 1512 sic
826 1450 1085 1512 traditus
1117 1452 1183 1513 in
1216 1454 1555 1532 reprobum
1587 1472 1839 1515 sensum
1879 1451 2018 1514 facit
2050 1472 2207 1533 quae
2242 1471 2370 1514 non
2400 1451 2798 1526 conveniunt,
2832 1452 2975 1533 quia

246 1581 299 1613 ιο
357 1577 507 1620 cum
537 1558 896 1636 cognoverit
929 1558 1153 1636 Deum,
1188 1578 1320 1621 non
1353 1559 1513 1621 sicut
1551 1560 1760 1623 Deum
1791 1559 1997 1639 dignis
2028 1559 2343 1640 obsequiis
2375 1559 2713 1624 honoravit.
2775 1560 2868 1621 De
2900 1579 2974 1622 eo

356 1666 538 1746 quod
583 1665 822 1743 dicitur,
857 1664 1021 1742 Quia
1056 1666 1206 1742 Rex,
1254 1664 1305 1727 si
1344 1666 1618 1727 noluerit
1653 1666 1863 1728 venire
1895 1667 1972 1727 ad
2003 1667 2340 1749 synodum,
2370 1666 2560 1728 libere
2588 1667 2773 1728 etiam
2805 1686 2976 1729 com-

354 1772 620 1854 pellatus
666 1773 958 1836 dimittet:
1008 1790 1211 1836 sancta
1250 1774 1584 1856 Scriptura,
1634 1776 1918 1855 sacrique
1948 1793 2218 1836 canones
2248 1790 2615 1851 monstrant,
2649 1775 2714 1837 in
2748 1774 2976 1854 judicio

354 1902 694 1964 personam
726 1902 854 1944 non
888 1883 1108 1944 debere
1142 1883 1434 1963 accipere,
1482 1883 1592 1944 sed
1624 1902 1842 1944 causae
1883 1881 2239 1963 qualitatem
2271 1880 2630 1944 discernere.
2694 1883 2773 1944 Et
2802 1883 2977 1944 Huc-

355 1993 588 2068 bertus,
636 2007 971 2071 postquam
1015 2006 1183 2051 certo
1230 1990 1488 2051 crimine
1525 1989 1590 2051 in
1640 2008 1921 2052 sororem
1953 1999 2131 2049 suam
2162 2004 2506 2069 perpetrato
2538 1990 2885 2068 denotatuS‚
2918 2006 2977 2052 et

239 2117 292 2160 ¹5
353 2095 574 2157 litteris
619 2096 1024 2177 synodalibus
1070 2097 1148 2157 ad
1195 2096 1515 2178 synodum
1561 2095 1790 2158 exstitit
1826 2107 2215 2177 provocatus„
2248 2095 2369 2173 jam
2398 2096 2463 2158 in
2495 2096 2688 2157 tribus
2719 2097 2977 2178 synodis

355 2222 470 2283 per
512 2203 748 2282 legatos
793 2219 853 2264 et
895 2203 1122 2265 litteras
1167 2203 1244 2264 ad
1296 2203 1599 2264 rationem
1633 2203 2050 2278 reddendam,
2097 2218 2337 2265 tantum
2369 2218 2437 2264 ut
2468 2221 2614 2265 cum
2644 2204 2978 2265 servandae

355 2310 474 2371 sibi
520 2309 840 2390 aequitatis
886 2309 1205 2371 securitate
1254 2309 1459 2372 venire
1505 2309 1747 2385 valeret,
1806 2329 1984 2373 suam
2017 2309 2386 2391 presentiam
2416 2309 2658 2386 obtulit,
2690 2324 2749 2370 et
2780 2309 2977 2370 causi-

354 2416 536 2478 dicus
582 2436 652 2477 ac
697 2434 1008 2498 reputator
1051 2419 1326 2480 criminis
1372 2418 1550 2481 toties
1588 2418 1799 2496 defuit,
1841 2434 1947 2481 aut
1978 2418 2317 2480 libertatem
2349 2418 2696 2480 reddendae
2728 2418 2978 2479 rationis

356 2524 620 2603 negavit.
681 2524 866 2586 Unde
898 2524 1252 2587 Bonifacius
1303 2545 1459 2607 papa
1509 2526 1587 2587 ad
1630 2525 1986 2588 Gallicanos
2019 2524 2223 2587 scribit
2254 2525 2579 2606 episcopos
2612 2524 2802 2606 (epist.
2847 2525 2977 2601 11):

234 2660 298 2692 20
362 2632 650 2702 «Probat,
700 2631 1014 2712 inquienS,
1065 2651 1207 2693 vera
1260 2652 1390 2694 esse
1438 2632 1542 2694 illa
1592 2652 1752 2713 quae
1799 2632 2126 2693 adversum
2169 2653 2235 2693 se
2266 2632 2427 2693 dicta
2455 2647 2623 2702 sunt,
2657 2631 2766 2713 qui
2797 2631 2873 2692 ad
2908 2651 2978 2693 ea

355 2737 735 2800 confutanda
781 2740 994 2801 adesse
1040 2739 1301 2801 minime
1344 2739 1495 2801 vult.
1565 2739 1640 2801 Et
1672 2740 1882 2802 nullus
1915 2739 2175 2817 dubitat,
2209 2740 2382 2820 quod
2415 2738 2496 2801 ita
2527 2737 2828 2817 judicium
2861 2758 2977 2801 no-

355 2864 506 2906 cens
555 2845 940 2925 subterfugit,
989 2846 1536 2925 quemadmodum
1583 2861 1652 2908 ut
1696 2847 2048 2909 absolvatur
2093 2846 2205 2926 qui
2250 2861 2339 2907 est
2384 2845 2686 2908 innocens
2717 2846 2974 2927 quaerit.

357 2951 712 3014 Confitetur
758 2952 929 3014 enim
973 2952 1050 3013 de
1095 2953 1392 3014 omnibus
1442 2952 1715 3034 quisque
1765 2954 2191 3033 subterfugere
2236 2952 2535 3033 judicium
2583 2953 2979 3015 dilationibus

357 3073 567 3140 putat:
606 3056 794 3137 (ibid.)
845 3058 1028 3121 Unde
1078 3059 1441 3140 congregari
1492 3059 1882 3121 decrevimus
1913 3061 2246 3142 synodum,
2279 3076 2345 3123 ut
2376 3060 2426 3121 si
2457 3060 2668 3122 adesse
2701 3060 2979 3139 voluerit,

235 3196 297 3240 25
358 3184 649 3248 praesens
696 3165 746 3226 si
792 3165 1050 3228 confidit
1099 3167 1178 3227 ad
1225 3165 1460 3244 objecta
1497 3168 1890 3249 respondeat,
1924 3168 1974 3229 si
2008 3168 2220 3229 adesse
2254 3167 2585 3250 neglexerit
2617 3167 2980 3229 dilationem

355 3273 698 3334 sententiae
748 3292 878 3334 non
922 3273 1209 3337 lucretur.
1275 3274 1446 3336 Nihil
1495 3274 1665 3336 enim
1711 3275 1979 3351 interest,
2026 3290 2239 3337 utrum
2271 3275 2335 3336 in
2368 3275 2667 3356 praesenti
2701 3274 2979 3335 examine

356 3381 575 3443 omnia
621 3399 779 3461 quae
826 3381 985 3441 dicta
1030 3397 1174 3441 sunt
1219 3384 1715 3463 comprebentur‚
1761 3401 1907 3443 cum
1953 3382 2091 3462 ipsa
2138 3401 2396 3462 quoque
2441 3401 2555 3463 pro
2588 3381 2978 3443 confessione

357 3504 686 3569 procurata
717 3487 896 3549 toties
927 3504 1164 3549 constat
1193 3488 1527 3551 absentia.»
1593 3487 1651 3568 [l.
1688 3508 1740 3551 c.
1775 3489 1889 3550 col.
1926 3486 2313 3568 756—760.]

1337 3754 1430 3808 45.
1489 3751 1927 3825 nummus
1966 3754 2042 3829 ι.ν

238 3933 302 3979 30
609 3899 688 3975 a)
768 3901 1289 3964 Constitutio
1336 3903 1701 3963 Romana
1754 3903 1886 3980 824
1932 3920 2198 3962 mense
2246 3899 2737 3962 Novembris

577 4038 607 4069 ‘
658 4040 808 4093 Mon.
846 4039 1042 4093 Germ.
1079 4039 1203 4093 hist.
1220 4060 1244 4103 ‚·
1307 4039 1515 4109 Legum
1552 4041 1690 4093 Sect.
1731 4039 1801 4093 II.
1849 4038 2194 4110 Capitularia
2231 4038 2446 4107 Regum
2483 4036 2840 4091 Francorum.
2890 4036 2979 4089 ed.

359 4120 757 4183 BoretiuS‚
783 4120 956 4174 Tom.
985 4119 1022 4172 Ι.
1049 4136 1103 4173 n.
1139 4120 1254 4174 161.
1283 4137 1336 4190 p.
1366 4136 1663 4192 322—324.
1730 4117 2688 4181 Boehmer-Muhlbacher,
2725 4119 2978 4187 Regesta.

358 4204 600 4275 Imperii.
639 4218 692 4254 n.
720 4199 841 4273 988.
891 4200 943 4254 D
963 4217 999 4254 ο
1018 4216 1048 4254 e
1065 4216 1101 4270 p
1120 4198 1148 4253 f
1161 4199 1256 4263 el,
1295 4200 1653 4255 Kaiserthum
1695 4201 1813 4253 und
1845 4199 2239 4271 Papstwechsel
2270 4203 2433 4252 unter
2467 4198 2569 4251 den
2595 4199 2981 4267 Karolingern.

356 4283 640 4353 Freiburg
665 4280 698 4335 i.
727 4282 819 4335 ΒΓ.
855 4280 1003 4352 1889.
1030 4298 1084 4352 p.
1113 4279 1197 4336 81.
1252 4282 1301 4335 G
1318 4279 1333 4334 i
1353 4298 1381 4334 e
1399 4297 1425 4334 s
1444 4297 1474 4334 e
1493 4281 1528 4334 b
1545 4297 1573 4333 r
1588 4297 1618 4334 e
1637 4297 1666 4335 c
1682 4280 1720 4333 h
1737 4291 1758 4334 t
1779 4320 1792 4342 ‚
1832 4279 2162 4334 Gescleiclzte
2184 4280 2285 4333 der
2309 4279 2452 4334 deut.
2477 4280 2791 4349 Kaiserzeit.
2817 4296 2869 4347 4.
2892 4277 2980 4331 ed.

234 4380 299 4426 35
361 4366 542 4419 Tom.
570 4364 608 4417 Ι.
637 4379 690 4433 p.
718 4361 840 4431 864
890 4362 942 4415 H
960 4379 994 4414 a
1011 4379 1047 4415 u
1065 4379 1095 4416 c
1115 4361 1183 4426 k,
1213 4361 1762 4431 Kirchengescltichte
1793 4359 2215 4414 Deutschlands.
2243 4358 2307 4412 11.
2333 4375 2386 4429 p.
2411 4358 2534 4429 485.
2585 4359 2636 4413 D
2653 4364 2691 4412 'tl
2709 4375 2767 4411 m
2784 4357 2921 4412 mle
2938 4375 2982 4422 r,

361 4442 698 4499 Gescln'clzte
721 4442 818 4495 des
844 4441 1282 4511 ostfi‘dnkischen
1310 4441 1552 4496 Reiclzes.
1594 4459 1641 4494 2.
1670 4440 1758 4494 ed.
1788 4441 1826 4494 1.
1856 4457 1911 4511 p.
1942 4457 2062 4512 237.
2135 4439 2213 4491 W
2230 4456 2263 4491 a
2278 4437 2295 4492 i
2312 4450 2333 4491 t
2348 4457 2378 4492 z
2396 4479 2409 4501 ,
2449 4438 2722 4492 Deutsche
2756 4439 2981 4508 Verfas-

363 4523 871 4594 sungsgesclu'chte.
900 4519 984 4574 111.
1012 4537 1065 4591 p.
1104 4521 1195 4592 165
1226 4537 1345 4592 seq.
1409 4520 1461 4573 H
1479 4519 1495 4574 i
1514 4538 1550 4574 n
1569 4538 1593 4574 s
1613 4519 1825 4575 chius
1845 4561 1858 4583 ‚
1898 4518 2313 4573 Kirchenrecht.
2341 4518 2515 4573 Torn.
2541 4519 2577 4571 I.
2605 4535 2659 4589 p.
2688 4535 2808 4572 222.

585 4671 1011 4733 Constitutum
1059 4672 1379 4747 habemus,
1426 4687 1491 4731 ut
1537 4688 1755 4731 omnes
1804 4668 1913 4749 qui
1944 4671 2061 4731 sub
2094 4667 2339 4749 speciali
2371 4666 2733 4731 defensione
2764 4666 2981 4727 domni

360 4778 690 4861 apostolici
736 4797 846 4839 seu
892 4792 1099 4840 nostra
1147 4777 1377 4840 fuerint
1422 4776 1690 4856 suscepti
1736 4775 2054 4856 impetrata
2086 4774 2513 4836 inviolabiliter
2542 4774 2698 4834 iusta
2730 4788 2984 4834 utantur

233 4915 304 4958 40
361 4885 756 4955 defensione:
807 4886 979 4966 quod
1013 4885 1063 4945 si
1097 4884 1237 4966 quis
1269 4884 1334 4945 in
1368 4903 1771 4965 quocumque
1805 4883 1927 4943 hoc
1960 4882 2373 4962 contemptive
2405 4880 2630 4941 violare
2664 4899 2981 4960 praesum-

361 4994 577 5078 pserit,
625 4993 772 5054 sciat
815 5013 879 5053 se
927 4991 1266 5073 periculum
1315 4991 1470 5052 vitae
1517 5010 1663 5051 suae
1697 5009 1826 5050 esse
1861 4989 2274 5051 incursurum.
2336 4989 2500 5049 Nam
2532 5001 2590 5046 et
2623 4988 2743 5046 hoc
2774 4987 2982 5047 decer-
