3684 5416
537 1529 584 1561 10

537 2062 581 2106 ¹5

531 2608 583 2640 20

534 3140 581 3183 25

532 3673 584 3710 qo

527 4205 575 4247 25

526 4742 579 4779 40

639 369 748 424 450
1658 351 1926 407 Pontifex
1966 370 2256 407 romanus,

642 550 1004 616 potestatem
1036 537 1337 614 concedit,
1374 552 1441 598 ut
1472 537 1981 618 praescriptiones
2013 556 2126 619 pro
2161 537 2460 600 electione
2491 537 2800 619 praedicta
2834 538 3001 598 datas
3035 536 3254 597 faciant

639 642 967 703 observari.
1032 644 1163 705 Pari
1199 646 1391 707 modo
1435 645 1874 724 derogavimus
1907 644 2359 707 Constitutioni
2392 645 2728 706 Clementis
2764 646 2835 706 V.
2872 645 2935 705 in
2968 642 3255 706 Concilio

641 747 999 826 Viennensi,
1035 752 1134 813 cui
1169 752 1414 812 initium
1454 752 1583 813 «Ne
1613 751 1919 813 Romani»
1957 751 2018 812 in
2053 772 2125 812 ea
2158 769 2347 833 parte,
2396 771 2556 831 quae
2590 752 2863 832 aliquam
2896 765 3254 832 potestatem

639 858 927 919 concedit
956 859 1384 921 executoribus
1414 860 1476 921 in
1512 858 1812 941 praedicta
1846 858 2310 921 Constitutione
2343 858 2629 938 Gregorii
2663 859 2738 920 X.
2774 858 3096 939 deputatis.
3131 857 3253 916 De·-

639 964 997 1044 rogavimus
1042 967 1297 1028 demum
1333 967 1777 1030 Constitutioni
1816 966 1928 1027 «In
1961 966 2326 1047 Eligendis»
2366 966 2457 1028 Pii
2489 968 2588 1029 lV.
2624 966 2688 1027 in
2721 986 2796 1026 eo
2830 965 3003 1046 quod
3035 983 3252 1024 execu-

638 1086 799 1131 tores
850 1072 1149 1154 designat,
1200 1074 1526 1153 Praelatos,
1581 1076 1897 1151 Rectores,
1947 1073 2262 1135 Officiales
2314 1074 2500 1137 Urbis
2544 1073 2822 1154 aliosque
2867 1073 3095 1134 electos
3141 1089 3250 1152 pro

639 1180 917 1241 custodia
948 1181 1300 1257 Conclavis;
1352 1200 1409 1245 et
1455 1202 1568 1265 pro
1602 1184 1831 1244 horum
1869 1184 2160 1245 omnium
2194 1183 2415 1245 effectu
2449 1182 2806 1244 Cardinales
2837 1180 3114 1260 singulos
3144 1180 3250 1238 ab·

639 1287 940 1348 solvimus
986 1291 1062 1349 ab
1108 1290 1254 1350 editi
1306 1288 1632 1366 juramenti
1680 1288 1930 1350 vinculo
1978 1289 2054 1349 de
2089 1289 2491 1350 observandis
2525 1287 3094 1350 Constitutionibus
3128 1286 3250 1346 Ro-

640 1394 808 1454 mani
841 1396 1156 1457 pontificis
1189 1397 1551 1457 electionem
1584 1397 2061 1478 spectantibus».

853 1502 1267 1565 Decrevimus.
1289 1519 1597 1584 praeterea
1630 1505 1696 1566 in
1729 1505 1933 1586 priore
1964 1503 2421 1565 Constitutione
2462 1519 2569 1564 «ut
2601 1503 2662 1565 S.
2689 1503 2764 1564 R.
2787 1503 2851 1563 E.
2875 1500 3250 1577 Cardinales,

639 1608 747 1688 qui
799 1609 863 1668 in
899 1611 1174 1690 proxima
1210 1610 1522 1672 vacatione
1558 1613 1951 1693 Apostolicae
1986 1612 2161 1673 Sedis
2196 1629 2544 1692 praesentes
2578 1611 2643 1672 in
2677 1609 2866 1672 Curia
2899 1623 3100 1685 erunt,
3133 1624 3249 1667 sta-

638 1717 747 1777 tim
799 1715 874 1776 ad
909 1717 1040 1778 Nos
1086 1738 1446 1798 supremum
1486 1719 1651 1781 diem
1684 1721 1856 1781 obire
1888 1720 2226 1801 contingat,
2262 1717 2535 1799 exequiis
2571 1719 2758 1780 etiam
2791 1720 2856 1779 in
2891 1717 3252 1796 suffragium

638 1821 878 1883 animae
910 1824 1168 1884 Nostrae
1216 1825 1502 1885 nondum
1548 1826 1878 1903 celebratiS,
1925 1842 1984 1886 et
2030 1825 2162 1886 aliis
2210 1824 2643 1885 Cardinalibus
2688 1824 2868 1884 etiam
2916 1824 2992 1883 de
3039 1823 3251 1884 Latere

639 1926 897 2007 LegatiS,
942 1945 1048 1990 aut
1092 1930 1205 1991 alia
1253 1949 1649 2011 quacumque
1697 1950 1899 2009 causa,
1943 1931 2126 1991 etiam
2159 1949 2305 1991 curn
2338 1930 2533 2006 venia,
2565 1930 2661 1991 vel
2692 1949 2764 1990 ex
2798 1929 3088 1990 mandato
3123 1929 3250 1988 No·

638 2050 765 2094 stro
798 2036 1152 2097 absentibus
1186 2057 1294 2119 per
1326 2038 1770 2119 praescriptum
1803 2039 2017 2100 decem
2052 2039 2298 2098 dierum
2318 2038 2585 2119 spatium
2608 2036 2860 2098 minime
2880 2034 3250 2116 exspectatis,

638 2141 864 2222 statim,
900 2141 1090 2220 hujus
1125 2144 1309 2205 Urbis
1341 2164 1550 2206 rerum
1581 2166 1651 2206 ac
1684 2162 2040 2228 temporum
2076 2144 2548 2207 circumstantiis
2579 2144 2738 2205 serio
2779 2143 3114 2224 perpensis,
3145 2143 3250 2202 de-

637 2248 896 2310 liberent
942 2269 1021 2311 an
1070 2251 1131 2312 in
1177 2253 1394 2313 eadem
1429 2253 1597 2315 Urbe
1644 2255 1738 2315 vel
1773 2270 1937 2314 extra
1971 2253 2198 2314 ltaliam
2234 2252 2477 2313 comitia
2511 2253 2587 2313 de
2615 2270 2783 2312 novo
2816 2249 3111 2312 Pontifice
3144 2247 3250 2309 eli-

635 2358 844 2437 gendo
895 2358 1015 2418 sint
1063 2359 1365 2422 habenda.
1428 2361 1945 2423 Deliberationem
1996 2376 2222 2436 autem,
2269 2378 2703 2439 quaecumque
2751 2378 2820 2418 ea
2867 2357 2961 2434 sit,
2996 2357 3253 2437 plenum

639 2463 930 2524 effectum
977 2465 1176 2525 sortiri
1225 2466 1445 2527 debere
1493 2467 1839 2544 statuimus,
1887 2466 1948 2528 in
1983 2487 2170 2547 quam
2205 2464 2404 2543 major
2435 2464 2861 2527 Cardinalium
2894 2479 3044 2524 tunc
3078 2482 3250 2544 prae-

638 2570 911 2631 sentium
947 2590 1084 2651 pars
1119 2573 1553 2634 consenserit».
1590 2574 1742 2649 Imo,
1777 2573 2004 2634 fauturi
2039 2572 2327 2633 celeritati
2361 2571 2678 2632 electionis
2711 2571 2899 2632 futuri
2922 2567 3252 2645 Pontificis,

638 2692 885 2757 agentes
933 2679 1008 2739 de
1052 2679 1324 2759 generali
1358 2680 1859 2761 Congregatione
1899 2696 2038 2761 post
2069 2680 2312 2742 obitum
2343 2679 2642 2740 Nostrum
2679 2679 2981 2754 habenda,
3016 2677 3093 2739 de
3125 2696 3249 2758 qua

638 2784 818 2859 infra,
871 2786 1223 2848 addidimus
1274 2788 1482 2868 etiam,
1535 2789 1622 2850 fas
1674 2809 1823 2867 esse,
1872 2803 1938 2849 ut
1989 2787 2348 2850 Cardinales
2394 2786 2443 2847 si
2491 2801 2837 2867 praesentes
2886 2785 3249 2846 electionem

638 2890 783 2951 novi
816 2892 1128 2954 pontificis
1160 2894 1223 2954 in
1259 2895 1461 2975 primo
1494 2896 1632 2976 ipso
1666 2896 2001 2958 Conventu
2036 2895 2416 2977 perficiant».
2481 2893 2675 2969 Quod
2717 2909 2924 2953 tamen
2961 2893 3038 2952 ita
3072 2891 3250 2952 intel-

635 2997 863 3058 lectum
899 3000 1209 3078 volumuS,
1243 3017 1329 3080 ut,
1361 3001 1538 3063 sicuti
1573 3023 1715 3064 mox
1739 3004 2086 3065 distinctius
2107 3001 2563 3083 explicabimuS,
2586 3000 3003 3081 praesentium
3026 3018 3249 3061 nume-

637 3126 742 3166 rus
779 3126 909 3167 uno
941 3107 1155 3168 saltem
1190 3108 1577 3169 medietatem
1612 3111 1861 3170 excedat
1894 3109 2316 3172 Cardinalium
2347 3124 2496 3169 tunc
2528 3106 2886 3184 viventium,
2907 3120 2966 3166 et
2985 3106 3250 3167 omnino

635 3230 951 3276 serventur
1002 3235 1160 3295 quae
1207 3216 1503 3277 servanda
1553 3217 1961 3279 decernimus.
2027 3219 2301 3278 Demum
2348 3217 2425 3276 ad
2470 3215 2966 3277 submovendam
2997 3232 3247 3275 omnem

637 3342 845 3384 morae
880 3342 1150 3400 causam,
1180 3339 1239 3384 et
1271 3324 1704 3404 praevertenda
1746 3325 2285 3406 perturbationum
2323 3323 2594 3404 pericula
2629 3323 3039 3405 praecipimus
3070 3323 3130 3382 in
3163 3322 3248 3381 al-

634 3446 758 3492 tera
793 3430 1271 3507 Constitutione,
1320 3431 1718 3511 exequiarum
1781 3432 2072 3493 «solitum
2114 3430 2506 3512 praetermitti
2539 3447 2902 3511 apparatum
2936 3451 2967 3491 a
3000 3427 3250 3489 Consti-

632 3539 978 3601 tutionibus
1011 3538 1542 3616 OrdinationibuS,
1574 3538 2050 3600 Consuetudine
2097 3539 2436 3608 invectum;
2487 3556 2714 3618 easque
2761 3559 2794 3597 a
2827 3536 3250 3600 Cardinalium

635 3645 923 3726 Collegio
958 3646 1163 3724 peragi
1199 3646 1481 3706 modesto
1516 3645 1631 3706 ritu
1668 3662 1725 3705 et
1757 3644 1958 3707 forma
1991 3646 2056 3706 in
2080 3643 2285 3707 Palatii
2306 3643 2582 3704 Vaticani
2605 3642 2877 3723 Capella,
2900 3644 2947 3704 si
2973 3642 3249 3704 Pontifex

634 3772 979 3817 extremum
1014 3755 1179 3815 diem
1214 3774 1404 3816 suum
1438 3755 1519 3815 ibi
1554 3754 1837 3816 claudere
1874 3754 2154 3835 poterit».

850 3862 1300 3942 Perpendentes
1350 3881 1495 3922 vero
1547 3861 1851 3938 indolem,
1904 3860 2357 3923 vicissitudines
2410 3876 2469 3922 et
2519 3857 2785 3941 pericula
2839 3857 3249 3938 praesentium

631 3987 987 4052 temporum
1024 3969 1319 4031 omnibus
1354 3968 1858 4050 perspectissima,
1893 3969 2089 4029 facere
2125 3987 2255 4028 non
2290 3987 2645 4050 possumus,
2680 3965 2834 4046 quin
2857 3965 3253 4025 vehementer

633 4095 1017 4159 exoptemus,
1066 4076 1300 4153 locum,
1355 4077 1460 4137 ubi
1508 4076 1729 4137 electio
1777 4076 2055 4136 habenda
2106 4075 2234 4152 erit,
2282 4090 2445 4135 extra
2492 4074 2649 4136 fines
2682 4072 2879 4134 Italiae
2927 4072 3250 4150 designari.

634 4185 826 4260 Quod
876 4204 1023 4245 sane
1073 4184 1447 4244 desiderium
1481 4184 1781 4242 Nostrum
1830 4182 1980 4242 dum
2028 4198 2234 4261 aperte
2283 4181 2624 4262 prodimus,
2671 4180 2821 4241 illud
2854 4180 3031 4240 etiam
3068 4196 3249 4259 atque

635 4290 818 4350 etiam
853 4290 1367 4350 commendamus
1400 4287 1460 4350 S.
1496 4288 1568 4348 R.
1607 4289 1672 4348 E.
1711 4288 2164 4350 Cardinalibus.
2197 4289 2432 4349 Verum
2452 4288 2500 4349 si
2534 4309 2606 4348 ex
2640 4287 2856 4363 causis,
2889 4306 3042 4367 quas
3076 4305 3249 4367 prae-

633 4398 841 4457 videre
878 4396 1229 4475 nequimus»,
1265 4396 1376 4476 ipsi
1410 4398 1578 4457 aliter
1612 4396 1980 4472 censuerint,
2013 4411 2072 4456 et
2107 4396 2354 4457 comitia
2389 4416 2501 4476 pro
2536 4394 2834 4456 electione
2855 4394 2954 4454 hic
2976 4392 3039 4453 in
3063 4393 3248 4470 Urbe,

633 4520 739 4568 aut
772 4505 911 4565 alibi
946 4504 1009 4565 in
1045 4503 1205 4564 ltalia
1241 4505 1524 4565 habenda
1556 4524 1686 4565 esse
1721 4503 2025 4581 duxerint,
2051 4504 2345 4565 volumus
2378 4504 2638 4565 omnino
2671 4517 2730 4563 et
2761 4502 3148 4577 mandamus,
3184 4516 3252 4560 ut

633 4613 697 4673 in
732 4632 875 4674 casu
912 4609 1177 4688 cujusvis
1210 4610 1469 4688 injuriae
1500 4611 1831 4672 Conclavis
1866 4611 2007 4671 loco
2040 4610 2136 4671 vel
2170 4610 2451 4691 personis
2483 4610 2698 4681 illatae,
2731 4610 2856 4669 sive
2889 4608 2949 4669 id
2984 4628 3055 4668 ex
3092 4607 3250 4667 facto

635 4720 959 4800 contigerit
1006 4719 1284 4800 publicae
1332 4719 1662 4801 potestatis,
1713 4718 1841 4778 sive
1878 4719 2274 4797 privatorum,
2311 4716 2509 4778 multo
2543 4736 2686 4777 vero
2720 4715 2913 4796 magis
2943 4715 2992 4776 si
3024 4735 3251 4777 manus

634 4827 1029 4905 injicerentur
1076 4826 1136 4887 in
1187 4827 1459 4907 aliquem
1493 4847 1524 4886 e
1559 4826 2012 4902 CardinalibuS,
2062 4841 2163 4885 aut
2199 4824 2532 4905 quisquam
2565 4844 2636 4885 ex
2668 4824 2817 4905 ipsis
2849 4822 3251 4884 sustineretur

637 4937 1235 5015 quomodocumque
1284 4951 1385 4995 aut
1435 4934 1868 5015 prohiberetur
1899 4954 1930 4993 a
1965 4932 2295 4993 Conclavis
2329 4953 2593 5010 accessu,
2626 4932 2893 4995 Comitia
2929 4932 3092 4992 illico
3124 4930 3245 4991 dis-
