3684 5416
582 1487 635 1521 10

584 2030 629 2076 ¹5

578 2566 632 2598 20

579 3098 631 3142 25

578 3634 631 3679 30

578 4167 629 4211 35

685 333 794 389 434
1703 313 1973 370 Pontifex
2010 331 2304 373 romanus,

685 500 819 561 dies
863 500 994 560 diei
1039 505 1280 560 eructat
1320 499 1592 573 verbum,
1637 505 1699 561 et
1726 520 1846 560 nox
1877 502 2048 560 nocti
2075 500 2317 560 indicat
2344 502 2695 573 scientiam,
2729 499 3096 581 experientia
3127 518 3298 560 cotn-

684 622 927 687 pertum
979 623 1083 683 est,
1129 606 1455 668 salubriori
1487 607 1763 668 remedio
1796 605 2007 667 locum
2043 625 2176 667 non
2208 606 2440 668 deesse.
2502 606 2634 667 Nos
2669 607 2871 684 igitur,
2903 625 3066 686 quos
3097 606 3300 687 posuit

686 713 1018 792 Dominus,
1065 713 1204 774 licet
1250 715 1438 775 nullis
1484 713 1967 792 suffragantibus
1999 712 2254 791 meritis,
2288 732 2498 794 regere
2531 712 2869 774 Ecclesiam
2900 732 3097 787 suam,
3128 732 3205 773 ne
3237 712 3299 772 in

685 838 954 882 extremo
988 821 1086 881 die
1119 821 1526 902 praetermissi
1560 819 1748 881 officii
1780 820 1845 882 in
1877 839 1940 880 re
1973 821 2123 881 tanti
2163 820 2467 881 momenti
2498 841 2532 881 a
2567 821 2747 881 nobis
2780 821 2932 881 ratio
2966 841 2998 880 a
3031 819 3300 880 districto

685 927 888 988 iudice
922 926 1214 1007 exigatur,
1245 926 1421 1007 quod
1454 926 1795 988 multorum
1829 928 2013 988 etiarn
2044 928 2202 988 votis
2236 944 2294 989 et
2326 927 2847 1009 postulationibus
2868 927 3102 987 multus
3123 944 3301 1007 expe-

685 1034 865 1095 titum
898 1049 1005 1112 est,
1040 1033 1246 1095 Sancti
1281 1034 1543 1115 Spiritus
1576 1034 1923 1115 adspirante
1959 1034 2169 1112 gratia,
2207 1034 2559 1095 faciendum
2593 1034 2997 1095 decernimus.

900 1152 929 1212 S
975 1163 1023 1206 1.
1088 1143 1327 1204 Matura
1374 1143 1582 1222 itaque
1629 1162 1775 1203 cum
1822 1142 2268 1216 venerabilibus
2318 1141 2602 1203 fratribus
2649 1141 2870 1204 nostris
2900 1155 3140 1201 sanctae
3176 1140 3300 1200 Ro-

685 1269 904 1311 manae
950 1250 1257 1311 Ecclesiae
1304 1248 1718 1311 cardinalibus
1765 1248 2205 1310 deliberatione
2252 1249 2477 1327 habita,
2526 1249 2603 1310 de
2651 1248 3015 1310 eorumdem
3051 1246 3302 1307 fratrum

686 1355 945 1417 consilio
992 1356 1213 1438 pariter
1259 1371 1316 1418 et
1361 1375 1634 1433 assensu,
1682 1357 1796 1417 hac
1830 1371 2036 1418 nostra
2074 1372 2372 1438 perpetuo
2407 1356 2662 1418 valitura
2696 1355 3155 1430 constitutione;
3183 1368 3303 1413 sta·

684 1463 940 1541 ruimus,
988 1463 1381 1524 decernimus
1414 1478 1472 1523 et
1505 1463 1904 1540 declaramus,
1950 1465 2015 1525 in
2048 1480 2366 1546 posterum
2397 1463 2760 1525 electionem
2796 1461 3059 1523 Romani
3093 1459 3303 1521 Ponti-

687 1568 817 1631 ficis
861 1567 993 1630 fieri
1039 1570 1209 1631 aliter
1254 1587 1384 1630 non
1424 1590 1608 1650 posse
1641 1589 1834 1649 quam
1868 1569 2168 1648 conclavi,
2201 1585 2259 1631 et
2290 1590 2364 1631 eo
2398 1570 2627 1648 claus0,
2660 1588 2729 1630 ac
2762 1584 2900 1649 post
2933 1568 3305 1628 celebratum

683 1676 751 1737 in
783 1696 859 1737 eo
893 1677 1086 1757 prima
1119 1676 1218 1737 die
1250 1692 1708 1738 sacrosanctum
1742 1677 1963 1738 missae
1994 1676 2248 1738 solitum
2280 1676 2665 1753 sacrificium,
2697 1676 2796 1736 cui
2830 1674 3165 1736 cardinales
3204 1672 3301 1733 in-

685 1800 924 1861 teresse,
957 1800 1015 1845 et
1044 1785 1108 1846 in
1140 1804 1215 1846 eo
1249 1785 1705 1847 communicare
1740 1800 2221 1863 consueverunt,
2267 1805 2336 1846 ac
2369 1804 2478 1866 per
2507 1800 2734 1846 secreta
2765 1784 3131 1844 schedarum
3175 1779 3304 1841 suf·

688 1892 879 1973 fragia
912 1893 1181 1954 duarum
1213 1911 1285 1953 ex
1315 1892 1508 1954 tribus
1541 1892 1810 1973 partibus
1846 1891 2249 1953 cardinalium
2268 1891 2333 1953 in
2356 1892 2633 1954 conclavi
2652 1890 3097 1973 praesentium;
3134 1908 3301 1969 prae-

686 2016 969 2080 terquam
1014 1999 1064 2062 si
1110 2018 1332 2062 omnes
1365 2015 1423 2060 et
1453 1999 1680 2078 singuli
1713 1999 2051 2060 cardinales
2082 1998 2357 2060 similiter
2391 1998 2456 2059 in
2490 1998 2764 2059 conclavi
2799 2013 3165 2079 praesentes,
3193 2015 3302 2057 ne-

685 2108 853 2168 mine
904 2107 1316 2187 dissentiente,
1363 2107 1675 2187 aliquibus
1722 2127 1794 2167 ex
1827 2107 2196 2168 eorumdem
2228 2105 2492 2185 collegio
2525 2104 2928 2166 cardinalium
2963 2102 3302 2164 committe-

684 2229 819 2275 rent
865 2214 1133 2294 eligendi
1182 2230 1561 2296 potestatem,
1608 2229 1677 2276 ut
1707 2215 1837 2275 vice
1871 2214 2160 2275 omnium
2192 2213 2497 2274 Ecclesiae
2529 2210 2886 2274 Catholicae
2918 2209 3305 2292 providerent

685 2321 761 2383 de
808 2337 1087 2402 pastore;
1150 2338 1256 2383 aut
1301 2322 1418 2383 nisi
1465 2322 1877 2384 communiter
1918 2323 1993 2382 ab
2025 2321 2320 2382 omnibus
2351 2337 2408 2382 et
2438 2319 2699 2398 singulis
2732 2316 3160 2393 cardinalibus,
3193 2314 3302 2396 qui

688 2427 899 2489 itidem
944 2430 1008 2490 in
1053 2430 1328 2491 conclavi
1375 2445 1721 2511 praesentes
1768 2444 1969 2507 erunt,
2012 2429 2259 2490 nemine
2292 2428 2512 2510 pariter
2544 2427 2957 2500 dissentiente,
2989 2424 3166 2505 quasi
3199 2443 3305 2504 per

686 2533 1169 2616 inspirationem,
1222 2536 1396 2598 nullo
1449 2537 1848 2617 praecedente
1902 2536 1977 2596 de
2030 2555 2289 2616 persona
2328 2535 2573 2617 speciali
2605 2549 2880 2610 tractatu,
2912 2551 3019 2613 per
3050 2533 3303 2593 verbum

684 2641 892 2723 Elige,
943 2642 1309 2725 intelligibili
1359 2662 1510 2704 voce
1562 2644 1887 2725 prolatum,
1939 2657 2044 2703 aut
2092 2641 2336 2724 scrip10‚
2383 2641 2432 2702 si
2479 2660 2630 2702 voce
2677 2640 2806 2702 fieri
2855 2659 2985 2702 non
3016 2638 3305 2722 potuerit,

686 2769 1064 2827 expressum,
1097 2749 1276 2812 fuerit
1307 2752 1621 2813 celebrata.

899 2866 927 2925 S
966 2877 1021 2919 2.
1090 2859 1441 2920 Numerum
1486 2874 1692 2919 autem
1738 2858 2171 2937 suffragiorum
2220 2857 2487 2917 duarum
2534 2876 2603 2917 ex
2642 2855 2836 2916 tribus
2870 2853 3141 2936 partibus
3173 2873 3303 2916 car-

686 2962 986 3024 dinalium
1022 2964 1086 3024 in
1118 2963 1394 3026 conclavi
1424 2966 1860 3047 praesentium,
1894 2980 1961 3026 ut
1995 2964 2210 3026 electio
2242 2983 2348 3045 per
2367 2963 2531 3024 viam
2561 2963 2859 3039 scrutinii,
2889 2963 2999 3023 sivi
3029 2961 3302 3022 scrutinii

688 3085 747 3130 et
792 3089 1071 3131 accessus
1117 3071 1314 3132 valida
1360 3073 1454 3150 sit,
1502 3073 1890 3134 decernimus
1923 3088 1982 3132 et
2013 3071 2394 3133 declaramus
2426 3072 2506 3132 ita
2538 3091 2668 3132 esse
2700 3072 3106 3148 censendum,
3144 3086 3209 3130 ut
3237 3070 3302 3132 in

690 3175 934 3237 duabus
964 3176 1152 3238 tertiis
1183 3178 1454 3259 partibus
1485 3178 1851 3258 suffragium
1884 3179 2056 3240 electi
2091 3197 2222 3240 non
2255 3194 2632 3254 numeretur,
2657 3197 2772 3238 nec
2790 3177 3145 3257 quisquam,
3180 3177 3303 3238 sive

692 3283 986 3359 scrutinii,
1017 3283 1143 3345 sive
1175 3284 1450 3346 scrutinii
1484 3302 1541 3346 et
1571 3305 1877 3364 accessus,
1896 3286 2023 3346 sive
2044 3286 2471 3367 compromissi
2489 3284 2584 3345 via
2605 3284 2991 3366 procedatur,
3011 3305 3076 3345 se
3100 3285 3304 3365 ipsum

687 3390 931 3471 eligere,
982 3411 1092 3452 seu
1139 3392 1503 3472 suffragium
1551 3393 1664 3453 sibi
1697 3393 1841 3454 dare
1876 3392 2184 3455 ullatenus
2216 3393 2425 3474 possit.
2487 3392 2672 3452 Electi
2706 3409 2911 3453 tamen
2942 3410 3223 3473 persona,
3253 3391 3304 3452 si

689 3498 754 3559 in
787 3499 1060 3560 conclavi
1093 3500 1187 3578 sit,
1220 3501 1439 3561 debeat
1471 3501 1532 3561 in
1567 3519 1902 3561 numerum
1934 3500 2335 3561 cardinalium
2369 3498 2732 3581 computari.

901 3615 930 3674 S
971 3627 1024 3686 3.
1092 3608 1330 3670 Rursus
1364 3627 1553 3668 nemo
1586 3627 1695 3688 per
1726 3608 1887 3669 viam
1921 3607 2217 3684 scrutinii,
2250 3627 2361 3668 seu
2395 3605 2670 3667 scrutinii
2704 3621 2763 3666 et
2781 3624 3061 3666 accessus
3081 3605 3304 3665 habea-

687 3726 786 3773 tur
818 3731 933 3793 pro
969 3712 1180 3790 electo,
1215 3714 1331 3776 nisi
1365 3714 1687 3796 publicatis
1719 3714 2010 3775 omnibus
2041 3714 2366 3795 suffragiis,
2404 3730 2461 3773 et
2493 3712 2686 3789 electi,
2718 3712 2768 3774 si
2802 3731 3134 3773 numerum
3172 3728 3305 3772 tan-

686 3820 1016 3881 tummodo
1062 3821 1330 3883 duarum
1376 3840 1448 3881 ex
1493 3821 1685 3883 tribus
1731 3822 2003 3902 partibus
2055 3821 2338 3884 habuisse
2370 3836 2759 3900 compertum
2791 3819 2884 3896 sit,
2917 3819 3098 3880 etiam
3130 3820 3302 3879 sche-

685 3926 848 3988 dulis
878 3927 1120 4007 apertiS.

901 4043 929 4104 S
963 4055 1022 4113 4.
1084 4039 1177 4095 Ac
1207 4035 1257 4097 si
1292 4036 1608 4117 contingat
1641 4036 1850 4116 plures
1881 4037 1947 4096 in
1980 4035 2291 4096 schedulis
2326 4033 2681 4095 nominatos
2714 4033 2866 4094 duas
2886 4033 3087 4093 tertias
3108 4046 3305 4112 partes

688 4139 1125 4217 suffragiorum
1170 4142 1399 4219 tulisse,
1448 4142 1513 4203 in
1554 4143 1990 4221 suffragiorum
2027 4142 2274 4224 paritate
2310 4156 2543 4219 neuter,
2576 4141 2650 4201 sit
2682 4141 2928 4215 electuS,
2961 4139 3026 4199 in
3058 4138 3304 4219 impari-

687 4261 805 4306 tate
856 4265 1022 4323 ver0,
1075 4247 1183 4327 qui
1236 4267 1501 4308 numero
1546 4248 1989 4326 suffragiorum
2035 4248 2319 4328 superior
2363 4246 2490 4323 erit,
2537 4246 2886 4307 dummodo
2919 4246 3074 4307 duas
3106 4244 3304 4305 tertias

687 4368 905 4433 partes,
941 4352 1121 4412 etiam
1155 4354 1218 4413 in
1253 4374 1382 4415 uno
1416 4354 1732 4435 suffragiO,
1766 4356 2034 4432 excedat,
2069 4355 2297 4415 electus
2330 4368 2665 4416 censeatur.

904 4467 932 4526 S
975 4478 1026 4538 5.
1089 4458 1346 4540 Insuper
1391 4461 1456 4521 in
1492 4481 1884 4542 unoquoque
1916 4462 2231 4535 scrutinio,
2264 4476 2593 4540 antequam
2629 4458 2922 4521 schedula
2956 4459 3020 4519 in
3054 4458 3306 4520 calicem

693 4565 981 4644 mittatur,
1034 4588 1067 4627 a
1118 4567 1399 4647 quolibet
1443 4569 1750 4631 cardinale
1798 4570 2214 4629 iuramentum
2250 4568 2367 4629 alta
2400 4583 2458 4628 et
2489 4566 2858 4646 intelligibili
2890 4586 3042 4627 voce
3076 4566 3179 4626 fiat
3211 4565 3306 4625 his

688 4674 919 4734 verbis:
967 4672 1173 4735 Testor
1193 4674 1519 4737 Christum
1541 4674 1905 4749 Dominum,
1939 4677 2051 4755 qui
2079 4696 2171 4735 me
2205 4676 2591 4735 iudicaturus
2623 4681 2737 4747 est,
2770 4694 2864 4733 me
2882 4672 3111 4753 eligere
3130 4692 3305 4752 quem

688 4784 1018 4844 secundum
1051 4783 1255 4845 Deum
1308 4786 1513 4845 iudico
1560 4783 1717 4863 elegi
1760 4782 1998 4857 debere,
2044 4790 2105 4843 et
2146 4784 2312 4864 quod
2352 4784 2512 4844 idem
2560 4783 2624 4842 in
2673 4801 2919 4842 accessu
2951 4778 3306 4862 praestabO.

686 4890 761 4951 Et
794 4891 913 4951 hoc
944 4891 1362 4951 iuramentum
1396 4911 1428 4949 a
1466 4888 1643 4950 nullo
1676 4889 2010 4952 omittatur.
