3684 5416
1126 394 1393 449 Potestas
1434 394 1817 452 ecclesiastica
1859 409 1915 451 et
1949 394 2255 467 imperium
2291 394 2469 450 civile.
2996 412 3090 468 3¹¹

699 578 961 641 XLVIlI.
995 578 1329 640 Catholicis
1361 578 1503 640 viris
1536 579 1781 659 probari
1813 593 2015 659 potest
2048 600 2115 641 ea
2140 579 2476 659 juventutis
2496 580 2903 642 instituendae
2926 579 3096 655 ratio,

488 705 644 766 quae
689 685 763 746 sit
807 705 838 745 a
887 684 1183 746 catholica
1217 684 1335 746 fide
1369 700 1429 746 et
1460 687 1535 746 ab
1571 685 1876 746 Ecclesiae
1911 700 2207 767 potestate
2240 685 2534 764 sejuncta,
2571 705 2855 766 quaeque
2889 704 3096 747 rerum

489 792 800 854 dumtaxat
848 791 1219 853 naturalium
1252 791 1568 854 scientiam
1603 812 1671 856 ac
1704 808 1980 855 terrenae
2012 793 2254 854 socialis
2285 793 2439 854 vitae
2473 792 2628 853 fines
2660 792 3101 854 tantummodo

490 899 582 960 vel
626 901 844 960 saltem
890 898 1182 980 primario
1229 913 1478 979 spectet.
1543 898 1729 979 Epist.
1776 899 1853 959 ad
1888 899 2174 980 Archiep.
2211 898 2487 978 Friburg.
2553 899 2772 974 Quum
2805 918 2938 960 non
2970 898 3099 960 sine

410 1028 431 1070 5
499 1027 589 1085 14.
629 1004 757 1084 julii
801 1007 983 1085 1864.

676 1109 848 1173 XIL.
889 1111 1097 1174 Civilis
1136 1112 1464 1173 auctoritas
1498 1127 1698 1193 potest
1729 1112 2031 1194 impedire
2063 1112 2407 1193 quominus
2439 1131 2754 1174 sacrorum
2788 1111 3101 1173 Antistites

486 1235 542 1283 et
591 1219 803 1283 fideles
853 1219 1070 1302 populi
1122 1238 1267 1280 cum
1315 1219 1607 1281 Romano
1654 1219 1949 1283 Pontifice
1997 1218 2185 1280 libere
2235 1239 2306 1281 ac
2353 1235 2574 1283 mutuo
2621 1218 3100 1280 communicent.

486 1327 681 1389 Alloc.
718 1327 987 1390 Maxima
1019 1325 1276 1407 quidem
1310 1347 1368 1405 9.
1405 1324 1557 1405 junii
1602 1328 1781 1389 1862.

698 1434 763 1498 L.
818 1434 997 1495 Laica
1043 1434 1372 1498 auctoritas
1412 1434 1595 1495 habet
1628 1452 1735 1515 per
1765 1453 1830 1495 se
1864 1432 1961 1511 jus
1995 1432 2422 1514 praesentandi
2455 1432 2781 1514 episcopos
2814 1448 2872 1495 et
2903 1447 3102 1514 potest

386 1562 434 1593 ιο
488 1545 560 1604 ab
605 1541 721 1605 illis
768 1541 1030 1621 exigere,
1075 1557 1143 1602 ut
1187 1540 1392 1603 ineant
1432 1539 1814 1602 dioecesium
1847 1540 2367 1621 procurationem,
2399 1555 2728 1620 antequam
2765 1539 2880 1620 ipsi
2913 1559 3097 1602 cano·

487 1650 688 1711 nicam
719 1669 753 1709 a
785 1646 848 1709 S.
883 1648 1042 1713 Sede
1076 1647 1530 1713 institutionem
1562 1659 1622 1707 et
1652 1646 2019 1728 apostolicas
2052 1647 2276 1709 litteras
2323 1646 2641 1728 accipiant.
2690 1646 2886 1707 Alloc.
2920 1647 3100 1707 Nun-

487 1775 674 1836 quam
707 1754 836 1815 fore
881 1775 974 1834 15.
1010 1753 1353 1817 decembris
1396 1755 1578 1832 1856.

696 1861 792 1924 LI.
826 1861 1025 1924 Immo
1057 1862 1285 1927 laicum
1316 1860 1697 1944 gubernium
1730 1861 1917 1924 habet
1951 1858 2044 1935 jus
2077 1859 2433 1941 deponendi
2464 1862 2539 1921 ab
2574 1860 2859 1922 exercitio
2895 1876 3099 1940 pasto·

486 1970 624 2031 ralis
670 1969 990 2030 ministerii
1037 1969 1381 2051 episcopos,
1436 1988 1642 2049 neque
1687 1982 1932 2029 tenetur
1975 1967 2227 2029 obedire
2263 1967 2554 2028 Romano
2590 1965 2872 2028 Pontifici
2920 1968 2983 2027 in
3030 1967 3101 2027 iis

389 2095 430 2138 ¹5
486 2096 643 2157 quae
687 2077 1156 2158 episcopatuum
1202 2091 1264 2137 et
1310 2074 1749 2156 episcoporum
1795 2072 2130 2154 respiciunt
2176 2072 2641 2135 institutionem.
2708 2073 2844 2135 Litt.
2881 2078 3097 2153 Apost.

488 2184 855 2265 Multiplices
887 2184 1042 2246 inter
1086 2203 1177 2247 ιο.
1211 2182 1365 2261 junii
1411 2184 1595 2263 1851.
1631 2182 1830 2245 Alloc.
1867 2179 2352 2243 Acerbissimum
2391 2199 2490 2246 27.
2514 2178 2874 2261 septembris
2920 2181 3100 2258 1852.
3181 2260 3184 2264 Δ

697 2291 813 2353 LII.
876 2289 1268 2355 Gubernium
1318 2305 1519 2372 potest
1550 2308 1667 2351 suo
1700 2287 1833 2368 jure
1865 2287 2192 2351 immutare
2224 2301 2485 2349 aetatem
2516 2288 2591 2347 ab
2625 2285 2895 2347 Ecclesia
2929 2305 3099 2367 prae—

487 2398 772 2480 scriptam
793 2417 907 2479 pro
927 2397 1210 2477 religiosa
1230 2411 1357 2461 tam
1377 2396 1716 2458 mulierum
1737 2413 1930 2476 quam
1949 2393 2227 2455 virorum
2247 2393 2656 2476 professione,
2679 2391 3100 2471 omnibusque

488 2505 783 2586 religiosis
816 2503 1061 2567 familiis
1095 2504 1380 2579 indicere,
1420 2518 1488 2564 ut
1520 2502 1838 2565 neminem
1870 2500 2004 2562 sine
2034 2520 2152 2562 suo
2184 2499 2489 2582 permissu
2522 2501 2598 2560 ad
2630 2498 2928 2562 solemnia
2963 2514 3101 2560 vota

380 2629 433 2660 ²0
486 2612 904 2693 nuncupanda
936 2611 1280 2676 admittant.
1345 2609 1544 2674 Alloc.
1578 2610 1922 2691 Nunquam
1957 2607 2086 2671 fore
2120 2607 2463 2671 decembris
2508 2608 2691 2685 1856.

699 2719 844 2781 LIII.
907 2719 1319 2798 Abrogandae
1353 2733 1502 2780 sunt
1533 2716 1699 2798 leges
1732 2736 1891 2797 quae
1925 2717 2001 2778 ad
2035 2715 2462 2794 religiosarum
2483 2714 2854 2776 familiarum
2873 2728 3103 2775 statum

486 2828 835 2903 tutandum,
867 2845 1208 2906 earumque
1238 2824 1371 2903 jura
1403 2840 1462 2888 et
1493 2823 1698 2888 officia
1728 2824 2062 2907 pertinem3
2097 2824 2294 2884 immo
2315 2837 2514 2904 potest
2534 2821 2705 2884 civile
2724 2821 3104 2901 gubernium

489 2932 558 2993 iis
590 2933 878 2996 omnibus
911 2933 1212 2998 auxilium
1246 2947 1569 3014 praestare,
1612 2932 1719 3013 qui
1755 2953 1788 2993 a
1822 2944 2110 3014 suscepto
2145 2930 2462 3009 religiosae
2501 2929 2651 2990 vitae
2686 2928 2961 2990 instituto
2995 2928 3101 2989 de-

487 3040 666 3104 ficere
699 3060 770 3104 ac
799 3040 1103 3104 solemnia
1136 3054 1279 3102 vota
1312 3039 1590 3121 frangere
1624 3040 1842 3116 velint;
1899 3039 2248 3121 pariterque
2281 3051 2479 3118 potest
2511 3035 2823 3116 religiosas
2856 3036 3101 3096 easdem

379 3164 428 3208 ²5
487 3147 744 3210 familias
796 3147 1051 3229 perinde
1101 3167 1169 3209 ac
1216 3146 1564 3226 collegiatas
1597 3146 1900 3208 Ecclesias
1946 3162 2004 3207 et
2052 3144 2347 3207 beneficia
2396 3144 2691 3226 simplicia
2738 3143 2922 3204 etiam
2954 3141 3103 3220 juris

484 3273 845 3339 patronatus
892 3256 1136 3339 penitus
1169 3256 1545 3335 extinguere,
1592 3256 1973 3336 illorumque
2016 3258 2179 3316 bona
2214 3268 2272 3315 et
2304 3253 2534 3315 reditus
2568 3251 2756 3312 civilis
2790 3251 3102 3331 potestatis

485 3364 994 3428 administrationi
1042 3379 1099 3425 et
1146 3362 1393 3425 arbitrio
1411 3357 1732 3446 {subiicere
1764 3377 1823 3425 et
1856 3361 2182 3424 vindicare.
2249 3360 2443 3422 Alloc.
2479 3358 2959 3420 Acerbissimum
3000 3378 3099 3424 27.

485 3472 845 3552 septembris
891 3473 1071 3551 1852.
1122 3470 1320 3533 Alloc.
1367 3471 1566 3532 Probe
1601 3469 2006 3530 memineritis
2044 3488 2144 3532 22.
2181 3464 2437 3544 januarii
2482 3467 2665 3544 1855.
2704 3465 2899 3526 Alloc.
2937 3465 3102 3525 Cum

485 3598 662 3660 saepe
701 3580 799 3641 26.
835 3577 966 3656 julii
1010 3580 1193 3658 1855.

380 3714 433 3759 3ο
701 3686 847 3747 LIV.
914 3685 1113 3765 Reges
1160 3701 1219 3747 et
1253 3684 1565 3765 Principes
1614 3702 1745 3745 non
1792 3683 2001 3744 solum
2050 3684 2125 3741 ab
2160 3680 2464 3742 Ecclesiae
2513 3675 2941 3755 jurisdictione
2975 3679 3100 3737 exi-

487 3808 760 3870 muntur,
808 3811 1025 3854 verum
1071 3792 1253 3854 etiam
1299 3792 1362 3854 in
1410 3790 1836 3871 questionibus
1884 3787 2316 3866 jurisdictionis
2362 3786 2723 3848 dirimendis
2755 3785 3103 3866 superiores

486 3916 631 3961 sunt
662 3900 950 3961 Ecclesia.
1015 3899 1154 3962 Litt.
1188 3904 1402 3980 Apost.
1436 3896 1806 3977 Multiplices
1838 3896 1998 3958 inter
2041 3915 2129 3957 10.
2166 3893 2321 3971 junii
2367 3896 2547 3972 1851.

699 4006 822 4069 LV.
858 4005 1125 4067 Ecclesia
1146 4027 1180 4066 a
1202 4005 1395 4083 Statu,
1430 4003 1634 4065 Status
1667 4005 1744 4064 ab
1776 4002 2048 4063 Ecclesia
2081 4000 2505 4081 sejungendus
2538 4014 2645 4059 est.
2686 3997 2877 4061 Alloc.
2914 4004 3099 4058 Acer-

487 4113 809 4176 bissimum
846 4132 947 4181 27·
983 4111 1342 4193 septembris
1389 4114 1568 4189 1852.

379 4365 430 4410 35
484 4354 542 4409 b)
601 4346 709 4401 Pii
749 4347 840 4401 IX.
882 4345 1232 4417 Epistola
1274 4344 1689 4417 Encyclica
1742 4345 1826 4398 de
1866 4342 2268 4398 invasione
2323 4340 2627 4412 Imperii
2670 4340 3096 4396 pontificii.

1552 4433 1605 4487 d.
1654 4451 1695 4488 1.
1734 4433 1875 4489 Nov.
1924 4432 2071 4505 1870·

699 4580 726 4609 ‘
784 4579 986 4633 Archiv
1016 4579 1136 4648 fiir
1171 4578 1369 4632 kathol.
1410 4577 1822 4632 Kirchenreclet.
1881 4577 2054 4631 Tom.
2099 4593 2166 4646 59
2216 4576 2312 4642 (N.
2356 4574 2413 4630 S.
2465 4578 2549 4646 19)
2601 4592 2654 4644 p.
2699 4573 3098 4628 XXXV-LIL

485 4662 530 4716 R
547 4680 583 4716 u
601 4660 630 4716 f
638 4660 667 4716 f
675 4660 775 4716 ini
792 4702 808 4723 ,
857 4663 1197 4716 Lineamenti
1243 4661 1438 4714 storici
1487 4660 1624 4714 delle
1678 4660 1944 4729 relazioni
1970 4658 2089 4728 fra
2140 4660 2193 4710 lo
2231 4658 2387 4710 Stato
2424 4675 2452 4708 e
2489 4658 2543 4708 la
2585 4655 2776 4709 Chic-sa
2829 4658 2883 4707 ln
2922 4656 3096 4707 Italia.

485 4759 652 4813 124¹·
717 4740 1002 4800 Zeller‚
1042 4739 1250 4793 Pia-IX.
1277 4743 1334 4793 et
1365 4740 1548 4793 Victor.
1573 4740 1854 4792 Emanuel.
1894 4735 2051 4791 Paris
2091 4735 2237 4809 1879.
2300 4738 2367 4789 A.
2407 4733 3099 4807 Leroy-Beaulieu‚

377 4845 433 4886 40
492 4823 572 4877 Un
610 4824 930 4894 Empereur‚
971 4837 1044 4873 un
1083 4822 1204 4885 Roz‘,
1243 4837 1315 4872 un
1355 4819 1518 4890 Pape,
1557 4835 1660 4871 une
1699 4819 2105 4873 Restauration.
2162 4816 2316 4870 Paris
2368 4815 2515 4887 1879.
2591 4814 2970 4876 Moribau,
3024 4815 3099 4867 La

484 4904 728 4971 question
766 4903 1011 4954 romaine
1048 4902 1234 4971 depuis
1272 4902 1321 4953 le
1360 4902 1523 4953 traite‘
1557 4900 1623 4952 de
1661 4900 1823 4953 Paris
1859 4901 1933 4952 du
1980 4899 2117 4969 1856
2154 4900 2333 4968 iusqu'
2356 4917 2427 4951 au
2468 4915 2536 4951 20
2572 4903 2703 4969 sept.
2747 4899 2897 4964 1870.
2942 4893 3096 4949 Paris

496 5000 643 5054 1901.
708 4981 1078 5044 Scadut0‚
1137 4984 1513 5052 Guarantzgrie
1539 4984 1833 5053 pontific-ie.
1876 4981 2014 5053 Cap.
2060 4980 2214 5035 1-11.
2295 4978 2622 5046 Calisse,
2660 4981 2867 5033 Dt'rz'tto
2918 4979 3097 5030 Eccle-
