3684 5416
606 349 704 403 :372
1750 330 2072 386 Ordinatio.

601 530 659 574 et
692 514 1039 574 eruditione
1074 513 1540 593 praestantibus,
1574 532 1853 594 quorum
1884 530 2234 594 compertae
2254 531 2422 575 erant
2443 514 2769 577 dissimiles
2791 516 2855 577 in
2877 516 3004 599 ipsa
3028 537 3209 579 causa

600 619 946 701 opiniones,
992 618 1309 700 negotium
1356 620 1642 682 dedimus
1691 637 1753 680 ut
1787 636 2104 681 momenta
2136 619 2474 681 sententiae
2506 641 2654 683 suae
2686 623 2925 704 scriptis
2958 625 3214 685 manda-

601 741 766 787 rent:
818 747 926 787 eos
971 725 1196 787 deinde
1241 725 1318 786 ad
1350 725 1484 788 Nos
1517 714 1741 787 accitos
1774 725 2070 787 iussimus
2103 727 2562 788 communicare
2595 727 2753 789 inter
2783 749 2846 790 se
2880 730 3120 810 scripta,
3154 746 3213 790 et

600 833 910 914 quidquid
956 853 1031 894 eo
1078 832 1343 914 amplius
1375 835 1452 894 ad
1487 853 1616 895 rem
1649 834 1903 913 cognitu
1937 850 2092 894 esset
2125 834 2408 913 dignum,
2443 834 2731 914 indagare
2763 852 2945 917 atque
2979 856 3210 918 expen-

523 966 546 1009 5
601 942 762 1004 dere.
824 941 1329 1020 Consultumque
1375 963 1409 1001 a
1454 940 1652 1001 Nobis
1699 955 1807 1013 est,
1851 956 1919 1000 ut
1964 940 2077 1021 ipsi
2110 939 2445 1021 diplomata
2478 957 2827 1023 opportuna
2859 942 3034 1003 omni
3067 963 3210 1024 pos-

601 1064 732 1108 sent
776 1046 954 1128 copia
1001 1046 1066 1107 in
1115 1047 1430 1108 tabulariis
1474 1046 1785 1108 vaticaniis
1830 1047 1957 1108 sive
2005 1063 2149 1107 nota
2182 1067 2645 1127 recognoscere,
2679 1049 2805 1109 sive
2839 1049 3211 1130 inexplorata

601 1156 896 1229 educere;
965 1154 1239 1233 itemque
1301 1170 1367 1214 ut
1417 1169 1703 1235 prompta
1767 1154 2064 1215 haberent
2128 1174 2561 1235 quaecumque
2625 1155 2906 1217 eiusdem
2971 1157 3215 1237 generis

600 1276 729 1321 acta
761 1261 925 1341 apud
959 1279 1202 1321 sacrum
1237 1260 1614 1334 Consilium,
1659 1262 1830 1341 quod
1866 1262 2161 1342 Suprema
2191 1278 2466 1340 vocatur,
2500 1279 2971 1341 asservarentur,
3008 1282 3214 1343 neque

603 1368 811 1428 minus
843 1386 1279 1447 quaecumque
1311 1366 1388 1426 ad
1421 1367 1540 1427 hoc
1572 1383 1816 1448 tempus
1849 1367 2153 1429 doctiores
2185 1369 2298 1429 viri
2328 1369 2395 1429 in
2429 1385 2758 1449 utramque
2788 1385 3025 1450 partem
3044 1370 3213 1430 evul-

501 1499 548 1531 ιο
599 1489 863 1554 gassent.
911 1473 1294 1535 Huiusmodi
1325 1473 1695 1534 adiumentis
1725 1473 2073 1553 instructos,
2108 1474 2423 1536 voluimus
2456 1495 2564 1537 eos
2597 1474 2663 1536 in
2694 1476 3036 1555 singulares
3058 1494 3199 1537 con·

600 1581 944 1660 gressiones
994 1580 1355 1655 convenire3
1406 1600 1565 1660 quae
1614 1581 1692 1641 ad
1744 1582 2081 1641 duodecim
2128 1598 2274 1643 sunt
2322 1581 2585 1660 habitae,
2636 1582 2915 1664 praeside
2962 1602 3094 1644 uno
3141 1604 3215 1643 ex

603 1689 662 1749 S.
697 1689 770 1749 R.
806 1689 874 1748 E.
908 1687 1342 1749 Cardinalibus
1374 1709 1407 1748 a
1441 1687 1915 1768 Nobismetipsis
1948 1687 2286 1767 designato,
2330 1690 2468 1749 data
2500 1689 2755 1769 singulis
2787 1689 3070 1751 facultate
3117 1691 3211 1750 di-

602 1794 894 1876 sputandi
935 1794 1142 1855 libera.
1216 1794 1505 1873 Denique
1539 1793 1901 1856 earumdem
1934 1796 2453 1875 congressionum
2485 1812 2631 1874 acta,
2663 1815 2790 1857 una
2822 1816 2967 1857 cum
2999 1796 3212 1856 ceteris

603 1902 1015 1978 documentis,
1050 1901 1515 1963 venerabilibus
1560 1901 1871 1963 Fratribus
1916 1902 2158 1962 Nostris
2190 1902 2623 1965 Cardinalibus
2670 1923 2741 1964 ex
2777 1905 3004 1965 eodem
3038 1904 3211 1964 Con-

499 2033 544 2077 15
602 2008 739 2069 silio
787 2009 1080 2069 iussimus
1128 2008 1401 2069 exhiberi
1451 2007 1695 2081 omnia3
1778 2008 1888 2088 qui
1939 2007 2226 2068 meditata
2276 2027 2456 2069 causa
2507 2029 2702 2089 eaque
2754 2028 2962 2071 coram
3014 2010 3217 2070 Nobis

603 2114 825 2175 deinde
857 2115 1096 2196 agitata,
1129 2134 1306 2176 suam
1341 2114 1610 2194 quisque
1641 2113 2007 2175 sententiam
2042 2114 2331 2177 dicerent.
2382 2113 2438 2194 [l.
2476 2134 2524 2175 c.
2558 2136 2692 2196 pag.
2736 2114 3119 2196 193—194.]

815 2435 984 2495 Tum
1033 2434 1565 2495 considerantibus
1596 2434 1795 2495 Nobis
1842 2452 1910 2495 ut
1955 2435 2123 2496 idem
2158 2450 2340 2515 caput
2371 2435 2745 2517 disciplinae,
2780 2436 2892 2497 etsi
2924 2436 3055 2497 iure
3087 2437 3209 2497 iam

495 2567 548 2599 20
602 2541 940 2618 definitum,
972 2563 1004 2602 a
1039 2542 1413 2622 quibusdam
1448 2557 1800 2602 revocatum
1832 2542 1993 2603 sitin
2015 2541 2516 2619 controversiam,
2536 2561 2931 2623 quacumque
2953 2542 3209 2604 demum

602 2670 781 2713 causa
828 2650 904 2711 sit
948 2665 1336 2727 revocatum3
1389 2669 1461 2710 ex
1494 2668 1700 2730 eoque
1732 2666 2006 2731 pronum
2043 2648 2171 2710 fore
2207 2664 2273 2708 ut
2304 2648 2687 2730 perniciosus
2719 2668 2890 2711 error
2920 2648 3212 2729 gignatur

603 2779 732 2819 non
776 2757 986 2840 paucis
1031 2757 1140 2837 qui
1185 2772 1358 2839 putet
1402 2777 1466 2817 se
1513 2757 1595 2817 ibi
1628 2756 1884 2817 Ordinis
1930 2771 2381 2817 sacramentum
2430 2773 2486 2816 et
2533 2755 2769 2818 fructus
2801 2757 3066 2837 reperire
3099 2759 3208 2820 ubi

601 2865 856 2925 minime
887 2879 1056 2935 sunt,
1086 2863 1287 2924 visum
1320 2879 1408 2923 est
1439 2863 1506 2922 in
1538 2861 1815 2922 Domino
1847 2861 2215 2922 sententiam
2249 2862 2541 2923 Nostram
2574 2862 2829 2924 edicere.
2962 2928 2966 2931 ,

814 2970 1023 3049 ltaque
1072 2971 1363 3031 omnibus
1413 2968 1781 3030 Pontificum
1830 2968 2244 3029 Decessorum
2292 2969 2358 3029 in
2406 2969 2520 3029 hac
2565 2970 2695 3050 ipsa
2742 2988 2920 3030 causa
2953 2970 3212 3031 decretis

494 3099 544 3143 25
603 3096 1055 3158 usquequaque
1102 3075 1512 3151 assentienteS‚
1556 3093 1755 3154 eaque
1803 3073 2155 3154 plenissime
2200 3075 2639 3143 confirmantes
2685 3095 2753 3136 ac
2798 3076 2986 3137 veluti
3020 3096 3205 3137 reno-

598 3201 808 3245 vantes
852 3183 1207 3244 auctoritate
1255 3182 1498 3255 Nostra,
1560 3196 1734 3241 motu
1785 3181 2039 3262 proprio
2086 3198 2246 3242 certa
2292 3183 2561 3261 seientia,
2615 3183 3104 3264 pronunciamus
3150 3200 3209 3244 et

599 3291 998 3368 declaramus,
1043 3289 1464 3350 ordinationes
1510 3287 1628 3348 ritu
1663 3288 1989 3366 anglicano
2021 3305 2200 3367 actas,
2231 3290 2425 3350 irritas
2458 3310 2711 3371 prorsus
2748 3289 2932 3350 fuisse
2966 3307 3023 3350 et
3057 3311 3210 3366 esse,

598 3397 988 3478 omninoque
1022 3397 1237 3458 nullas
1274 3443 1287 3457 .
1326 3444 1340 3457 .
1378 3443 1391 3456 .
1445 3394 1502 3475 [l.
1536 3415 1585 3457 e.
1616 3415 1752 3476 pag.
1791 3393 1955 3473 202.]

1431 3768 1509 3836 Q)
1546 3763 1909 3834 Privilegia
1946 3765 2334 3818 clericorum.
2350 3767 2391 3831 ¹)

487 4006 541 4051 30
1416 3969 1480 4044 α)
1545 3963 2014 4049 Privilegium
2064 3967 2376 4031 canonis,

1181 4158 1305 4212 142.
1346 4158 1762 4213 CONCILIUM
1800 4158 2358 4214 LATERANENSE
2397 4160 2616 4230 (1189).

760 4320 805 4355 c.
855 4319 910 4372 15
952 4323 1021 4345 ==
1061 4318 1107 4354 c.
1147 4301 1180 4354 6
1221 4301 1444 4354 Cone.
1487 4300 1955 4356 Claromont.
1994 4304 2190 4374 (1131)
2229 4327 2298 4350 ==
2335 4320 2382 4357 c.
2423 4320 2506 4374 29.
2548 4304 2612 4357 C.
2652 4304 2822 4358 XVII.
2864 4305 2933 4372 Q.
2972 4323 3022 4372 4.

806 4426 833 4454 ⁶
888 4427 1048 4497 Corp.
1087 4428 1191 4479 ίαν.
1232 4443 1351 4480 can.
1407 4426 1492 4479 ed.
1546 4424 1982 4496 Friedberg.
2036 4428 2208 4483 Tom.
2263 4429 2300 4481 1.
2355 4427 2462 4482 col.
2503 4427 2625 4483 822.
2715 4428 2983 4491 Mansi,
3040 4430 3205 4482 Cone.

591 4510 754 4579 ampl.
783 4509 904 4559 coll.
943 4506 1115 4560 Tom.
1145 4505 1290 4559 XXI.
1330 4522 1384 4576 p.
1414 4521 1534 4579 530.
1575 4507 1674 4560 He
1693 4505 1841 4559 fele
1861 4546 1873 4568 ‚
1914 4506 2510 4576 Cortcilt'engeschtkhte.
2551 4508 2726 4562 Tom.
2751 4509 2822 4560 V.
2849 4525 2903 4579 p.
2933 4526 3052 4580 250.
3077 4527 3200 4577 44²-

483 4681 534 4728 35
805 4643 867 4705 Si
915 4645 1057 4724 quis
1102 4644 1396 4705 suadente
1447 4644 1692 4705 diabolo
1742 4644 1930 4705 huius
1960 4643 2256 4724 sacrilegii
2289 4645 2522 4706 uicium
2557 4647 2896 4725 incurrerit,
2932 4648 3105 4727 quod
3139 4648 3202 4708 in

589 4755 881 4815 clericum
915 4753 1018 4814 uel
1049 4771 1385 4813 monacum
1414 4752 1716 4812 uiolentas
1750 4772 1971 4813 manus
2003 4751 2293 4830 iniecerit,
2326 4754 2729 4815 anathematis
2763 4755 3020 4816 uinculo
3054 4757 3201 4815 sub-

811 4912 854 4975 ῑ)
893 4906 1065 4964 Conf.
1094 4906 1262 4962 etiam
1293 4906 1444 4962 Sect.
1474 4907 1544 4960 de
1572 4905 1790 4960 iudiciis
1819 4908 2189 4977 (Privt'legium
2226 4910 2521 4972 clericale).
