3684 5416
566 1774 615 1805 to

568 2310 612 2353 ¹5

563 2845 615 2876 20

567 3916 619 3960 30

567 4449 617 4491 35

664 410 737 462 40
1632 388 1881 445 Ecclesia
1908 389 2316 462 antiquissima.

668 575 1048 655 quicumque
1095 573 1233 634 estis
1293 572 1400 653 qui
1433 573 1544 633 has
1574 573 1802 634 litteras
1836 591 2007 633 nunc
2038 572 2305 652 misistis,
2349 574 2603 635 nomina
2633 590 2836 636 uestra
2868 575 3080 637 libello
3111 575 3280 636 subi-

668 680 832 742 ciatis
877 696 937 741 et
980 680 1258 741 libellum
1305 698 1451 740 cum
1483 680 1877 760 singulorum
1911 679 2272 741 nominibus
2304 680 2379 741 ad
2413 700 2513 741 me
2546 682 2986 744 transmittatis,
3020 698 3158 744 ante
3189 699 3280 742 est

667 787 832 849 enim
878 787 1030 848 scire
1077 787 1304 867 quibus
1349 787 1674 847 rescribere
1708 787 1989 849 habeam.
2052 802 2204 847 tunc
2234 788 2311 849 ad
2341 788 2586 865 singula
2618 808 2779 868 quae
2808 788 3134 869 scripsistis
3165 806 3280 869 pro

664 894 783 956 loci
835 910 892 955 et
941 909 1111 955 actus
1160 893 1349 955 nostri
1403 893 1817 955 mediocritate
1868 894 2216 955 rescribam.
2277 909 2429 975 opto
2477 916 2612 967 uos,
2660 895 2872 956 fratres
2922 895 3278 971 charissimi,

666 1021 910 1082 semper
963 1004 1121 1062 bene
1167 1002 1370 1062 ualere
1417 1016 1475 1061 et
1521 1003 1867 1062 sec-undum
1906 1001 2160 1062 Domini
2203 1001 2594 1083 disciplinam
2627 1002 2831 1083 quiete
2863 1018 2920 1062 et
2950 1002 3278 1083 tranquille

666 1129 861 1189 agere.
913 1110 1128 1170 ualete.
1196 1106 1253 1187 [1.
1290 1127 1340 1168 c.
1378 1127 1514 1189 pag.
1560 1106 1952 1188 566—568.}

881 1427 1002 1511 Ep.
1041 1431 1141 1509 38.
1208 1429 1249 1489 1.
1297 1428 1649 1510 Cyprianus
1700 1429 2067 1511 presbyteris
2095 1445 2158 1490 et
2187 1429 2550 1490 diaconibus
2578 1429 2728 1491 item
2763 1430 2926 1509 plebi
2962 1431 3278 1494 universae

667 1538 946 1598 salutem.
1007 1536 1070 1596 In
1114 1536 1611 1597 ordinationibus
1643 1536 1893 1613 clericis,
1939 1537 2150 1597 fratres
2181 1536 2494 1610 carissimi,
2526 1537 2803 1598 solemus
2834 1557 2950 1599 uos
2970 1554 3111 1599 ante
3131 1557 3280 1600 con·

667 1643 868 1704 sulere
917 1658 977 1704 et
1024 1662 1228 1704 mores
1272 1661 1342 1703 ac
1390 1643 1599 1703 merita
1646 1642 2042 1721 singulorum
2094 1642 2417 1704 communi
2448 1642 2711 1705 consilio
2745 1644 3106 1725 ponderare.
3170 1647 3280 1707 sed

669 1752 1073 1832 exspectanda
1108 1769 1236 1811 non
1270 1765 1418 1810 sunt
1456 1750 1811 1811 testimonia
1848 1751 2116 1810 humana
2148 1769 2296 1810 cum
2327 1751 2703 1830 praecedunt
2734 1750 2946 1813 diuina
2975 1754 3281 1832 suffragia.

670 1856 962 1918 Aurelius
996 1855 1176 1916 frater
1206 1872 1432 1925 noster,
1464 1855 1755 1933 inlustris,
1792 1856 2170 1931 adulescens,
2203 1877 2235 1916 a
2268 1856 2539 1918 Domino
2574 1857 2694 1917 iam
2727 1860 3021 1938 probatus
3054 1876 3112 1921 et
3147 1861 3280 1922 Deo

667 1981 845 2023 carus
884 1977 991 2039 est,
1028 1963 1092 2022 in
1124 1963 1301 2024 annis
1333 1962 1538 2023 adhuc
1571 1963 1882 2038 nouellus,
1916 1963 2025 2024 sed
2060 1963 2123 2022 in
2158 1962 2400 2024 uirtutis
2433 1983 2501 2024 ac
2531 1962 2676 2025 fidei
2709 1964 2890 2026 laude
2929 1985 3281 2046 prouectus,

669 2070 878 2131 minor
923 2068 984 2130 in
1020 2070 1229 2130 aetatis
1260 2089 1406 2130 suae
1442 2070 1673 2145 indole,
1723 2070 1830 2131 sed
1866 2070 2064 2131 maior
2096 2070 2158 2130 in
2192 2069 2467 2132 honore:
2500 2071 2756 2151 gemino
2792 2073 2889 2133 hic
2920 2093 3120 2152 agone
3153 2094 3283 2135 cer-

668 2177 838 2251 tauit,
904 2177 996 2237 bis
1042 2175 1363 2239 confessus
1405 2193 1463 2239 et
1502 2177 1593 2238 bis
1627 2176 2035 2238 confessionis
2085 2195 2234 2238 suae
2265 2176 2520 2238 uictoria
2554 2178 2884 2260 gloriosus,
2933 2195 2994 2241 et
3024 2181 3282 2261 quando

668 2284 814 2346 uicit
861 2285 924 2346 in
970 2304 1157 2346 cursu
1207 2284 1398 2345 factus
1445 2284 1702 2345 extorris
1753 2298 1809 2343 et
1855 2302 2000 2343 cum
2049 2283 2262 2344 denuo
2308 2285 2638 2346 certamine
2679 2286 2929 2348 fortiore
2981 2288 3282 2368 pugnauit

667 2392 1080 2472 triumphator
1109 2408 1168 2452 et
1201 2392 1399 2453 uictor
1444 2392 1505 2452 in
1540 2391 1776 2473 proelio
1816 2391 2137 2473 passionis.
2200 2393 2491 2472 quotiens
2528 2394 2914 2455 aduersarius
2949 2413 3278 2474 provocare

668 2518 883 2560 seruos
907 2499 1018 2560 Dei
1043 2498 1266 2574 uoluit,
1299 2499 1524 2559 totiens
1557 2499 2058 2580 promptissimus
2090 2492 2558 2581 acflfortissimus
2591 2500 2768 2562 miles
2799 2517 2857 2562 et
2889 2502 3192 2582 pugnauit
3222 2517 3282 2563 et

669 2605 832 2666 uicit.
884 2625 1102 2686 parum
1144 2604 1338 2666 fuerat
1370 2607 1486 2666 sub
1517 2606 1717 2667 oculis
1749 2621 1887 2666 ante
1922 2624 2282 2687 paucorum,
2315 2608 2573 2687 quando
2606 2608 2862 2669 extorris
2895 2608 3094 2687 fiebat,
3127 2628 3281 2670 con-

666 2733 950 2793 gressum
997 2713 1216 2776 fuisse:
1268 2714 1490 2775 meruit
1536 2730 1593 2774 et
1639 2714 1704 2775 in
1754 2712 1892 2775 foro
1939 2715 2230 2793 congredi
2279 2714 2531 2776 clariore
2578 2716 2823 2785 uirtute,
2875 2730 2941 2776 ut
2972 2732 3110 2797 post
3143 2735 3275 2777 ma·-

668 2821 957 2901 gistratus
1005 2837 1065 2882 et
1116 2822 1553 2903 proconsulem
1615 2820 1907 2895 uinceret,
1951 2836 2089 2902 post
2135 2820 2384 2883 exilium
2434 2836 2738 2883 tormenta
2782 2837 3115 2903 superaret.
3168 2841 3284 2883 nec

670 2928 928 2989 inuenio
978 2928 1129 3008 quid
1183 2929 1245 2988 in
1298 2947 1374 2989 eo
1426 2927 1770 3008 praedicare
1823 2929 1962 3008 plus
2010 2928 2289 3003 debeam,
2341 2927 2606 3008 gloriam
2653 2928 3008 3005 uulnerum,
3052 2948 3131 2990 an
3164 2948 3276 2991 ue—

670 3036 1029 3095 recundiam
1065 3054 1336 3111 morum,
1379 3035 1551 3116 quod
1586 3036 1823 3096 honore
1859 3035 2104 3096 uirtutis
2136 3034 2391 3114 insignis
2423 3050 2531 3112 est,
2563 3054 2643 3096 an
2675 3036 2849 3116 quod
2884 3036 3140 3116 pudoris
3171 3037 3279 3097 ad-

670 3142 996 3203 miratione
1031 3141 1393 3202 laudabilis?
1459 3140 1538 3202 ita
1569 3157 1628 3202 et
1661 3140 1955 3220 dignitate
1989 3139 2264 3202 excelsus
2303 3156 2392 3201 est
2424 3157 2484 3202 et
2518 3140 2861 3202 humilitate
2889 3141 3281 3219 summissus,

670 3265 738 3310 ut
783 3265 1067 3331 appareat
1117 3249 1295 3309 illum
1338 3248 1641 3310 diuinitus
1688 3263 2071 3310 reseruatum
2115 3248 2224 3328 qui
2272 3249 2346 3308 ad
2394 3248 2864 3331 ecclesiasticam
2896 3248 3283 3330 disciplinam

594 3381 613 3423 5
669 3349 883 3417 ceteris
928 3371 1086 3417 esset
1131 3355 1432 3436 exemplo,
1478 3355 1808 3436 quomodo
1854 3355 2017 3415 serui
2050 3355 2164 3415 Dei
2199 3355 2278 3416 in
2326 3354 2712 3416 confessione
2759 3356 3094 3417 uirtutibus
3142 3356 3284 3417 uin-

671 3478 892 3540 cerent,
927 3479 1065 3544 post
1098 3461 1554 3523 confessionem
1591 3462 1873 3523 moribus
1906 3462 2269 3523 eminerent.

885 3569 952 3630 ll.
1007 3571 1360 3632 Merebatur
1404 3569 1538 3629 talis
1585 3569 1834 3631 clericae
1883 3568 2288 3631 ordinationis
2339 3568 2656 3630 ulteriores
2702 3568 2931 3650 gradus
2977 3584 3037 3630 et
3081 3569 3279 3630 incre-

672 3692 874 3739 menta
911 3677 1161 3752 maiora,
1198 3695 1325 3737 non
1358 3677 1435 3737 de
1469 3675 1646 3737 annis
1679 3676 1830 3754 suis,
1867 3676 1974 3737 sed
2007 3676 2083 3737 de
2116 3677 2350 3738 meritis
2382 3676 2817 3738 aestimandus.
2879 3676 2987 3737 sed
3033 3675 3282 3738 interim

673 3784 898 3865 placuit
944 3799 1012 3844 ut
1057 3787 1132 3845 ab
1179 3783 1389 3845 officio
1434 3783 1715 3844 lectionis
1761 3784 2032 3865 incipiat,
2097 3784 2242 3863 quia
2290 3799 2351 3845 et
2388 3783 2542 3844 nihil
2587 3784 2782 3864 magis
2821 3783 3105 3862 congruit
3143 3783 3286 3845 uoci

674 3912 831 3973 quae
868 3892 1072 3954 Deum
1121 3892 1390 3973 gloriosa
1438 3890 1885 3972 praedicatione
1932 3890 2210 3952 confessa
2261 3907 2352 3952 est
2402 3910 2593 3971 quam
2644 3891 3024 3952 celebrandis
3056 3889 3288 3951 diuinis

670 3999 1038 4060 lectionibus
1085 4016 1432 4080 personare,
1484 4014 1621 4079 post
1665 4000 1853 4059 uerba
1900 3998 2182 4059 sublimia
2216 4019 2375 4078 quae
2408 3998 2636 4061 Christi
2685 3998 3045 4079 martyrium
3079 3999 3287 4078 prolo-

671 4121 809 4167 cuta
841 4122 983 4166 sunt
1014 4105 1412 4183 euangelium
1431 4105 1658 4167 Christi
1688 4106 1891 4185 legere
1923 4104 2093 4165 unde
2125 4120 2421 4186 martyres
2460 4104 2638 4184 fiunt,
2672 4105 2746 4166 ad
2790 4104 3101 4186 pulpitum
3144 4120 3285 4185 post

673 4228 961 4274 catastam
996 4213 1228 4290 uenire,
1265 4212 1383 4273 illic
1413 4212 1598 4273 fuisse
1622 4211 2033 4292 conspicuum
2052 4211 2375 4290 gentilium
2397 4211 2798 4288 multitudini,
2834 4211 2933 4272 hic
2951 4233 2984 4272 a
3006 4211 3289 4273 fratribus

672 4319 964 4401 conspici,
1013 4318 1133 4380 inie
1179 4319 1463 4381 auditum
1511 4340 1641 4379 esse
1694 4338 1838 4380 cum
1887 4318 2187 4380 miraculo
2235 4318 2679 4379 circumstantis
2726 4317 2958 4399 populi,
3007 4318 3107 4379 bic
3143 4337 3289 4379 cum

672 4426 901 4506 gaudio
936 4425 1318 4487 fraternitatis
1351 4425 1562 4486 audiri.
1598 4426 1768 4486 hunc
1799 4425 2003 4504 igitur,
2041 4426 2251 4486 fratres
2286 4425 2678 4503 dilectissimi,
2712 4446 2743 4485 a
2777 4443 2878 4486 me
2907 4440 3016 4485 eta
3038 4423 3289 4505 collegis

675 4534 782 4614 qui
816 4547 1162 4616 praesentes
1193 4533 1446 4592 aderant
1478 4531 1837 4593 ordinatum
1871 4532 2086 4592 sciatiS.
2120 4533 2292 4612 quod
2326 4552 2445 4594 uos
2475 4532 2603 4593 scio
2638 4547 2696 4592 et
2728 4532 2986 4592 libenter
3005 4529 3288 4614 amplecti

674 4656 734 4701 et
765 4657 975 4722 optare
1007 4641 1156 4701 tales
1188 4639 1252 4700 in
1274 4638 1519 4699 ecclesia
1559 4654 1766 4700 nostra
1789 4658 1981 4720 quam
2004 4639 2304 4721 plurimos
2324 4639 2614 4701 ordinari.
2649 4654 2707 4701 et
2727 4638 3028 4719 quoniam
3048 4657 3289 4719 semper

674 4748 972 4826 gaudium
1024 4760 1328 4828 properat,
1380 4766 1493 4807 nec
1543 4762 1746 4827 potest
1797 4766 2003 4808 moras
2050 4748 2204 4808 ferre
2244 4746 2483 4823 laetitia,
2518 4745 2836 4808 dominico
2869 4745 3014 4828 legit
3047 4744 3289 4806 interim

681 4854 880 4930 nobiS,
912 4853 971 4914 id
1006 4869 1097 4915 est
1127 4853 1479 4934 auspicatus
1514 4869 1604 4915 est
1637 4873 1870 4935 pacem,
1904 4854 2057 4914 dum
2092 4853 2327 4914 dedicat
2360 4852 2709 4913 lectionem.
2755 4872 2874 4913 uos
2905 4851 3291 4914 orationibus

680 4960 1026 5041 frequenter
1060 4960 1334 5040 insistite,
1383 4976 1444 5022 et
1491 4981 1699 5043 preces
1747 4976 1987 5023 nostras
2021 4961 2237 5022 uestris
2269 4961 2551 5042 precibus
2584 4960 2890 5037 adiuuate,
2939 4974 3014 5020 ut‘
3041 4958 3289 5020 Domini
