3684 5416
394 1027 415 1069 5

371 1562 422 1593 10

370 2097 419 2139 ¹5

365 2633 424 2665 20

372 4775 429 4815 40

1432 388 1682 443 Ecclesia
1712 387 2121 461 antiquissima.
3020 410 3091 463 59

536 465 659 471 ,ᾤ-
684 465 987 470 ἶμ
1006 465 1321 470 -—--———-—⁷
1504 466 1551 470 .--
1592 466 1870 471 ἠῖῂώ-Μ
1897 467 2188 472 ——--—.—-.77
2217 467 2488 472 —-.——-....-
2551 468 2772 473 **⁴—v
2821 467 2990 474 ψ
3053 469 3079 473 μ.-

690 573 840 634 Can.
874 573 974 634 XI.
1024 572 1129 633 De
1146 573 1406 654 puellis,
1438 594 1592 655 quae
1614 572 1957 652 gentilibus
1991 576 2351 653 iunguntur.
2400 574 2490 635 De
2525 574 2744 655 puellis
2779 574 3091 652 fidelibus»,

476 698 636 758 quae
679 679 1009 760 gentilibus
1055 678 1423 758 iunguntur,
1473 679 1716 760 placuit,
1768 695 1837 740 ut
1881 680 2195 760 aliquanto
2240 694 2517 762 tempore
2563 702 2595 742 a
2642 683 3089 746 communione

472 802 844 867 separentur.

688 894 845 955 Can.
875 893 997 955 XII.
1054 893 1140 955 Ut
1167 894 1388 955 clerici
1394 898 1828 974 foeneratores
1861 899 2471 957 excommunicentur.
2513 897 2606 957 De
2639 897 2944 975 ministriS,
2977 899 3087 978 qui

478 999 815 1076 foenerant,
849 1001 1078 1081 placuit
1108 1022 1214 1063 eos
1247 1003 1409 1063 iuxta
1432 1001 1697 1064 formam
1719 1002 2013 1064 divinitus
2033 1003 2241 1063 datam
2261 1023 2294 1063 a
2314 1003 2763 1065 communione
2783 1004 3089 1066 abstineri.

689 1109 844 1170 Can.
869 1108 1016 1170 XIII.
1062 1109 1165 1170 De
1186 1111 1296 1182 iis,
1317 1114 1430 1190 qui
1444 1111 1791 1189 scripturas
1810 1128 2050 1182 sacras,
2080 1129 2226 1169 vasa
2248 1109 2556 1169 dominica
2577 1110 2676 1169 vel
2688 1113 3089 1189 nominafra-

478 1221 637 1275 trum
655 1216 991 1277 tradidisse
1011 1217 1318 1277 dicuntur.
1351 1216 1441 1278 De
1463 1216 1577 1291 his,
1603 1216 1714 1295 qui
1737 1215 2068 1297 scripturas
2085 1230 2322 1276 sanctas
2343 1215 2660 1277 tradidisse
2679 1217 2973 1278 dicuntur
2991 1217 3089 1277 vel

476 1342 617 1381 vasa
661 1322 969 1383 dominica
1015 1323 1110 1383 vel
1162 1322 1414 1384 nomina
1468 1322 1726 1383 fratrum
1762 1340 2054 1399 suorum,
2104 1322 2330 1403 placuit
2365 1323 2566 1399 nobis,
2603 1340 2669 1384 ut
2702 1324 3088 1403 quicumque

476 1446 692 1489 eorum
743 1449 813 1490 ex
864 1429 1009 1491 actis
1058 1431 1314 1512 publicis
1368 1430 1552 1493 fuerit
1604 1430 1900 1506 detectus,
1947 1449 2074 1491 non
2111 1430 2310 1491 verbis
2342 1430 2547 1505 nudis,
2582 1433 2656 1491 ab
2691 1429 2911 1491 ordine
2945 1429 3089 1490 cleri

477 1555 848 1598 amoveatur.
895 1539 1056 1599 Nam
1102 1538 1153 1598 si
1200 1539 1386 1599 iidem
1432 1538 1673 1618 aliquos
1706 1538 2027 1599 ordinasse
2059 1537 2283 1600 fuerint
2314 1532 2705 1618 deprehensi,
2739 1552 2798 1597 et
2830 1537 2894 1599 hi
2927 1554 3092 1616 quos

476 1643 911 1704 ordinaverunt
962 1645 1283 1705 rationales
1334 1644 1693 1724 subsistunt,
1747 1663 1878 1706 non
1928 1644 2046 1705 illis
2093 1644 2254 1705 obsit
2288 1644 2610 1707 ordinatio,
2675 1644 2746 1704 Et
2790 1642 3087 1723 quoniam

479 1750 657 1810 multi
688 1765 850 1827 sunt,
886 1752 991 1831 qui
1027 1768 1236 1813 contra
1270 1752 1734 1813 ecclesiasticam
1771 1752 2057 1831 regulam
2097 1770 2376 1831 pugnare
2400 1750 2682 1811 videntur
2702 1767 2759 1811 et
2782 1768 2889 1830 per
2906 1764 3092 1810 testes

478 1855 830 1938 redemptos
876 1873 1092 1939 putant
1138 1876 1202 1917 se
1251 1857 1326 1917 ad
1372 1855 1829 1919 accusationem
1863 1855 2104 1917 admitti
2139 1856 2379 1931 debere,
2412 1857 2674 1917 omnino
2706 1875 2833 1917 non
2866 1855 3094 1917 admit—

476 1975 700 2039 tantur,
733 1960 869 2039 nisi,
908 1979 972 2022 ut
1003 1981 1189 2043 supra
1221 1960 1509 2030 diximus,
1544 1960 1692 2021 actis
1727 1960 1993 2041 publicis
2027 1961 2370 2022 docuerint.

691 2069 846 2130 Can.
879 2068 1033 2129 XIV.
1102 2068 1186 2131 Ut
1228 2071 1339 2149 qui
1359 2068 1538 2146 salso
1584 2074 1885 2128 accusant
1909 2071 2155 2145 fratres
2190 2087 2355 2139 suos,
2394 2087 2582 2147 usque
2613 2068 2696 2127 ad
2725 2069 2949 2127 exitum
2982 2088 3090 2126 ex-

479 2178 1008 2236 communicentur.
1067 2175 1158 2235 De
1205 2177 1319 2253 his,
1365 2175 1475 2255 qui
1525 2173 1676 2236 falso
1716 2190 2008 2235 accusant
2046 2175 2254 2233 iratres
2286 2192 2453 2251 suos,
2491 2172 2718 2253 placuit
2750 2192 2857 2234 eos
2891 2193 3094 2253 usque

479 2282 556 2341 ad
589 2280 819 2342 exitum
852 2302 980 2344 non
1012 2284 1487 2343 communicare.

692 2390 844 2451 Can.
879 2389 1007 2451 XV.
1062 2389 1146 2451 Ut
1174 2392 1461 2451 diacones
1493 2411 1611 2451 non
1645 2389 1927 2470 offerant.
1973 2388 2063 2448 De
2098 2387 2478 2463 diaconibus,
2500 2405 2660 2465 quos
2682 2386 3095 2465 cognovimus

480 2497 689 2558 multis
718 2497 873 2559 locis
907 2498 1145 2574 efferre,
1181 2497 1407 2579 placuit
1439 2496 1695 2558 minime
1729 2495 1862 2555 fieri
1896 2495 2140 2556 debere.

692 2606 845 2665 Can.
877 2604 1035 2666 VVI.
1106 2605 1192 2667 Ut
1233 2604 1343 2665 ubi
1389 2606 1643 2685 quisque
1668 2606 1814 2680 suit
1855 2604 2434 2673 excommunicatus,
2480 2599 2574 2661 ibi
2615 2602 3095 2661 communionem

478 2720 896 2793 consequatur.
941 2714 1030 2774 De
1052 2712 1170 2787 his,
1202 2713 1309 2793 qui
1343 2732 1456 2794 pro
1490 2713 1719 2773 delicto
1753 2732 1870 2772 suo
1905 2731 1937 2772 a
1970 2711 2415 2772 communione
2436 2723 2811 2789 separantur,
2845 2705 3093 2787 placuit,

481 2836 549 2879 ut
581 2819 643 2881 in
689 2821 1191 2901 quibuscumque
1242 2821 1394 2882 locis
1429 2818 1653 2881 fuerint
1687 2818 1938 2895 exclusi,
1973 2819 2038 2879 iu
2072 2817 2290 2878 iisdem
2327 2815 2842 2878 communionem
2876 2833 3094 2875 conse-

477 2942 764 3006 quantur.

692 3036 843 3096 Can.
877 3034 1059 3096 XVII.
1102 3034 1186 3096 Ut
1213 3034 1422 3095 nullus
1454 3036 1770 3116 episcopus
1803 3032 1993 3091 alium
2029 3030 2346 3091 conculcet
2373 3032 2737 3110 episcopum.
2769 3028 2855 3089 Ut
2887 3026 3098 3087 nullus

401 3174 420 3202 ς
480 3143 805 3224 episcopus
837 3143 1028 3204 alium
1059 3142 1422 3223 episcopum
1454 3141 1733 3201 inculcet.

694 3252 844 3313 Can.
866 3250 1073 3311 XVIII.
1115 3250 1217 3310 De
1249 3247 1611 3309 diaconibus
1644 3246 1903 3319 urbicis,
1938 3250 2007 3304 ut
2036 3246 2171 3304 sine
2200 3245 2579 3303 conscientia
2597 3239 3097 3320 presbyterorum

479 3357 647 3418 nihil
672 3365 878 3438 agant.
918 3357 1008 3417 De
1042 3356 1402 3417 diaconibus
1440 3352 1683 3430 urbiciS,
1721 3369 1787 3413 ut
1820 3370 1949 3413 non
1982 3351 2094 3411 sibi
2129 3364 2372 3409 tantum
2408 3362 2821 3428 praesumant,
2850 3347 2956 3406 sed
2981 3347 3098 3405 ho-

479 3484 695 3525 norem
743 3463 1109 3545 presbyteris
1154 3478 1476 3538 reservent,
1526 3476 1594 3522 ut
1638 3460 1769 3520 sine
1806 3457 2175 3521 conscientia
2212 3456 2488 3537 ipsorum
2525 3453 2674 3513 nihil
2709 3453 2822 3513 tale
2859 3452 3097 3513 faciant.

694 3573 846 3634 Can.
880 3571 1036 3631 XIX.
1097 3570 1180 3631 Ut
1194 3571 1557 3651 peregrinis
1588 3568 1890 3647 episcopis
1925 3565 2093 3625 locus
2126 3562 2540 3641 sacrificandi
2568 3561 2761 3618 detur.
2838 3559 2930 3618 De
2964 3559 3094 3638 epi-

369 3708 392 3746 ς
478 3679 683 3760 scopis
703 3677 1052 3759 peregriniS,
1069 3677 1175 3756 qui
1198 3676 1261 3737 in
1283 3679 1500 3737 urbem
1524 3674 1722 3735 solent
1745 3671 1971 3746 venire,
1992 3669 2219 3750 placuit
2241 3668 2310 3728 iis
2329 3667 2536 3727 locum
2560 3667 2706 3742 dari,
2729 3682 2795 3724 ut
2815 3664 3098 3738 offerant,

692 3787 841 3848 Can.
875 3785 1007 3846 XX.
1061 3784 1145 3846 Ut
1172 3786 1306 3845 sine
1337 3783 1536 3843 tribus
1567 3781 1868 3862 episcopis
1901 3777 2107 3838 nullus
2129 3779 2443 3855 episcopus
2476 3772 2815 3832 ordinetur.
2852 3772 2941 3831 De
2976 3772 3092 3844 his,

480 3893 590 3972 qui
619 3909 915 3973 usurpant
934 3892 1070 3968 sibi,
1105 3892 1278 3970 quod
1303 3889 1418 3950 soli
1439 3890 1699 3950 debeant
1720 3886 2046 3968 episcopos
2066 3882 2371 3955 ordinare,
2396 3878 2634 3960 placuit,
2659 3893 2727 3937 ut
2745 3877 2955 3938 nullus
2976 3878 3096 3938 hoc

478 4001 594 4061 sibi
640 4015 989 4082 praesumat
1034 3998 1149 4058 nisi
1183 3996 1515 4075 assumptis
1548 4012 1761 4055 secum
1797 3991 1929 4052 aliis
1962 4006 2197 4070 septem
2234 3986 2563 4066 episcopis.
2630 3985 2693 4046 Si
2727 4000 2932 4045 tamen
2967 4003 3097 4044 non

480 4106 748 4188 potuerit
778 4123 1033 4186 septem,
1068 4104 1225 4165 infra
1259 4119 1380 4164 tres
1413 4122 1541 4164 non
1572 4102 1797 4163 audeat
1828 4098 2132 4160 ordinare.
2331 4098 2340 4104 '

694 4215 848 4275 Can.
870 4212 1028 4274 XXI.
1065 4211 1150 4272 Ut
1168 4210 1517 4292 presbyteri
1544 4215 1655 4268 aut
1682 4209 1997 4277 diacones,
2028 4205 2140 4284 qui
2167 4202 2252 4260 ad
2279 4200 2411 4259 alia
2443 4199 2576 4258 loca
2611 4219 2674 4258 se
2693 4200 3102 4276 transferunt,

480 4323 875 4403 deponantur.
920 4320 1010 4379 De
1045 4316 1415 4398 presbyteris
1448 4332 1553 4375 aut
1586 4312 1973 4385 diaconibus»,
2008 4309 2114 4389 qui
2150 4308 2352 4368 solent
2384 4305 2688 4366 dimittere
2720 4305 2854 4365 loca
2888 4324 2999 4364 sua
3034 4304 3098 4363 in

481 4431 708 4510 quibus
754 4426 1019 4490 ordinati
1065 4441 1232 4500 suut,
1277 4440 1334 4484 et
1365 4423 1442 4483 ad
1475 4422 1591 4483 alia
1622 4420 1757 4481 loca
1790 4439 1855 4479 se
1890 4416 2286 4488 transferunt,
2321 4413 2564 4494 placuit,
2602 4428 2668 4471 ut
2699 4411 2769 4471 iis
2801 4410 2951 4471 locis
2983 4410 3096 4470 mi-

481 4537 749 4613 nistrent,
781 4533 1011 4614 quibus
1043 4529 1291 4612 praefixi
1322 4545 1485 4590 sunt.
1541 4526 1736 4602 Quod
1768 4527 1818 4585 si
1855 4523 2079 4584 relictis
2109 4520 2264 4582 locis
2297 4520 2425 4580 suis
2458 4519 2532 4579 ad
2568 4517 2758 4577 alium
2791 4536 2856 4576 se
2888 4517 3098 4577 locum

481 4642 803 4704 transferre
839 4639 1159 4712 voluerint,
1191 4639 1598 4717 deponantur.

696 4749 845 4810 Can.
880 4743 1065 4806 XXII.
1112 4742 1215 4803 De
1246 4743 1566 4823 apostatis,
1598 4741 1709 4819 qui
1737 4740 1800 4798 in
1835 4736 2202 4815 infirmitate
2233 4733 2708 4794 communionem
2729 4735 2968 4809 petunt.
3007 4728 3099 4788 De

485 4858 597 4934 his,
645 4855 754 4936 qui
799 4867 1144 4935 apostatant
1186 4865 1245 4910 et
1277 4866 1601 4927 nunquam
1646 4865 1710 4906 se
1743 4845 1820 4905 ad
1855 4842 2171 4904 ecclesiam
2208 4853 2684 4920 repraesentant,
2739 4855 2814 4896 ne
2848 4834 3102 4914 quidem

486 4962 922 5044 poenitentiam
955 4979 1131 5040 agere
1166 4971 1489 5039 quaerunt,
1525 4970 1583 5015 et
1605 4971 1817 5035 postea
1840 4950 2191 5013 infirmitate
2214 4945 2446 5027 accepti
2468 4959 2684 5027 petunt
2706 4942 3102 5004 communio-
