3684 5416
542 1521 594 1552 10

542 2606 598 2637 20

544 3799 599 3843 30

644 349 715 423 38
1608 350 1857 407 Ecclesia
1884 351 2294 424 antiquissima.

648 534 1026 614 profluentes
1059 535 1303 615 largiter
1334 536 1504 599 riuos
1536 536 1715 599 latius
1749 537 1988 619 pandit:
2022 557 2224 600 unum
2245 552 2452 599 tamen
2485 553 2668 618 caput
2701 553 2790 597 est
2821 553 2879 597 et
2911 538 3089 617 origo
3122 556 3252 598 una

648 657 705 701 et
756 661 880 701 una
926 657 1118 703 mater
1164 642 1551 705 fecunditatis
1596 645 1981 706 successibus
2027 645 2310 726 copiosa:
2367 644 2530 706 illius
2564 644 2690 705 fetu
2724 644 3053 723 nascimur,
3090 644 3261 705 illius

647 746 795 808 lacte
831 748 1159 826 nutrimur,
1192 750 1409 831 spiritu
1444 751 1577 813 eius
1610 752 1979 814 animamur.

861 874 910 915 c.
948 856 1005 916 6.
1055 856 1402 918 Adulterari
1450 876 1580 920 non
1629 876 1825 940 potest
1870 878 2097 940 sponsa
2129 857 2379 935 Christi,
2416 858 2770 941 incorrupta
2803 873 2890 919 est
2922 873 2980 918 et
3013 858 3255 939 pudica.

648 978 834 1021 unam
869 961 1132 1023 domurn
1166 964 1362 1039 nouit,
1398 966 1587 1026 unius
1620 966 1885 1027 cubiculi
1917 952 2293 1027 sanctitatem
2328 982 2493 1028 casto
2526 968 2762 1048 pudore
2785 963 3066 1026 custodit.
3104 965 3261 1025 haec

646 1085 762 1127 nos
794 1067 930 1129 Deo
962 1085 1181 1150 seruat,
1218 1073 1366 1132 haec
1398 1072 1555 1134 filios
1590 1094 1780 1153 regno
1814 1094 1975 1154 quos
2004 1074 2323 1156 generauit
2351 1074 2645 1154 adsignat.
2681 1074 2944 1155 quisque
2966 1074 3041 1133 ab
3062 1072 3258 1133 eccle*-

646 1176 733 1236 sia
779 1193 1132 1257 segregatus
1177 1180 1486 1242 adulterae
1531 1182 1807 1262 iungitur
1837 1204 1871 1243 a
1905 1182 2218 1264 promissis
2265 1183 2553 1245 ecclesiae
2591 1198 2922 1264 separatur,
2956 1201 3068 1242 nec
3102 1199 3243 1261 per-

650 1283 853 1343 ueniet
884 1285 960 1344 ad
983 1285 1209 1347 Christi
1241 1289 1509 1369 praemia
1538 1290 1646 1369 qui
1668 1289 1913 1370 reliquit
1944 1289 2261 1351 ecclesiam
2283 1290 2530 1352 Christi.
2562 1290 2797 1351 alienus
2818 1304 2926 1367 est,
2950 1288 3260 1370 profanus

648 1405 755 1468 est,
805 1392 994 1453 hostis
1040 1409 1148 1455 est.
1215 1396 1436 1456 habere
1481 1417 1611 1459 non
1658 1413 1856 1479 potest
1888 1398 2095 1459 Deum
2141 1413 2372 1480 patrem
2420 1397 2529 1479 qui
2562 1397 2877 1459 ecclesiam
2912 1416 3041 1457 non
3077 1396 3264 1456 habet

649 1514 924 1565 matrem.
959 1501 1009 1562 si
1042 1502 1244 1583 potuit
1275 1507 1538 1566 euadere
1571 1506 1838 1586 quisque
1870 1523 2031 1567 extra
2063 1525 2268 1567 arcam
2298 1506 2436 1566 Noe
2470 1505 2601 1583 fuit,
2639 1520 2696 1565 et
2726 1503 2834 1584 qui
2866 1518 3032 1563 extra
3064 1501 3260 1563 eccle-

648 1605 800 1666 siam
848 1606 997 1668 foris
1042 1608 1221 1670 fuerit
1266 1611 1491 1672 euadit.
1541 1628 1755 1673 monet
1787 1613 2097 1674 Dominus
2129 1628 2187 1674 et
2218 1613 2395 1674 dicit:
2432 1613 2538 1693 qui
2576 1631 2706 1673 non
2740 1626 2830 1673 est
2862 1629 3109 1673 mecum
3142 1610 3255 1670 ad·-

651 1733 868 1775 uersus
899 1734 999 1775 me
1032 1732 1141 1793 est,
1175 1732 1234 1777 et
1266 1719 1373 1798 qui
1407 1738 1535 1779 non
1570 1739 1811 1781 mecum
1849 1720 2075 1801 colligit
2106 1720 2349 1803 spargit.
2385 1721 2496 1801 qui
2528 1739 2743 1801 pacem
2764 1719 2991 1782 Christi
3026 1734 3084 1778 et
3104 1737 3258 1778 con·

650 1822 921 1882 cordiam
957 1823 1187 1904 rumpit
1220 1826 1518 1887 aduersus
1537 1826 1858 1889 Christum
1893 1827 2061 1888 facit:
2096 1827 2205 1908 qui
2237 1826 2379 1888 alibi
2414 1842 2650 1907 praeter
2680 1826 2995 1887 ecclesiam
3027 1822 3262 1905 colligit

651 1927 879 1990 Christi
897 1929 1216 1992 ecclesiam
1235 1932 1474 2012 spargit.
1510 1933 1654 1993 dicit
1673 1932 2012 1994 Dominus:
2049 1952 2166 2013 ego
2186 1950 2244 1993 et
2264 1949 2432 2014 pater
2451 1952 2650 1994 unum
2674 1950 2911 1995 sumus.
2944 1946 3003 1992 et
3024 1931 3249 1992 iterum

651 2036 728 2096 de
760 2036 934 2097 Patre
966 2051 1025 2097 et
1060 2037 1104 2098 F
1109 2037 1212 2099 ilio
1245 2055 1303 2099 et
1334 2038 1560 2120 Spiritu
1593 2056 1806 2101 sancto
1836 2040 2133 2122 scriptum
2166 2056 2287 2101 est:
2323 2056 2382 2101 et
2414 2056 2532 2101 tres
2566 2060 2766 2102 unum
2798 2054 2958 2100 sunt.
2992 2056 3050 2099 et
3085 2038 3261 2120 quis·

652 2165 840 2226 quam
875 2146 1063 2207 credit
1096 2147 1252 2208 hanc
1286 2148 1580 2210 unitatem
1613 2150 1688 2210 de
1722 2150 1933 2210 diuina
1956 2148 2235 2210 firmitate
2257 2149 2630 2226 uenientem,
2653 2149 3042 2211 sacramentis
3065 2149 3262 2209 caele-

650 2238 846 2316 stibus
883 2256 1313 2316 cohaerentem
1346 2255 1540 2317 scindi
1571 2256 1634 2317 in
1667 2255 1915 2317 ecclesia
1951 2275 2130 2336 posse
2163 2272 2220 2316 et
2252 2257 2646 2318 uoluntatum
2679 2254 3131 2318 conlidentium
3163 2255 3259 2315 di-

651 2363 856 2424 uortio
901 2364 1203 2445 separari?
1264 2364 1443 2425 Hanc
1488 2365 1781 2425 unitatem
1830 2363 1939 2444 qui
1972 2383 2103 2426 non
2135 2381 2321 2442 tenet,
2356 2384 2485 2426 non
2519 2380 2686 2425 tenet
2722 2365 2831 2426 Dei
2864 2364 3085 2445 legem,
3122 2381 3258 2424 non

653 2487 816 2533 tenet
847 2471 1037 2532 Patris
1081 2486 1139 2531 et
1172 2470 1307 2531 Filii
1357 2472 1563 2551 fidem,
1613 2472 1801 2533 uitam
1852 2490 1980 2531 non
2030 2487 2197 2533 tenet
2241 2489 2297 2533 et
2344 2471 2621 2534 salutem.
2687 2471 2746 2551 [1.
2783 2493 2831 2533 c.
2870 2473 3010 2533 Pars
3043 2472 3083 2532 1.
3120 2491 3263 2552 pag.

655 2599 724 2641 21
747 2600 949 2641 2——21
970 2576 1043 2659 5.]
1104 2603 1108 2607 ⁴

923 2755 1001 2836 b)
1066 2759 1532 2820 Sententiae
1581 2760 2167 2841 Episcoporum
2216 2779 2549 2822 numero
2597 2758 2988 2836 Lxxwi)

1363 2867 1471 2942 (de
1519 2867 1954 2929 haereticis
2003 2867 2551 2949 baptizandis).

868 3026 1033 3087 Cum
1067 3025 1130 3087 in
1179 3045 1379 3087 unum
1410 3026 1804 3105 Cartaginem
1836 3025 2273 3088 conuenissent
2305 3026 2577 3088 kalendis
2610 3026 3071 3107 Septembribus
3102 3026 3265 3107 epis-

654 3132 795 3213 copi
842 3132 1091 3214 plurimi
1131 3152 1202 3193 ex
1249 3133 1568 3214 prouincia
1612 3132 1832 3205 Africa,
1868 3132 2182 3209 Numidia,
2215 3133 2578 3196 Mauritania
2625 3153 2768 3194 cum
2803 3132 3172 3215 presbyteris
3205 3147 3265 3192 et

577 3264 593 3273 ·
654 3239 1035 3316 diaconibus,
1069 3240 1485 3320 praesentibus
1517 3240 1697 3301 etiam
1737 3240 1928 3320 plebis
1962 3241 2227 3301 maxima
2262 3257 2446 3321 parte,
2481 3256 2540 3302 et
2573 3243 2758 3302 lectae
2793 3255 2995 3301 essent
3025 3240 3266 3300 litterae

651 3347 924 3408 Iubaiani
969 3350 1044 3408 ad
1079 3348 1461 3430 Cyprianum
1516 3347 1723 3425 factae,
1771 3347 1918 3408 item
1952 3347 2243 3429 Cypriani
2288 3348 2364 3408 ad
2411 3348 2771 3408 Iubaianum
2817 3345 3137 3426 rescriptae
3183 3345 3267 3405 de

654 3455 970 3516 haereticis
1017 3454 1393 3535 baptizandis
1439 3455 1719 3536 quidque
1766 3456 2171 3537 postmodum
2203 3456 2519 3537 Cypriano
2566 3453 2897 3515 Iubaianus
2942 3453 3109 3514 idem
3155 3471 3262 3512 re-

652 3562 974 3644 scripserit,
998 3562 1348 3644 Cyprianus
1369 3562 1548 3623 dixit:
1583 3563 1836 3623 audistis
1868 3562 2140 3644 collegae
2164 3561 2559 3638 dilectissimi,
2583 3560 2733 3641 quid
2756 3560 2905 3621 mihi
2928 3559 3266 3621 lubaianus

653 3672 1060 3753 coepiscopus
1106 3686 1313 3733 noster
1359 3670 1664 3752 scripserit
1710 3672 2044 3732 consulens
2094 3670 2578 3731 mediocritatem
2615 3683 2889 3729 nostram
2923 3667 2998 3727 de
3033 3666 3267 3727 inlicito

653 3794 711 3840 et
761 3778 1022 3860 profano
1071 3779 1521 3839 haereticorum
1566 3777 1870 3858 baptismo
1918 3776 2197 3857 quidque
2243 3796 2360 3853 ego
2412 3776 2464 3835 ei
2513 3773 2945 3855 rescripserim,
2999 3793 3269 3836 censens

652 3888 878 3949 scilicet
923 3889 1093 3968 quod
1143 3885 1334 3947 semel
1380 3887 1582 3966 adque
1630 3886 1855 3947 iterum
1888 3902 1944 3946 et
1975 3904 2155 3964 saepe
2190 3883 2546 3945 censuimus
2580 3883 2918 3945 haereticos
2951 3883 3028 3944 ad
3061 3881 3268 3943 eccle-

652 3994 804 4055 siam
859 3995 1177 4056 uenientes
1226 3994 1511 4055 ecclesiae
1565 3993 1869 4074 baptismo
1920 3990 2206 4071 baptizari
2246 4005 2306 4051 et
2338 3990 2697 4052 sanctificari
2729 4005 3029 4071 oportere.
3105 3990 3264 4050 item

652 4103 839 4163 lectae
871 4117 1016 4162 sunt
1049 4101 1227 4161 uobis
1261 4117 1319 4161 et
1348 4101 1499 4161 aliae
1531 4100 1802 4161 Iubaiani
1850 4100 2078 4160 litterae
2112 4099 2342 4178 quibus
2378 4117 2488 4180 pro
2509 4118 2620 4159 sua
2639 4098 2870 4159 sincera
2894 4112 2951 4158 et
2971 4096 3268 4175 religiosa

654 4210 991 4272 deuotione
1024 4209 1100 4270 ad
1136 4208 1460 4290 epistulam
1494 4225 1765 4269 nostram
1800 4206 2136 4269 rescribens
2169 4227 2296 4268 non
2318 4222 2560 4267 tantum
2583 4205 2912 4282 consensit,
2947 4205 3052 4264 sed
3076 4204 3267 4264 etiam

654 4317 1022 4377 instructum
1054 4335 1118 4375 se
1152 4335 1281 4375 esse
1316 4315 1634 4375 confessus
1665 4314 1887 4393 gratias
1919 4314 2057 4392 egit.
2114 4329 2389 4394 superest
2424 4328 2490 4373 ut
2522 4312 2596 4372 de
2631 4312 2742 4372 hac
2778 4312 2905 4392 ipsa
2939 4330 3003 4371 re
3035 4310 3267 4390 singuli

655 4426 807 4506 quid
852 4423 1190 4484 sentiamus
1236 4422 1623 4503 proferamus
1657 4422 1971 4483 neminem
2006 4421 2342 4483 iudicantes
2374 4438 2479 4481 aut
2511 4442 2544 4480 a
2577 4420 2707 4480 iure
2740 4417 3271 4480 comunicationis

654 4533 924 4613 aliquem
969 4532 1018 4592 si
1068 4530 1385 4593 diuersum
1434 4531 1688 4591 senserit
1720 4547 2100 4593 amonentes.
2167 4549 2371 4610 neque
2405 4529 2572 4590 enim
2606 4527 2937 4608 quisquam
2973 4541 3267 4586 nostrum

654 4639 1013 4720 episcopum
1060 4659 1123 4700 se
1169 4639 1605 4720 episcoporum
1651 4639 1966 4700 constituit
2012 4655 2114 4698 aut
2144 4637 2467 4720 tyrannico
2498 4652 2726 4696 terrore
2760 4633 2835 4694 ad
2869 4633 3266 4713 obsequendi

877 4839 909 4895 ¹)
937 4830 1261 4887 Concilium
1279 4831 1729 4904 Carthaginense
1750 4833 1858 4886 sub
1880 4829 2168 4902 Cypri-ano
2192 4828 2513 4901 Septimum
2541 4844 2696 4882 anno
2715 4844 2769 4898 p.
2787 4826 2921 4880 Chr.
2939 4826 3008 4878 N.
3031 4826 3263 4880 CCLVI

656 4923 932 4979 habitum.
