3684 5416
635 305 737 376 558
1676 305 1879 374 Legati
1914 303 2211 376 pontificii.

635 379 669 390 ,Α
696 383 813 388 ——
868 382 1069 387 μή-
1166 383 1223 386 --7
1254 382 1337 386 4—
1418 382 1541 387 ὴψ-
1576 383 1669 388 ζ.-

631 508 1004 569 cognoscere
1052 488 1265 564 valeat,
1308 488 1408 549 ‘vel
1455 489 1913 550 commissionis
1945 504 2189 550 nostrae
2223 508 2604 571 processum,
2636 510 2829 570 quem
2861 490 3045 551 iudici
3077 490 3244 551 dele-

630 612 773 672 gato
818 594 1308 669 transmittimus,
1358 594 1552 655 taliter
1600 594 1919 676 impedire.
1959 594 2168 656 1Hanc
2216 599 2420 676 itaque
2465 597 2906 656 dubitationem
2938 597 3013 657 de
3040 601 3248 674 animo

630 710 732 764 tuo
765 710 1082 784 amputare
1112 702 1375 764 volentes
1397 703 1899 784 Respondemus,
1933 704 2105 782 quod
2141 722 2339 783 quum
2374 705 2738 765 mandatum
2769 704 3032 785 speciale
3064 705 3252 766 ἀει-οε

630 826 730 892 gat
761 810 1047 888 generali,
1086 810 1325 889 legatus
1357 809 1867 871 commissionem
1904 810 2004 870 alii
2036 809 2133 870 vel
2160 810 2309 870 aliis
2331 809 2562 871 ‘factam
2595 810 3252 893 specialiterimpedire

549 939 574 982 5
631 936 758 977 non
793 918 968 978 debet
997 939 1107 977 nec
1138 932 1338 998 potest
1373 918 1559 993 unde,
1591 931 1650 977 et
1680 917 1730 977 si
1764 917 2115 977 secundum
2150 917 2413 978 formam
2446 927 2792 999 expressam
2829 918 3100 978 mandati
3131 936 3254 978 no·
3323 955 3330 960 ι

630 1024 734 1086 stri
766 1024 1067 1086 sententia
1100 1025 1219 1086 iam
1256 1023 1435 1086 fuerit
1467 1024 1874 1105 promulgata,
1908 1043 2036 1084 non
2070 1025 2299 1106 poterit
2328 1025 2460 1106 ipse
2480 1024 2738 1104 legatus,
2759 1024 2877 1085 nisi
2909 1043 3106 1105 super.
3126 1025 3250 1084 hoc

633 1131 990 1192 mandatum
1041 1131 1298 1212 speciale
1346 1131 1655 1210 receperit,
1704 1150 1839 1191 eam
1873 1132 2351 1211 quomodolibet
2383 1132 2630 1192 irritare.
2700 1130 2901 1212 Ipsam
2940 1146 3165 1204 tamen,
3197 1131 3250 1190 si

632 1237 1066 1298 rationabiliter
1095 1238 1213 1298 lata
1248 1238 1446 1315 fuerit,
1481 1238 1846 1306 confirmare
1879 1239 2102 1300 valebit
2134 1253 2192 1299 et
2223 1238 2600 1300 exsecutioni
2633 1237 2942 1301 mandare.

1272 1481 1401 1536 217.
1458 1480 1971 1538 INNOCENTIUS
2011 1483 2134 1537 111.
2175 1483 2606 1552 (1198—1215).

526 1674 580 1705 ιο
635 1645 699 1698 a')
752 1642 991 1695 Ir'tnoc'.
1032 1640 1140 1694 111.
1202 1639 1650 1695 Primicerio
1691 1653 1759 1694 et
1812 1640 2017 1696 clero
2071 1642 2657 1705 Mediolanensi,
2708 1641 2779 1696 in
2819 1659 2865 1697 c.
2913 1619 3026 1713 t77.
3066 1642 3133 1696 X.
3184 1644 3248 1696 de

1182 1725 1428 1774 censibus
1465 1724 1836 1774 exactionibus
1876 1728 1928 1775 et
1957 1727 2451 1792 procurationibus.
2507 1724 2592 1777 Ill.
2634 1742 2715 1797 39.
2912 1718 2917 1723 ’
3251 1720 3256 1725 ’

848 1841 876 1868 ‘
930 1840 1090 1909 Corp.
1131 1841 1235 1892 iur.
1274 1856 1393 1892 can.
1422 1840 1510 1896 ed.
1553 1839 1592 1892 F
1612 1837 1715 1892 rie
1734 1838 1769 1892 d
1788 1839 1821 1891 b
1842 1855 1872 1892 e
1891 1856 1986 1908 rg.
2026 1841 2199 1893 Tom.
2229 1841 2290 1894 ΙΙ.
2333 1841 2441 1894 col.
2474 1842 2595 1910 627.
2647 1841 2692 1894 Ρ
2711 1858 2746 1896 o
2770 1829 2826 1894 tt
2845 1842 3011 1894 hast
3048 1858 3103 1895 n.
3130 1842 3246 1913 603.

636 1920 769 1974 Hin
788 1918 1041 1976 schius
1060 1959 1072 1981 ‚
1112 1919 1527 1973 Kirchenreclit.
1569 1920 1742 1972 Tom.
1771 1919 1807 1971 Ι.
1850 1936 1903 1989 p.
1934 1920 2054 1990 516.
2638 1965 2643 1970 .
3205 1965 3212 1970 .

636 2064 855 2119 Omnes
897 2063 1184 2125 ecclesiae,
1227 2061 1329 2116 nisi
1373 2080 1519 2133 quae
1562 2064 1632 2116 ab
1676 2062 1788 2116 hoc
1830 2079 1898 2132 p
1885 2079 1931 2114 r
1973 2061 2327 2132 privilegium
2370 2063 2755 2134 apostolicum
2783 2063 2893 2118 sint
2920 2077 3238 2156 exemptae,
3327 2061 3332 2072 '

528 2181 574 2223 ¹5
636 2161 944 2213 procurare
986 2154 1254 2196 tenentur
1293 2142 1515 2212 leg·1tos
1556 2140 1705 2196 sedis
1748 2142 2101 2212 apostolicae
2142 2160 2242 2196 seu
2283 2142 2457 2196 etiarn
2485 2143 2605 2197 eius
2633 2143 2893 2213 nunciOS,
2921 2161 3027 2198 nec
3051 2145 3110 2199 in
3137 2146 3246 2199 hoc

637 2224 1080 2295 praescriptione
1106 2222 1199 2277 iuv
1204 2236 1386 2276 t.1ntur
1439 2222 1508 2277 Η.
1538 2224 1590 2276 d.
1620 2239 1845 2294 usque
1830 2222 2161 2290 1d§Sane.
2204 2252 2274 2262 —
2319 2223 2491 2290 (Sane
2519 2225 2646 2292 etc.)
2708 2225 2941 2278 Tract·1t
2968 2226 3041 2280 de
3067 2227 3243 2280 modo

1039 2303 1461 2374 procurationis
1489 2302 1747 2373 ipsorum
1777 2302 2100 2372 legitorum
2131 2316 2185 2355 et
2215 2303 2575 2361 nunciorum
2629 2305 2774 2357 Abb
2764 2321 2840 2357 ts.

852 2418 1068 2492 Quum
1104 2414 1387 2475 instantia
1422 2429 1628 2474 nostra
1662 2399 2018 2493 quotidiana
2052 2414 2092 2488 ἦ·
2125 2416 2211 2472 sit
2229 2415 2558 2474 secundum
2583 2415 2847 2475 debitum
2880 2398 3252 2506 apostolicae

637 2526 949 2584 scffl'rvttutts
995 2543 1261 2582 omnium
1311 2522 1705 2582 ecclesiarum
1755 2520 2110 2580 solli'cetudo
2143 2523 2393 2580 continu
2399 2545 2453 2593 a,
2486 2524 2718 2602 quoties
2751 2525 3025 2601 ipsarum
3060 2545 3242 2603 nego-

526 2660 580 2690 20
638 2634 746 2691 tits
776 2630 1215 2711 promovendis
1261 2649 1377 2688 non
1412 2637 1744 2710 possumus
1777 2627 2201 2707 personaliter
2234 2629 2575 2700 i',mtmnere
2595 2638 2717 2710 per
2727 2633 2978 2708 fratres
3013 2637 3249 2691 nostros

637 2761 703 2797 ea
750 2739 1031 2819 expedire
1076 2737 1521 2817 compellemur
1569 2756 1717 2815 quos
1750 2756 1786 2794 a
1812 2741 2021 2797 nostro
2054 2735 2245 2795 latere
2277 2736 2676 2809 destinamus,
2711 2736 2887 2797 illius
2919 2738 3245 2817 exemplum

637 2849 702 2904 in
736 2845 850 2904 hac
870 2850 1055 2924 parte
1088 2846 1302 2916 secuti,
1337 2845 1467 2923 qui,
1514 2841 1841 2922 discipulis
1874 2844 2005 2902 suis
2039 2844 2101 2901 in
2138 2843 2426 2902 mundum
2462 2863 2809 2903 umversum
2831 2846 3247 2927 transmissis,

636 2955 764 3031 ipse
815 2954 877 3011 in
930 2951 1126 3009 medio
1178 2957 1380 3008 terrae
1430 2948 1685 3008 salutem
1717 2929 1884 3027 fuit
1893 2950 2316 3029 personaliter
2360 2957 2661 3029 operatus.
2723 2950 2896 3010 Hinc
2927 2957 3038 3021 est,
3069 2950 3246 3030 quod,

636 3078 816 3137 quum
851 3066 1045 3137 nuper
1077 3055 1365 3115 dilectum
1394 3055 1600 3127 silium
1634 3054 1709 3115 B.
1745 3058 1837 3117 tit.
1870 3057 1929 3115 S.
1968 3056 2150 3116 Petri
2176 3057 2262 3116 ad
2303 3056 2557 3116 Vincula
2590 3057 2971 3119 cardinalem
3005 3039 3246 3138 aposto-

528 3192 577 3234 25
638 3165 795 3224 licae
839 3165 1005 3223 sedis
1049 3163 1314 3242 legatum
1349 3171 1472 3243 pro
1519 3166 1784 3241 negotiis
1834 3163 2127 3223 ecclesiae
2177 3165 2240 3222 iu
2273 3162 2703 3223 Lonibardiam
2737 3145 3022 3223 demimus
3056 3164 3243 3222 desti-

639 3273 930 3344 nandum,
977 3276 1037 3330 et
1079 3272 1181 3341 iis,
1228 3277 1488 3330 vestram
1535 3272 1838 3330 civitatem
1890 3273 2234 3349 ingressus,
2267 3252 2744 3350 procurationes
2773 3269 2806 3350 l
2814 3294 2850 3331 a
2883 3268 3089 3349 vobis]
3120 3272 3246 3330 exi-

627 3385 823 3457 geret,
870 3399 1023 3457 quae
1068 3383 1507 3436 consueverunt
1547 3376 1918 3457 apostolicae
1964 3377 2128 3436 sedis
2174 3376 2397 3454 legatis
2430 3383 2489 3435 et
2516 3379 2762 3437 nunciis
2795 3365 3091 3449 exhiberi,
3124 3396 3248 3447 ⁴005,

638 3507 753 3545 non
788 3486 1185 3557 attendentes,
1218 3485 1383 3563 quod
1410 3470 1644 3543 dicitur
1675 3483 1750 3540 ab
1784 3482 2120 3562 Apostolo:
2176 3484 2286 3542 «Si
2329 3482 2497 3542 vobis
2530 3484 2888 3563 spiritualia
2921 3470 3245 3544 senn'naviss-

638 3612 792 3665 mus,
826 3613 944 3651 non
978 3599 1073 3651 est
1101 3612 1412 3670 magnum,
1446 3593 1507 3651 si
1535 3590 1819 3649 carnalia
1853 3597 2054 3650 vestra
2090 3598 2452 3663 metamus»,
2487 3612 2560 3649 ne
2594 3611 2694 3650 vos
2728 3591 2812 3649 ad
2840 3612 2992 3651 onus
3011 3601 3243 3671 procu-

530 3726 583 3757 πο
638 3701 901 3758 rationis
933 3705 1223 3771 arctaret,
1259 3701 1388 3759 nisi
1415 3721 1451 3757 a
1486 3700 1804 3757 canonicis
1838 3700 2094 3759 maioris
2129 3697 2422 3757 ecclesiae
2453 3719 2516 3757 se
2541 3700 2781 3770 faceret
2809 3682 2990 3765 antea
3012 3706 3241 3778 procu-

639 3806 796 3877 rari,
830 3805 1027 3864 sedem
1063 3806 1458 3885 apostolicam
1494 3804 1876 3885 appellastis
1910 3811 1968 3862 et
1996 3807 2158 3863 sicut
2189 3805 2345 3864 idem
2380 3803 2725 3863 cardi'nalts
2745 3814 2883 3885 per
2898 3823 3043 3863 suas
3077 3802 3248 3863 nobes

638 3911 852 3972 literas
885 3914 1216 3985 f'ntznzavtt,
1251 3915 1315 3971 in
1351 3897 1497 3972 aliis
1530 3914 1708 3968 etiam
1745 3930 1863 3969 non
1899 3911 2248 3968 modicum
2223 3912 2521 3973 miuriosz
2546 3913 2777 3978 fuistis.
2811 3911 3084 3991 Propter
3089 3909 3250 3989 quod

638 4019 852 4076 dilectz
859 4019 1011 4093 filii
1038 4021 1241 4079 nostri
1255 4003 1648 4099 praepositus
1682 4018 1737 4076 S.
1782 4016 2053 4095 Nazarii
2081 4024 2140 4075 et
2171 4016 2242 4075 A.
2277 4020 2608 4077 canonicus
2642 4019 2702 4077 S.
2747 4016 3064 4117 Stephani
3098 4036 3236 4089 syn-

639 4124 768 4181 tici
809 4131 868 4182 et
897 4131 1340 4203 procuratores
1385 4125 1597 4195 vestri,
1630 4143 1763 4181 cum
1799 4122 2190 4200 ‹ltlectofilio
2224 4121 2441 4181 abbate
2473 4124 2536 4182 S.
2587 4112 2892 4183 Vincentii
2920 4122 3006 4181 ad
3033 4110 3258 4181 Sedem'

540 4258 577 4291 z<
639 4230 1035 4308 apostolicam
1082 4234 1410 4303 veni,entes
1458 4236 1528 4289 ut
1570 4239 1753 4310 super
1796 4228 1897 4289 his
1941 4236 2343 4289 statueremus
2377 4230 2651 4298 ordinem
2686 4236 2746 4289 et
2774 4249 3143 4300 mensuram,
3175 4248 3245 4287 ex

629 4341 809 4414 parte
853 4342 1053 4394 vestra
1099 4338 1460 4417 suppliciter
1494 4335 1914 4417 postulabant.
1988 4336 2160 4396 Licet
2207 4343 2402 4395 autem
2436 4345 2560 4415 pro
2605 4357 2695 4408 eb,
2747 4336 2912 4416 quod
2923 4335 3248 4415 praedicto

638 4442 956 4501 cardinali
997 4444 1094 4501 vel
1122 4446 1335 4523 potius
1383 4443 1560 4503 nobis
1609 4446 1672 4502 in
1722 4446 1854 4522 ipso
1901 4445 2341 4502 contumaciter
2387 4444 2760 4515 resistentes,
2795 4445 2964 4502 iuxta
2999 4442 3240 4502 verbum

638 4550 1045 4609 dominicum:
1099 4550 1274 4628 «Qui
1319 4570 1417 4611 oos
1466 4553 1689 4629 recipit
1726 4570 1819 4608 me
1867 4552 2110 4629 recipit,
2160 4556 2220 4607 et
2261 4551 2372 4628 qui
2414 4569 2517 4608 vos
2550 4552 2792 4630 spernit
2820 4570 2913 4608 me
2944 4542 3248 4629 spernit»,

637 4658 984 4716 necessaria
1017 4658 1391 4737 denegastis,
1424 4677 1543 4716 non
1566 4665 1686 4736 pro
1720 4656 1912 4729 vobis,
1946 4657 2056 4716 sed
2081 4662 2296 4715 contra
2329 4676 2433 4715 vos
2459 4660 2666 4736 potius
2698 4657 3039 4731 meruerint
3067 4676 3245 4717 exau-

534 4792 582 4829 w
637 4764 805 4829 diri:
853 4769 1001 4843 quia
1046 4772 1246 4831 tamen
1285 4763 2060 4844 paternamaffectionem,
2093 4783 2212 4843 qua
2246 4762 2419 4822 nobis
2437 4765 2896 4842 proprium-*est
2925 4763 2999 4833 de
3030 4760 3250 4831 Roma-

638 4892 753 4936 nae
783 4872 949 4959 sedis
980 4873 1302 4941 clementia
1336 4872 1624 4940 misereri
1650 4879 1886 4950 semper
1918 4876 1978 4928 et
1991 4878 2281 4949 parcere,
2328 4869 2557 4951 offensi
2585 4872 2767 4943 etiam
2802 4868 3266 4948 deponere-non,
3321 4911 3334 4937 ,-
