3684 5416
1459 1458 2052 1539 APPENDIX
2122 1459 2211 1538 II.

1370 1666 1768 1720 SYNOPSIS
1806 1665 2298 1720 TITULORUM

868 1757 1295 1811 SECUNDAE
1332 1756 1637 1811 PARTIS
1676 1755 2089 1810 CORPORIS
2128 1755 2358 1809 IURIS
2398 1753 2809 1807 CANONICI.

585 4874 667 4929 23.
734 4859 817 4913 De
858 4857 1054 4913 officio
1096 4857 1500 4913 Archidiaconi
1565 4896 1578 4908 .

584 4963 667 5015 ²4·
732 4947 817 5000 De
856 4945 1053 5002 officio
1098 4945 1590 5018 Archipresbyteri

2533 2078 2581 2122 In
2711 2034 2758 2077 In
2788 2033 2878 2076 Ex·
2943 2033 2991 2076 In
3021 2033 3112 2076 Ex-

894 2136 1343 2191 Decretales
1385 2134 1740 2208 Gregorii
1779 2136 1872 2190 IX.
1951 2204 1960 2211 ·
2250 2115 2390 2231 5:20
2452 2150 2663 2195 clemen·
2711 2114 2878 2221 33:25
2943 2113 3108 2220 ¹21³?

2392 2218 2404 2229 ·
2503 2220 2622 2265 finis·
2726 2248 2856 2291 xxn.
2943 2248 3111 2291 munib.

1237 2427 1418 2481 Liber
1456 2429 1504 2481 1.
2244 2436 2342 2480 Lib.
2373 2436 2403 2479 1.
2477 2435 2575 2479 Lib.
2605 2435 2635 2477 1.
2744 2434 2835 2478 Tit.
2945 2435 3041 2479 Lib.
3071 2436 3102 2479 1.

582 2529 694 2584 Tit.
743 2549 781 2584 ι.
858 2532 944 2586 De
982 2549 1209 2586 summa
1248 2530 1528 2586 Trinitate
1569 2543 1626 2586 et
1663 2530 1776 2586 fide
1815 2529 2098 2585 catholica
2138 2568 2153 2583 .
2245 2534 2335 2580 Tit.
2369 2548 2404 2579 ι.
2478 2540 2571 2585 Tit.
2602 2554 2636 2585 1.
2757 2556 2822 2563 --
2990 2555 3056 2562 -

618 2638 664 2673 2.
730 2621 816 2675 De
857 2620 1357 2676 constitutionibus
1423 2661 1437 2676 .
2328 2626 2357 2662 2
2524 2644 2592 2651 —
2763 2645 2821 2652 -
2904 2588 2910 2726 ἰ
2990 2644 3056 2651 *-

617 2728 666 2781 3.
730 2711 816 2766 De
856 2711 1139 2783 rescriptis
2330 2716 2357 2770 3
2562 2720 2590 2756 2
2758 2736 2823 2741 ——
3035 2722 3048 2757 1

613 2817 665 2869 4
730 2801 815 2855 De
856 2800 1274 2857 consuetudine
2323 2807 2363 2858 4
2525 2825 2592 2830 -
2758 2825 2823 2830 —
2905 2787 2910 2806 ’
2991 2825 3058 2830 -

617 2907 665 2959 5.
730 2891 816 2945 De
854 2891 1243 2961 postulatione
1283 2891 1679 2946 praelatorum
1709 2929 1724 2945 .
2329 2896 2357 2948 5
2529 2915 2589 2923 -
2763 2913 2822 2920 -
3029 2899 3056 2933 2

617 2978 667 3032 6·
731 2981 817 3035 De
857 2979 1129 3035 electione
1170 2993 1226 3035 et
1264 2979 1426 3035 electi
1464 2992 1751 3052 potestate
1855 3014 1869 3028 ·
2326 2968 2359 3021 ὅ
2565 2991 2591 3045 3
2804 2989 2816 3024 ¹
3029 2989 3056 3043 3

616 3085 667 3140 7.
729 3071 818 3124 De
859 3069 1229 3125 translatione
1268 3068 1583 3141 Episcopi.
1662 3079 1665 3082 '
1711 3109 1727 3126 .
2292 3089 2360 3096 -
2527 3093 2594 3101 -
2760 3093 2824 3099 -
2992 3090 3058 3097 -

616 3158 668 3213 8.
724 3161 810 3215 De
849 3160 1191 3215 auctoritate
1231 3172 1287 3214 et
1326 3177 1431 3214 usu
1469 3158 1621 3231 pallii
1711 3200 1725 3214 .
2293 3179 2360 3186 -·
2527 3184 2592 3191 -
2760 3182 2824 3189 -
3024 3167 3059 3217 4

616 3269 666 3321 9.
732 3251 817 3304 De
859 3249 1287 3305 renunciatione
2327 3253 2361 3307 7
2559 3261 2599 3312 4
2760 3271 2824 3278 -
2906 3231 2910 3332 ἶ
2992 3270 3058 3277 -

592 3357 668 3393 ιο.
732 3339 817 3392 De
856 3339 1172 3409 supplenda
1214 3338 1556 3410 negligentia
1596 3338 1990 3393 Praelatorum
2328 3324 2362 3377 8
2566 3350 2593 3402 5
2765 3360 2822 3366 —
2991 3360 3056 3366 -

592 3445 669 3479 ιι.
734 3427 818 3480 De
873 3427 1223 3496 temporibus
1275 3427 1707 3481 ordinationum
1763 3438 1818 3481 et
1875 3424 2145 3497 qualitate

737 3514 1188 3569 ordinandorum
1287 3554 1299 3566 .
2330 3521 2364 3574 9
2527 3539 2596 3546 ——
2760 3537 2825 3544 —
2993 3536 3059 3542 -

590 3622 667 3659 12.
732 3604 818 3658 De
856 3604 1130 3659 scrutinio
1171 3603 1226 3658 in
1268 3604 1468 3659 ordine
1509 3603 1773 3659 faciendo
1858 3644 1870 3658 .
2295 3624 2362 3631 -
2529 3629 2594 3635 *-
2761 3626 2826 3632 -

592 3711 670 3765 ¹3·
732 3694 818 3747 De
873 3693 1148 3748 ordinatis
1202 3695 1272 3748 ab
1328 3693 1641 3765 Episcop0‚
1697 3693 1793 3766 qui
1844 3692 2149 3764 resignavit

740 3781 1110 3853 Episcopatui
1141 3823 1155 3837 .
1285 3822 1299 3836 .
1427 3823 1441 3837 .
1570 3818 1584 3832 .
1712 3822 1728 3839 .
1857 3824 1871 3836 .
2001 3823 2014 3836 .
2145 3823 2156 3836 .
2297 3804 2362 3810 -
2530 3808 2593 3816 -
2762 3804 2827 3810 -
2993 3803 3056 3809 -·

592 3890 668 3941 14.
734 3872 819 3926 De
858 3884 1044 3927 aetate
1084 3885 1139 3926 et
1179 3872 1448 3944 qualitate
1488 3885 1543 3926 et
1584 3871 1786 3927 ordine
1811 3870 2148 3943 praeficien-

740 3961 951 4015 dorum
1004 4002 1017 4016 .
2145 4001 2158 4015 .
2211 3967 2214 3986 ¹
2305 3967 2364 4004 ¹0
2563 3944 2597 3998 5
2762 3982 2827 3989 ·-
2994 3982 3058 3987 -

592 4068 668 4121 ι5.
732 4051 818 4105 De
858 4068 1017 4116 sacra
1057 4051 1329 4106 unctione
1431 4092 1445 4106 .
2145 4088 2157 4099 .
2211 3995 2216 4114 Ι
2295 4072 2362 4079 -
2531 4064 2591 4071 -
2762 4069 2828 4076 ’-
2995 4069 3060 4075 -

592 4139 669 4194 ι6.
732 4141 820 4194 De
858 4139 1224 4194 sacramentis
1265 4158 1382 4195 non
1408 4139 1679 4194 iterandis
1710 4177 1723 4190 .
2211 4145 2216 4198 ι
2297 4160 2363 4167 -
2444 4133 2449 4247 Ι
2529 4153 2596 4161 ··-
2767 4158 2829 4165 -
3002 4158 3061 4164 -

590 4246 667 4301 ι7.
730 4230 815 4284 De
854 4227 978 4284 filiis
1016 4232 1488 4302 presbyterorum
1527 4230 1861 4286 ordinandis
1888 4231 1977 4285 vel
2006 4248 2146 4285 non.
2211 4259 2216 4340 ἱ
2306 4236 2354 4273 ¹¹
2532 4242 2595 4252 ·“·
2763 4249 2828 4255 -
2997 4248 3060 4254 -·“

591 4318 668 4374 ι8.
733 4319 818 4373 De
858 4318 1031 4373 servis
1072 4337 1192 4374 non
1233 4319 1563 4374 ordinandis
1604 4333 1660 4375 et
1698 4337 1904 4375 eorum
1947 4335 2149 4374 manu—
2213 4347 2216 4362 ·
2445 4255 2450 4442 ἱ

742 4407 1013 4463 missione
2211 4371 2217 4446 ¹
2297 4430 2363 4436 —
2532 4423 2594 4430 -
2766 4426 2829 4433 -·
2995 4424 3060 4432 ‘-

592 4516 667 4570 ι9.
732 4499 817 4553 De
845 4496 1109 4568 obligatis
1131 4501 1202 4554 ad
1225 4498 1516 4555 ratiocinia
1543 4499 1870 4556 ordinandis
1898 4499 1986 4553 vel
2013 4517 2148 4555 non.
2297 4518 2363 4525 -
2529 4513 2596 4520 -
2765 4515 2829 4522 -
2997 4515 3061 4520 -

583 4607 667 4644 zo.
730 4591 819 4644 De
858 4606 1105 4661 corpore
1143 4588 1344 4644 vitiatis
1384 4589 1718 4644 ordinandis
1757 4589 1847 4644 vel
1886 4607 2007 4644 non
2145 4630 2158 4643 .
2295 4609 2362 4614 ’-
2529 4603 2597 4609 ·-
2764 4604 2829 4611 -
2909 4589 2913 4660 ξ
2994 4602 3061 4609 -

584 4695 668 4733 21.
730 4680 816 4734 De
856 4680 1096 4751 bigamis
1135 4697 1252 4736 non
1293 4679 1623 4734 ordinandis
1712 4717 1724 4729 .
2143 4719 2158 4734 .
2304 4684 2362 4719 ¹²
2531 4692 2596 4698 ”“
2761 4694 2826 4700 ··
2909 4695 2913 4766 2
2995 4692 3062 4699 *-

585 4785 667 4821 22.
730 4769 816 4823 De
856 4768 1070 4825 clericis
1110 4768 1420 4840 peregrinis
2143 4809 2157 4823 .
2295 4782 2362 4789 -
2531 4782 2594 4788 ““
2677 4823 2678 4834 ,
2762 4783 2824 4788 “
2908 4771 2913 4888 ό
2997 4781 3058 4786 “

2299 4871 2362 4880 --
2529 4872 2594 4879 -
2676 4851 2679 4874 l
2760 4871 2825 4878 .-
2995 4870 3060 4876 —-

2144 4897 2157 4912 ‘
2210 4913 2216 4994 ν
2676 4881 2679 4916 ”
2908 4895 2913 4998 1
