3684 5416
1159 358 1363 415 vicarii
1401 372 1458 414 et
1498 359 1865 416 coadiutores
1906 360 2332 434 episcoporum.
2938 366 3034 421 611

434 546 675 626 rigendi
721 560 826 606 aut
872 543 1173 626 puniendi
1220 543 1579 624 aliquorum
1612 563 1915 624 excessus,
1951 565 2060 606 seu
2091 547 2332 628 aliquos
2363 569 2395 608 a
2426 549 2556 610 suis
2589 548 2917 627 beneficiiS,
2949 551 3042 612 of—

437 654 590 715 ficiis
635 652 730 713 vel
776 650 1409 713 administrationibus
1441 652 1789 731 amovendi,
1821 653 2129 715 transferri
2165 654 2463 718 nolumus
2494 657 2560 717 in
2600 656 2893 736 eundern,
2927 656 3044 718 nisi

429 760 548 822 ⁴sibi
582 759 921 841 specialiter
953 757 1105 818 haec
1136 758 1611 820 committantur.
2295 774 2298 777 ’

670 931 736 1002 b)
788 929 1243 985 Bonifacius
1283 930 1485 995 V111.‚
1523 930 1594 985 in
1634 948 1683 987 c.
1723 950 1772 1005 3.
1810 930 1880 987 in
1920 931 2034 986 V10.
2072 935 2141 988 de
2177 936 2364 1006 officio
2399 936 2605 989 vicarii.
2645 934 2682 989 1.
2731 953 2810 1008 ¹3·

348 1073 377 1117 5
647 1056 675 1085 ·
720 1058 933 1127 Corpus
972 1059 1080 1110 ίαν.
1118 1074 1241 1114 can.
1281 1056 1371 1114 ed.
1409 1055 1849 1127 Friedberg.
1887 1058 2061 1113 Tom.
2102 1059 2165 1113 ΙΙ.
2205 1059 2314 1114 col.
2355 1058 2477 1132 978.

489 1180 572 1233 Ex
599 1178 849 1250 generali
879 1176 1290 1234 commissione
1318 1177 1577 1234 officialis
1604 1180 1883 1236 beneficia
1910 1182 2176 1238 conferre
2202 1200 2323 1238 non
2349 1195 2561 1255 potest.
2612 1185 2807 1240 loann.
2834 1186 3012 1240 Andr.

659 1293 875 1368 Quum
929 1293 993 1353 in
1041 1292 1305 1371 generali
1362 1291 1763 1355 concessione
1811 1314 2214 1375 nequaquam
2261 1295 2361 1358 illa
2410 1297 2675 1377 veniant,
2724 1318 2882 1379 quae
2918 1321 3049 1362 non

438 1416 594 1462 esset
643 1400 787 1481 quis
838 1398 1245 1461 verisimiliter
1276 1399 1337 1460 in
1368 1400 1571 1480 specie
1604 1418 2037 1478 concessurus,
2072 1422 2184 1463 nec
2217 1400 2575 1482 regulariter
2607 1405 2837 1466 donare
2858 1407 3052 1469 valeat

438 1509 507 1585 is,
545 1509 645 1569 cui
680 1510 993 1569 bonorum
1030 1506 1475 1567 administratio
1509 1506 1688 1567 etiam
1721 1506 1915 1568 libera
1947 1524 2036 1569 est
2066 1528 2395 1572 concessa:
2446 1508 2725 1572 officialis
2755 1527 2859 1574 aut
2890 1512 3050 1575 vica-

327 1645 383 1677 ω
440 1615 566 1676 rius
615 1615 915 1693 generalis
967 1613 1243 1695 episcopi
1290 1613 1586 1674 beneficia
1632 1613 1912 1675 conferre
1960 1634 2089 1676 non
2135 1617 2574 1697 possunt,·nisi
2608 1618 3051 1681 beneficiorum

446 1721 691 1810 collatio
723 1721 869 1803 ipsis
900 1720 1240 1801 specialiter
1270 1719 1347 1780 sit
1376 1719 1721 1782 commissa.

898 1945 1025 2002 256.
1091 1944 1506 2003 CONCIIAUM
1544 1946 2122 2002 TRIDENTINUM.
2159 1946 2592 2018 (1543—1565).

654 2090 682 2119 ⁸
754 2092 1001 2144 Canones
1073 2095 1129 2143 et
1184 2092 1420 2144 Decreta
1479 2090 1715 2144 Cone-ilii
1783 2091 2089 2144 Tridentini.
2181 2090 2269 2145 ed.
2334 2090 2373 2143 S
2392 2090 2476 2145 ch
2494 2109 2528 2145 u
2547 2090 2647 2146 lte
2678 2125 2704 2132 -
2736 2090 3054 2146 Richter.

331 2267 384 2311 ⁸5
441 2188 491 2241 p·
537 2187 620 2243 39·
660 2186 782 2240 447·
1295 2239 1488 2295 Sess,
1530 2240 1636 2294 VI.
1676 2242 1760 2293 De
1796 2242 2202 2305 reformatione.

528 2364 799 2437 Episcopi
824 2365 879 2420 in
907 2364 1087 2420 aliena
1116 2364 1364 2420 dioecesi
1390 2381 1497 2420 nec
1524 2362 1882 2436 pontificalia
1910 2378 2230 2429 exerceant,
2256 2381 2365 2420 nec
2393 2363 2625 2419 ordines
2651 2364 2962 2421 conferant.

657 2479 729 2541 C.
757 2478 833 2538 V.
885 2476 1055 2537 Nulli
1102 2476 1397 2557 episcopo
1442 2476 1620 2537 liceat
1666 2477 1937 2538 cuiusvis
1985 2477 2284 2559 privilegii
2332 2492 2643 2559 praetextu
2690 2476 3056 2559 pontificalia

442 2585 505 2645 in
553 2584 799 2646 alterius
846 2582 1111 2644 dioecesi
1161 2601 1455 2657 exercere,
1506 2582 1624 2643 nisi
1676 2584 1752 2643 de
1801 2582 2095 2643 ordinarii
2145 2582 2264 2643 loci
2295 2602 2576 2663 expressa
2609 2583 2871 2661 licentia,
2903 2599 2962 2645 et
2992 2585 3055 2646 in

446 2712 738 2774 personas
771 2690 972 2752 eidem
1024 2689 1337 2752 ordinario
1386 2689 1687 2751 subiectas
1742 2705 2004 2753 tanturn.
2067 2690 2130 2752 Si
2182 2712 2359 2754 secus
2410 2689 2637 2752 factum
2689 2690 2888 2769 fuerit,
2922 2691 3055 2773 epi-

331 2821 392 2854 πο
444 2819 671 2880 scopus
715 2802 789 2859 ab
842 2798 1124 2859 exercitio
1177 2796 1639 2878 pontificalium,
1690 2812 1750 2857 et
1798 2797 1883 2858 sic
1929 2797 2188 2859 ordinati
2237 2801 2312 2860 ab
2347 2799 2733 2861 exsecutione
2766 2800 3057 2861 ordinum

444 2906 565 2968 sint
596 2907 731 2988 ipso
766 2905 896 2967 iure
929 2904 1228 2986 suspensi.
1282 2902 1339 2984 [l.
1373 2923 1421 2965 c.
1456 2924 1591 2985 pag.
1630 2902 1747 2984 39.]

1243 3043 1441 3099 Sess.
1485 3043 1691 3097 XXV.
1728 3045 1813 3096 De
1853 3044 2263 3114 reformatione.

447 3172 728 3225 Accessus
758 3181 815 3223 et
846 3185 1136 3239 regressus
1165 3169 1235 3222 ad
1265 3165 1539 3223 beneficia
1569 3167 1863 3223 tolluntur.
1917 3168 2240 3223 Coadiutor
2267 3187 2386 3240 quo
2413 3170 2616 3239 modo,
2652 3167 2743 3223 cui
2769 3181 2826 3223 et
2853 3185 2922 3223 ex
2948 3185 3061 3241 qua

994 3253 997 3254 ’
1442 3265 1615 3302 causa
1655 3249 2082 3303 concedendus,

666 3355 736 3416 C.
759 3352 885 3413 VII.
940 3351 1161 3426 Quum
1192 3349 1255 3412 in
1289 3351 1602 3412 beneficiis
1634 3351 2047 3413 ecclesiasticis
2080 3372 2169 3429 ea,
2206 3371 2366 3432 quae
2400 3351 2791 3413 hereditariae
2824 3370 3065 3413 succes-

451 3461 639 3523 sionis
685 3459 1014 3537 imaginem
1064 3457 1353 3532 referunt,
1386 3457 1568 3517 sacris
1600 3456 2145 3519 constitutionibus
2177 3457 2293 3517 sint
2325 3456 2537 3519 odiosa
2572 3474 2629 3518 et
2663 3457 2912 3518 Patrurn
2945 3452 3065 3536 sde-

455 3568 626 3629 cretis
646 3565 963 3642 contraria,
987 3564 1221 3625 nemini
1243 3564 1308 3625 in
1332 3580 1647 3645 posterum
1670 3583 1948 3625 accessus
1969 3581 2070 3624 aut
2093 3582 2424 3643 regressus,
2444 3563 2623 3623 etiam
2644 3564 2720 3623 de
2737 3583 3065 3642 consensu,

460 3676 535 3736 ad
570 3673 936 3736 beneficium
975 3672 1447 3733 ecclesiasticum
1483 3672 1912 3752 cuiuscunque
1947 3670 2253 3751 qualitatis
2286 3669 2681 3748 concedatur,
2719 3688 2832 3729 nec
2863 3669 3067 3729 hacte-

461 3802 580 3842 nus
626 3780 900 3843 concessi
940 3782 1419 3862 suspendantur,
1467 3780 1869 3841 extendantur
1901 3794 2005 3839 aut
2034 3777 2494 3838 transferantur.
2562 3775 2825 3854 Hocque
2858 3775 3070 3834 decre-

344 3928 403 3973 ‘30
462 3905 596 3950 tum
628 3889 692 3949 in
728 3889 1205 3969 quibuscunque
1239 3886 1549 3948 beneficiis
1582 3885 2020 3963 ecclesiasticiS,
2056 3903 2125 3944 ac
2155 3883 2220 3944 in
2257 3881 2736 3963 quibuscunque
2771 3879 3075 3962 personiS,

459 3995 642 4055 etiam
673 3995 1080 4056 cardinalatus
1115 3996 1355 4055 honore
1390 3993 1787 4073 fulgentibuS,
1830 3992 2044 4053 locum
2080 3992 2314 4053 habeat.
2376 3990 2441 4050 ln
2477 3988 2880 4050 coadiutoriis
2912 4006 3075 4067 quo-

459 4122 583 4182 que
616 4122 759 4163 cum
795 4102 997 4163 futura
1030 4101 1415 4162 successione
1449 4099 1614 4161 idern
1649 4099 1905 4181 posthac
1938 4100 2315 4171 observetur,
2350 4111 2419 4156 ut
2451 4095 2688 4157 nemini
2720 4094 2782 4156 in
2816 4094 3075 4175 quibus-
3129 4169 3136 4177 ²

462 4230 712 4290 cunque
745 4208 1059 4269 beneficiis
1092 4206 1504 4269 ecclesiasticis
1551 4206 1996 4288 permittantur.
2064 4204 2255 4279 Quod
2290 4203 2339 4264 si
2373 4204 2628 4284 quando
2661 4200 2948 4264 ecclesiae
2980 4220 3079 4261 ca-

461 4316 752 4378 thedralis
784 4333 887 4376 aut
924 4314 1275 4375 monasterii
1309 4333 1537 4392 urgens
1571 4311 1897 4374 necessitas
1930 4328 2035 4373 aut
2068 4311 2318 4371 evidens
2354 4310 2577 4371 utilitas
2608 4309 2875 4390 postulet
2906 4325 3080 4389 prae-

352 4462 405 4507 35
465 4425 590 4486 lato
641 4423 768 4484 dari
823 4422 1268 4498 coadiutorem,
1319 4420 1370 4483 is
1419 4440 1546 4481 non
1593 4420 1737 4481 alias
1785 4439 1931 4480 cum
1978 4419 2184 4478 futura
2230 4416 2626 4477 successione
2660 4416 2857 4492 detur,
2891 4430 3082 4494 quam

468 4533 617 4592 haec
665 4551 844 4591 causa
894 4530 1063 4610 prius
1109 4529 1435 4609 diligenter
1467 4550 1499 4588 a
1532 4527 1920 4588 sanctissimo
1954 4529 2246 4589 Romano
2284 4523 2579 4586 pontifice
2613 4523 2688 4583 sit
2718 4521 2979 4602 cognita,
3024 4534 3085 4580 et

473 4637 793 4717 qualitates
826 4656 1044 4698 omnes
1074 4636 1136 4697 in
1174 4636 1280 4696 illo
1313 4653 1677 4695 concurrere
1711 4649 1947 4694 certum
1981 4632 2071 4706 sit,
2103 4651 2262 4712 quae
2295 4653 2329 4692 a
2361 4630 2493 4692 iure
2528 4647 2587 4691 et
2619 4629 2875 4692 decretis
2898 4626 3085 4689 huius

468 4762 705 4806 sanctae
759 4744 988 4825 synodi
1038 4744 1101 4805 in
1152 4742 1455 4825 episcopis
1507 4759 1563 4802 et
1615 4740 1893 4822 praelatis
1943 4740 2360 4820 requiruntur.
2433 4737 2602 4799 Alias
2652 4736 3088 4800 concessiones

468 4871 656 4932 super
691 4850 785 4911 his
819 4850 1007 4912 factae
1039 4849 1418 4931 surreptitiae
1451 4867 1581 4908 esse
1615 4863 1993 4907 censeantur.
2062 4843 2120 4925 [1.
2158 4864 2207 4908 e.
2242 4866 2379 4927 pag.
2416 4844 2588 4925 447.]

336 3398 396 3443 ⁴15

2665 5026 2766 5099 39*
