3684 5416
643 376 714 444 ‹54

649 556 772 616 τοῦ
819 557 938 634 τῆς
981 556 1355 634 καθολικῆς
1400 554 1767 636 ἐκκλησίας
1800 558 1924 618 ἐπι-

650 659 917 724 σκόπου
956 662 996 741 ἢ
1028 662 1503 747 πρεσβυτέρου
1534 660 1738 740 ὄντος
1768 682 1925 738 προ-

643 769 1003 848 σέρχονταί
1020 790 1214 846 τινες,
1236 769 1603 847 πρόδηλον,
1625 770 1719 847 ὡς
1743 770 1785 832 ὁ
1806 768 1925 851 μὲν

644 877 1017 955 ἐπίσκοπος
1067 879 1187 955 τῆς
1238 876 1603 955 ἐκκλησίας
1660 876 1793 951 ἕξει
1844 876 1923 940 τὸ

564 1017 583 1059 5
644 982 904 1066 ἀξίωμα
946 987 1068 1047 τοῦ
1117 983 1508 1057 ἐπισκόπου,
1561 983 1601 1045 ὸ
1648 983 1729 1046 δὲ
1773 986 1919 1047 ὀνο-

536 4767 589 4804 ,ιο

645 1091 1026 1175 μαζόμενος
1085 1092 1275 1168 παρὰ
1337 1095 1478 1168 τοῖς
1528 1092 1922 1173 λεγομένοις

642 1198 1008 1276 Καθαροίς
1042 1197 1410 1275 ἐπίσκοπος
1442 1196 1561 1276 τὴν
1580 1201 1701 1261 τοῦ
1721 1216 1924 1276 πρεσ,

644 1307 931 1389 βυτέρου
963 1303 1151 1386 τιμὴν
1184 1305 1349 1379 ἕξει·
1383 1305 1553 1384 πλὴν
1586 1308 1642 1368 εἰ
1671 1306 1754 1388 μὴ
1778 1309 1920 1385 ἄρα

642 1410 882 1492 δοκοίη
914 1412 1005 1493 τῷ
1040 1412 1403 1494 έπισκόπῳ,
1434 1414 1554 1491 τῆς
1585 1415 1771 1495 τιμῆς
1799 1416 1921 1476 τοῦ

570 1557 586 1581 ³
643 1519 985 1601 ὀνόματος
1049 1518 1259 1581 αὐτὸν
1322 1521 1645 1600 μετέχειν·
1722 1522 1779 1583 εἰ
1841 1519 1923 1582 δὲ

643 1629 846 1689 τοῦτο
892 1627 1075 1707 αὐτῷ
1109 1626 1192 1708 μὴ
1228 1627 1537 1708 ἀρέσκοι,
1582 1626 1921 1705 ἐπινοήσει

644 1732 853 1796 τόπον
899 1734 937 1811 ἢ
986 1733 1501 1812 χωρεπισκόπου
1550 1734 1589 1810 ἢ
1634 1737 1922 1816 πρεσβυ-

645 1842 869 1919 τέρου,
903 1838 1075 1918 ὑπὲρ
1107 1842 1232 1902 τοῦ
1267 1843 1340 1901 ἐν
1372 1842 1461 1920 τῷ
1493 1840 1722 1922 κλήρῳ
1745 1840 1924 1917 ὅλως

645 1948 874 2011 δοκεῖν
906 1947 1094 2021 εἶναι,
1126 1948 1241 2009 ἵνα
1273 1947 1356 2029 μὴ
1392 1950 1466 2009 ἐν
1486 1950 1561 2027 τῇ
1582 1946 1774 2009 πόλει
1794 1946 1923 2009 δύο

565 2092 582 2119 a
646 2055 998 2117 ἐπίσκοποι
1032 2052 1214 2116 ὦσιν.

735 2166 830 2225 lX.
864 2162 949 2223 Εἴ
980 2183 1156 2240 τινες
1179 2162 1650 2239 ἀνεξετάστως
1677 2161 1922 2239 προσή-

644 2269 911 2347 χθησαν
959 2267 1434 2353 πρεσβύτεροι,
1482 2268 1522 2345 ἢ
1570 2268 1922 2346 ἀνακρινό-

644 2396 829 2457 μενοι
875 2375 1331 2458 ὡμολόγησαν
1373 2376 1459 2437 τὰ
1490 2376 1925 2457 ἡμαρτημένα

644 2483 898 2559 αὐτοῖς,
931 2481 1045 2544 καὶ
1078 2483 1650 2565 ὁμολογησάντων
1679 2483 1921 2556 αὐτῶν,

644 2589 836 2666 παρὰ
865 2588 1132 2651 κανόνα
1162 2588 1541 2669 κινούμενοι
1575 2590 1925 2666 ἄνθρωποι

644 2700 789 2774 τοίς
835 2694 1167 2773 τοιούτοις
1213 2700 1406 2775 χεῖρα
1440 2694 1917 2759 ἐπιτεθείκασι·

645 2803 930 2881 τούτους
977 2804 1017 2864 ὁ
1063 2803 1289 2865 κανὼν
1327 2805 1411 2865 οὐ
1443 2803 1809 2881 προσίεται.
1844 2803 1921 2865 τὸ

644 2911 782 2989 γὰρ
802 2910 1247 2988 ἀνεπίληπτον
1269 2910 1516 2972 ἐκδικεί
1534 2912 1572 2987 ἡ
1589 2909 1920 2989 καθολικὴ

646 3018 989 3096 ἐκκλησία.

731 3128 807 3188 X.
861 3122 1071 3187 ‘'Ooot
1133 3124 1747 3204 προεχειρίσθησαν
1791 3126 1925 3187 τῶν

642 3231 1274 3309 παραπεπτωκότων
1318 3234 1496 3294 κατὰ
1533 3235 1837 3309 ἄγνοιαν,
1885 3233 1923 3309 ἢ

641 3339 754 3399 καὶ
830 3338 1250 3416 προειδότων·
1311 3340 1443 3400 τῶν
1503 3354 1923 3417 προχειρισα-

644 3446 876 3526 μένων,
916 3448 1120 3508 τοῦτο
1170 3447 1255 3509 οὐ
1299 3446 1643 3532 προκρίνει
1689 3446 1778 3526 τῷ
1811 3467 1923 3507 κα-

641 3554 785 3614 νόνι
815 3555 905 3633 τῷ
928 3554 1476 3634 ἐκκλησιαστικῲ·
1498 3554 1924 3631 γνωσθέντες

641 3662 780 3739 γὰρ
809 3660 1320 3738 καθαιροῦνται.

734 3771 829 3832 XI.
868 3767 1041 3845 slepi
1073 3769 1203 3830 τῶν
1235 3769 1693 3852 παραβάντων
1722 3766 1925 3846 χωρὶς

642 3876 948 3953 ἀνάγκης
971 3876 1009 3954 ἢ
1040 3877 1241 3954 χωρὶς
1261 3875 1700 3955 ἀφαιρέσεως
1720 3874 1923 3952 ὑπαρ-

643 3982 899 4059 χόντων
951 3983 991 4060 ἢ
1042 3982 1245 4061 χωρὶς
1289 3980 1609 4044 κινδύνου
1655 3981 1693 4060 ἤ
1742 4001 1926 4058 τινος

643 4088 977 4162 τοιούτου,
1012 4088 1052 4150 ὃ
1085 4091 1371 4168 γέγονεν
1404 4089 1505 4150 ἐπὶ
1540 4091 1659 4166 τῆς
1690 4108 1923 4166 τυραν-

538 4231 582 4272 1³5
643 4197 833 4275 νίδος
866 4198 1200 4260 Λικινίου·
1256 4197 1457 4270 ἔδοξε
1501 4200 1577 4276 τῇ
1627 4196 1923 4278 συνόδῳ,

643 4307 772 4367 κᾶν
838 4306 1099 4378 ἀνάξιοι
1163 4303 1342 4380 ἦσαν
1391 4303 1922 4383 φιλανθρωπίας,

645 4414 826 4493 ὅμως
878 4410 1433 4491 χρηστεύσασθαι
1486 4411 1582 4486 εἰς
1634 4409 1920 4488 αὐτούς·

644 4521 798 4581 ὅσοι
815 4519 938 4581 οὖν
948 4518 1243 4597 γνησίως
1259 4518 1757 4599 μεταμέλονται,
1772 4517 1926 4594 τρία

645 4628 758 4705 ἔτη
808 4630 881 4689 ἐν
929 4625 1395 4705 ἀκροωμένοις
1426 4624 1825 4702 ποιήσουσιν
1860 4625 1923 4687 οἱ

645 4734 881 4809 πιστοὶ,
916 4732 1028 4795 καὶ
1063 4732 1230 4794 ἑπτὰ
1252 4730 1365 4810 ἔτη
1387 4732 1918 4794 ὑποπεσοῦνται·

645 4841 774 4905 δύο
808 4839 889 4903 δὲ
922 4840 1034 4916 ἔτη
1083 4839 1285 4916 χωρὶς
1331 4841 1744 4919 προσφορᾶς
1788 4859 1920 4900 κοι-

644 4949 1028 5026 νωνήσουσι
1048 4948 1138 5027 τῷ
1160 4946 1304 5026 λαῷ
1337 4946 1469 5008 τῶν
1499 4946 1917 5024 προσευχῶν.

1605 375 1857 431 Ecclesia
1885 374 2294 446 antiquissima.

1982 558 2256 636 veniunt,
2304 574 2539 619 certum
2586 574 2675 619 est
2721 557 2892 638 quod
2930 556 3261 639 episcopus

1981 664 2266 727 ecclesiae
2298 665 2546 725 habebit
2576 664 2848 746 episcopi
2880 665 3259 744 dignitatem.

1981 771 2036 831 Is
2093 788 2300 833 autem
2352 773 2459 851 qui
2513 771 2872 833 nominatur
2922 773 3089 852 apud
3151 791 3261 833 eos

1979 878 2323 959 episcopus,
2356 880 2662 939 honorem
2696 878 3032 960 presbyteri
3064 879 3258 959 possi-

1977 984 2172 1063 debit,
2220 985 2337 1046 nisi
2397 983 2551 1046 forte
2614 985 2908 1066 placuerit
2968 985 3259 1067 episcopo

1978 1094 2250 1153 nominis
2281 1110 2428 1153 eum
2462 1092 2701 1152 honore
2734 1093 2989 1153 censeri.
3025 1092 3089 1154 Si
3113 1111 3259 1154 vero

1977 1201 2099 1260 hoc
2130 1199 2185 1261 ei
2207 1199 2462 1260 minime
2485 1199 2796 1280 placuerit,
2834 1198 3174 1280 providebit
3201 1199 3261 1260 ei

1977 1322 2081 1366 aut
2129 1307 2690 1387 chorepiscopatus,
2748 1322 2853 1366 aut
2902 1306 3258 1388 presbyterii

1977 1413 2209 1490 locum,
2273 1430 2340 1474 ut
2389 1412 2452 1474 in
2502 1412 2664 1472 clero
2711 1431 2963 1494 prorsus
3006 1432 3140 1474 esse
3171 1413 3259 1474 vi·

1979 1520 2224 1580 deatur:
2279 1539 2356 1581 ne
2403 1520 2465 1580 in
2505 1539 2629 1579 una
2670 1519 2905 1580 civitate
2952 1521 3081 1581 duo
3132 1520 3259 1601 epi-

1978 1626 2151 1708 scopi
2185 1628 2523 1708 probentur
2554 1625 2824 1688 existere.

2067 2160 2166 2220 IX.
2215 2158 2278 2220 Si
2312 2158 2420 2238 qui
2454 2160 2787 2241 presbyteri
2819 2159 2948 2220 sine
2981 2160 3259 2221 examine

1980 2282 2122 2326 sunt
2152 2268 2441 2347 provecti,
2475 2266 2591 2344 vel,
2626 2286 2768 2328 cum
2791 2268 3258 2345 discuterentur,

1983 2391 2226 2455 peccata
2259 2395 2368 2436 sua
2399 2374 2850 2449 confessisunt,
2872 2391 2930 2435 et
2949 2374 3258 2453 homines,

1980 2499 2190 2546 contra
2214 2504 2487 2546 canones
2507 2486 2827 2561 commoti,
2862 2502 3087 2542 manus
3106 2501 3257 2544 con-

1980 2591 2151 2652 fessis
2186 2592 2502 2673 imponere
2533 2608 2940 2667 tentaverunt,
2982 2591 3129 2653 tales
3163 2609 3258 2651 re-

1977 2698 2124 2778 gula
2158 2717 2287 2760 non
2320 2699 2600 2777 admittit,
2636 2701 2778 2781 quia
2810 2701 2980 2780 quod
3004 2698 3258 2780 irrepre-

1979 2807 2277 2867 hensibile
2329 2824 2419 2868 est
2468 2807 2764 2869 catholica
2818 2805 3114 2892 defendit?
3146 2805 3256 2866 Ec-

1979 2913 2176 2975 clesia.
2229 2912 2296 2992 [c.
2331 2935 2390 2992 4.
2426 2914 2576 2975 Dist.
2609 2914 2889 2984 Lxxxh
2931 2934 2981 2975 c.
3015 2934 3073 2979 7.
3107 2912 3256 2972 Dist.

1978 3018 2216 3099 xxm]

2068 3129 2143 3188 X.
2169 3127 2574 3207 Quicumque
2590 3127 2666 3188 de
2683 3127 2866 3208 lapsis
2881 3127 2956 3188 ad
2973 3125 3255 3187 ordinem

1979 3235 2123 3296 cleri
2170 3235 2439 3315 promoti
2486 3249 2632 3294 sunt
2678 3253 2785 3315 per
2826 3233 3255 3313 ignorantiam,

1980 3342 2075 3403 vel
2109 3361 2216 3422 per
2235 3340 2655 3403 ordinantium
2682 3334 3256 3417 dissimulationem,

1982 3451 2101 3510 hoc
2134 3448 2571 3509 ecclesiasticae
2604 3467 2735 3508 non
2769 3449 3144 3528 praeiudicat
3162 3467 3256 3508 re·

1979 3558 2183 3635 gulae,
2219 3554 2449 3636 cogniti
2481 3574 2752 3635 namque
2786 3556 3192 3635 deponantur.

1982 3662 2051 3743 [c.
2093 3685 2144 3742 5.
2179 3663 2331 3723 Dist.
2367 3662 2651 3736 Lxxxl;
2688 3680 2739 3722 c,
2778 3663 2862 3723 60
2895 3662 3045 3723 Dist.
3079 3659 3168 3740 L]

2066 3770 2165 3831 XI.
2202 3770 2294 3830 De
2328 3769 2421 3829 his
2454 3768 2561 3848 qui
2583 3783 2819 3849 praeter
2838 3772 3257 3830 necessitatem

1983 3876 2372 3958 praevaricati
2409 3892 2573 3954 sunt,
2608 3891 2713 3936 aut
2745 3892 2980 3955 praeter
2998 3874 3256 3936 oblatio-

1982 4003 2127 4045 nem
2179 3983 2559 4061 facultatum,
2608 4000 2721 4043 aut·
2748 3998 2984 4063 praeter
3016 3982 3256 4063 pericu-

1980 4094 2132 4170 lum,
2197 4092 2290 4152 vel
2354 4089 2588 4170 aliquid
2641 4088 3022 4165 huiusmodi,
3085 4087 3257 4168 quod

1981 4198 2212 4259 factum
2295 4214 2383 4258 est
2444 4198 2560 4257 sub
2622 4196 2946 4278 tyrannide
3008 4195 3254 4256 Licinii:

1981 4305 2208 4387 placuit
2254 4305 2517 4386 synodo,
2564 4303 2847 4384 quamvis
2881 4303 3258 4363 humanitate

1982 4416 2324 4494 probentur
2356 4411 2616 4491 indigni,
2651 4427 2858 4471 tamen
2878 4410 2964 4470 eis
2986 4413 3256 4470 benevo-

1978 4521 2228 4582 lentiam
2250 4518 2653 4580 commodari.
2687 4517 3089 4597 Quicumque
3110 4534 3257 4594 ergo

1979 4628 2267 4688 veraciter
2299 4623 2764 4707 poenitudinem
2798 4640 3041 4705 gerunt,
3061 4623 3258 4684 tribus

1978 4733 2156 4794 annis
2204 4732 2414 4793 fideles
2447 4733 2603 4793 inter
2634 4731 2953 4793 audientes
2989 4731 3258 4789 habean-

1976 4856 2106 4901 tur:
2155 4855 2213 4900 et
2244 4859 2349 4900 sex
2380 4839 2556 4899 annis
2587 4838 2763 4901 omni
2796 4857 2859 4899 se
2892 4836 3257 4899 contritione

1977 4947 2279 5022 deiiciant,
2334 4948 2583 5007 duobus
2643 4961 2849 5006 autem
2903 4944 3079 5005 annis
3125 4942 3255 5003 sine
