3684 5416
376 1740 423 1772 to

377 2238 419 2281 ¹5

369 2774 423 2805 20

369 3883 421 3927 30

367 4418 417 4463 35

1627 353 1947 409 Ordinatio,
2990 359 3056 432 36
3070 379 3081 411 ι

1013 584 1138 639 184.
1192 584 1609 641 concumbi
1651 587 2240 643 AURELIANENSE
2279 589 2362 656 (a.
2400 587 2554 658 538).

1375 746 1422 782 c.
1461 746 1514 801 7.
1550 755 1617 776 =
1659 747 1705 783 e.
1755 747 1794 783 1.
1838 731 1903 784 D.
1945 731 2194 785 LXXIV.

688 853 716 881 ⁶
757 853 901 925 Corp
957 856 1061 907 ίαν.
1101 872 1221 908 can.
1262 854 1350 908 ed.
1395 854 1831 924 friedberg.
1887 856 2059 909 Tom.
2103 856 2143 909 l.
2183 857 2289 911 col.
2341 858 2458 912 262.
2526 859 2663 911 Bru
2684 875 2794 927 ns,
2847 859 3093 913 Canones

476 937 857 1005 Apostolorum
883 938 940 987 et
962 934 1340 989 Cone-iliorum.
1383 934 1555 988 Tom.
1585 935 1644 991 11.
1687 952 1739 1006 p.
1777 953 1890 1006 ¹94·

577 1061 818 1113 Annuae
860 1058 1222 1129 suspensioni
1262 1058 1554 1114 subiaceat
1596 1061 1922 1131 episcopm,
1964 1061 2063 1133 qui
2104 1060 2345 1117 inuitum
2389 1063 2651 1118 ordinare
2692 1064 2982 1136 presumit.

1579 1143 1763 1204 (Decr.
1808 1143 1997 1202 Grat.)

687 1234 1049 1315 EpiscopuS,
1100 1235 1208 1314 qui
1257 1234 1523 1295 inuitum
1559 1252 1664 1295 aut
1698 1236 2134 1297 reclamantem
2176 1238 2461 1299 ordinare
2497 1241 2952 1320 presumpserit,
2986 1261 3088 1301 an-

478 1339 640 1400 nuali
674 1339 1049 1421 penitenciae
1085 1339 1367 1401 subditus
1402 1342 1617 1402 missas
1654 1342 1848 1403 facere
1885 1362 2013 1404 non
2048 1362 2381 1423 presumat.

1237 1566 1360 1622 135.
1415 1568 1849 1624 auricomus
1893 1570 1942 1623 1.
1984 1569 2344 1639 (sao-604).

595 1718 661 1767 a)
720 1709 1141 1780 Gregorius
1186 1711 1437 1765 Natali
1482 1712 1866 1783 Episcopo
1907 1711 2404 1775 Salonitan0‚
2445 1713 2514 1768 in
2555 1714 2703 1768 Lib.
2743 1715 2781 1769 1.
2824 1715 2986 1784 Reg.

1266 1790 1496 1861 Epist.
1543 1810 1619 1862 19.
1659 1815 1727 1838 =
1768 1809 1814 1846 c.
1858 1810 1906 1846 2.
1948 1792 2016 1846 D.
2057 1793 2306 1847 LXXIV.

688 1915 715 1944 ¹⁸
769 1914 932 1985 Corp.
970 1918 1073 1969 ίαν.
1115 1933 1235 1968 can.
1277 1916 1364 1968 ed.
1406 1915 1840 1985 Friedberg.
1883 1917 2056 1970 Tom.
2098 1918 2137 1970 Ι.
2177 1917 2284 1971 col.
2314 1918 2433 1972 262.
2497 1916 3089 1973 Jaffe-Watten-

477 1994 692 2057 bach,
733 2012 786 2048 n.
823 1994 955 2066 1087
985 2000 1161 2065 (721).

1105 2085 1303 2139 Nullus
1333 2098 1750 2155 promoueatur
1776 2084 2003 2143 inuitus,
2045 2088 2237 2151 (Decr.
2270 2089 2458 2153 Grat.)

691 2198 900 2274 Gesta,
937 2219 1096 2279 quae
1132 2199 1312 2260 nobis
1345 2199 1583 2260 consilii
1621 2200 1804 2259 uestri
1837 2201 2160 2261 secretario
2195 2199 2470 2261 confecta
2506 2200 2819 2275 direxistiS,
2866 2200 2927 2260 in
2965 2220 3094 2281 quo

476 2305 942 2368 archidiaconus
976 2306 1342 2367 Honoratus
1375 2306 1648 2383 adicitur,
1675 2306 1852 2386 plena
1877 2327 2008 2367 esse
2028 2307 2263 2368 semine
2286 2307 2629 2386 iurgiorum
2654 2308 3089 2386 cognouimuS,

476 2433 616 2475 cum
670 2433 798 2474 uno
851 2413 1202 2492 eodemque
1253 2427 1531 2493 tempore
1578 2433 1700 2473 una
1748 2433 2010 2494 persona
2060 2414 2278 2474 nolens
2325 2416 2398 2474 ad
2449 2413 2767 2475 sacerdotii
2803 2414 3086 2474 ordinem

479 2520 859 2601 prouehitur,
913 2539 1033 2600 que
1086 2535 1407 2599 tamquam
1462 2520 1737 2581 inmerita
1790 2542 1821 2580 a
1875 2520 2234 2581 diaconatus
2284 2520 2482 2582 offitio
2537 2537 2942 2582 remoueatur.
3024 2522 3094 2581 Et

476 2629 632 2689 sicut
664 2627 895 2688 iustum
931 2644 1037 2703 est,
1063 2645 1128 2687 ut
1164 2646 1349 2687 nemo
1385 2647 1652 2688 crescere
1689 2628 2076 2710 conpellatur
2112 2628 2363 2703 inuituS,
2388 2628 2464 2688 ita
2499 2631 2881 2689 censendum
2915 2644 3091 2710 pute,

478 2755 554 2796 ne
588 2717 919 2816 quisquam
955 2736 1168 2797 insons
1202 2737 1277 2796 ab
1312 2736 1545 2796 ordinis
1577 2736 1669 2796 sui
1707 2737 2052 2797 ministerio
2087 2736 2379 2796 deiciatur
2410 2736 2650 2797 iniuste.

667 2929 731 2989 b)
788 2925 1209 2996 Gregorius
1247 2926 1648 2981 Antonino
1691 2925 2209 2984 subdiacono,
2252 2926 2399 2980 L1b.
2439 2925 2499 2983 11.
2544 2925 2770 2996 Epist.
2823 2927 2896 2981 ¹6.

1460 3031 1528 3053 =
1571 3024 1616 3061 c.
1658 3006 1705 3060 8.
1747 3008 1814 3062 D.
1856 3007 2107 3060 Lxxlv,

687 3132 715 3160 ⁴⁸
757 3132 916 3204 Corp.
955 3135 1060 3186 iar.
1101 3150 1220 3185 can.
1261 3132 1351 3186 ed.
1391 3130 1830 3200 Friedberg.
1872 3132 2045 3187 Tom.
2074 3131 2109 3184 1.
2144 3131 2252 3184 col.
2295 3131 2412 3198 264.
2492 3129 3091 3185 Jaffd-Watten-

479 3213 691 3276 bach,
733 3230 950 3285 n.1175
992 3211 1170 3279 (812).

705 3322 839 3376 Non
866 3333 950 3374 est
979 3317 1180 3390 aliquis
1209 3317 1418 3373 inuitus
1446 3320 1517 3372 ad
1547 3317 1946 3388 episcopatum
1977 3318 2406 3387 pertrahendus,
2451 3322 2633 3383 (Decr.
2669 3322 2858 3384 (irat.)

688 3433 1065 3502 HonoratuS,
1114 3433 1583 3493 archidiaconus
1629 3431 2019 3492 Salonitanae
2068 3432 2353 3492 ecclesiae
2400 3454 2431 3492 a
2481 3448 2723 3493 sanctae
2757 3433 3090 3493 memoriae

477 3541 792 3601 decessore
844 3559 986 3600 meo
1035 3540 1216 3600 missa
1266 3538 1718 3619 supplicatione
1765 3552 2146 3619 poposcerat,
2195 3554 2259 3598 ut
2306 3540 2380 3598 ab
2413 3536 2673 3597 antistite
2708 3557 2824 3597 suo
2858 3539 3090 3599 inuitus

478 3647 739 3728 prouehi
788 3647 864 3706 ad
913 3645 1176 3707 fortioris
1219 3647 1448 3725 gradus
1480 3645 1762 3706 ordinem
1800 3661 2009 3704 contra
2047 3663 2287 3704 morem
2323 3643 2496 3704 nullo
2531 3644 2719 3703 modo
2753 3660 3091 3721 cogeretur.

476 3755 614 3815 Hoc
661 3754 826 3814 enirn
878 3753 1004 3813 fieri
1051 3753 1167 3813 sibi
1213 3772 1342 3814 non
1384 3772 1564 3813 causa
1600 3751 2008 3832 prouehendi,
2044 3751 2150 3811 sed
2185 3770 2363 3811 causa
2400 3749 2856 3829 ingratitudinis
2891 3751 3095 3832 perhi-

476 3864 669 3924 bebat.
734 3861 853 3921 Pro
892 3879 1013 3940 qua
1050 3879 1110 3920 re
1145 3875 1294 3920 tunc
1329 3860 1511 3920 etiam
1544 3874 1785 3920 sanctae
1819 3858 2156 3919 memoriae
2191 3859 2583 3938 predecessor
2617 3875 2823 3918 noster
2854 3859 3092 3939 scriptis

476 3968 600 4028 suis
633 3966 831 4028 Natali
877 3967 1038 4027 fratri
1089 3967 1583 4048 coepiscopoque
1620 3982 1831 4026 nostro
1868 3964 2275 4042 interdixerat,
2311 3983 2386 4023 ne
2422 3963 2765 4044 predictum
2798 3963 3088 4024 Honora-

474 4092 605 4135 tum
654 4074 1158 4135 archidiaconum
1215 4072 1480 4133 inuitum
1530 4073 1918 4153 proueheret,
1968 4092 2127 4132 neue
2162 4071 2441 4132 dolorem
2478 4086 2814 4150 conceptae
2849 4071 3097 4148 ingrati-

475 4182 705 4242 tudinis
755 4181 819 4242 in
871 4181 1053 4242 corde
1106 4179 1408 4241 retineret.
1474 4180 1766 4260 Cumque
1818 4180 1997 4240 etiam
2053 4201 2083 4240 a
2137 4198 2235 4239 me
2289 4181 2401 4240 hec
2449 4179 2662 4238 eadem
2700 4197 3097 4259 summopere

477 4288 699 4349 fuerint
745 4288 1082 4365 interdicta,
1137 4306 1266 4347 non
1299 4287 1504 4348 solum
1541 4288 1824 4348 mandata
1861 4288 1970 4347 Dei
2007 4286 2343 4366 negligenS,
2376 4287 2482 4347 sed
2516 4286 2693 4347 etiam
2729 4285 2949 4366 scripta
2983 4304 3097 4346 no·

472 4412 589 4457 stra
641 4410 1114 4477 contempnenS,
1169 4396 1472 4476 prefatum
1525 4395 2019 4456 archidiaconem
2069 4395 2245 4475 quasi
2295 4396 2370 4455 ad
2422 4395 2739 4456 fortiorem
2787 4395 3097 4456 honorem

474 4505 828 4584 prouehens
861 4521 1117 4565 conatus
1150 4520 1239 4564 est
1272 4503 1486 4564 callide
1520 4504 1873 4584 degradare.
1926 4503 2110 4565 Unde
2145 4518 2348 4563 actum
2382 4519 2488 4578 est,
2521 4517 2607 4582 ut,
2644 4503 2867 4564 eodem
2900 4500 3097 4561 archi-

473 4611 833 4672 diaconatus
879 4611 1018 4671 loco
1051 4612 1365 4688 submot0,
1414 4609 1605 4669 aliurn
1640 4610 2016 4686 adscisceret,
2051 4608 2160 4688 qui
2194 4609 2326 4670 eius
2359 4611 2783 4688 obtemperare
2816 4607 3094 4668 moribus

474 4718 787 4799 potuisset.
822 4717 1034 4793 Quem
1056 4717 1449 4778 Honoratum
1484 4717 1980 4777 archidiaconem
2012 4716 2375 4775 arbitramur
2408 4715 2656 4776 antistiti
2688 4733 2807 4775 suo
2840 4714 3091 4774 aliunde

479 4825 795 4906 displicere
830 4843 958 4885 non
993 4845 1196 4906 posse,
1250 4824 1363 4884 nisi
1397 4825 1568 4905 quod
1603 4843 1749 4885 eum
1785 4844 1928 4885 uasa
1960 4844 2124 4884 sacra
2158 4824 2283 4884 suis
2318 4824 2669 4904 parentibus
2702 4824 2844 4883 dare
2878 4821 3091 4902 prohi-

477 4934 674 4992 bebat.
739 4931 946 5007 Quam
997 4952 1244 4992 causam
1292 4931 1495 4993 subtili
1546 4932 1848 4993 uolumus
1895 4946 1953 4990 et
1986 4946 2135 4991 tunc
2169 4947 2408 4991 sanctae
2444 4931 2782 4991 memoriae
2816 4930 3100 4990 decessor
