3684 5416
346 1625 395 1655 to

344 2252 390 2296 ¹5

337 2798 393 2829 20

338 3868 394 3907 ‘3³

340 4398 390 4442 35

1523 335 1691 391 Curia
1734 352 1994 391 romana.
2963 358 3070 411 499

447 535 505 578 et
551 520 839 597 gaudent,
890 540 999 580 seu
1050 520 1137 580 uti
1185 534 1243 580 et
1276 520 1547 601 gaudere
1582 536 1874 600 poterunt
1906 522 1970 583 in
2006 521 2302 598 futurum,
2338 523 2423 584 uti
2460 524 2676 604 paritet·
2707 542 2767 586 et
2797 527 3064 606 gaudere

451 626 740 706 potuisse,
776 641 957 706 atque
993 646 1191 707 posse,
1230 642 1288 686 et
1321 628 1562 702 debere,
1599 643 1795 704 motu,
1831 630 2189 691 auctoritate
2221 645 2280 691 et
2311 631 2556 692 scientia
2578 633 2925 712 praemissis
2949 634 3060 693 de-

448 732 775 806 cernimus,
821 748 893 794 et·
924 733 1103 794 etiam
1138 733 1542 808 declaramus,
1579 735 1999 816 volumusque
2032 753 2090 796 et
2121 738 2523 800 concedimus
2557 758 2662 818 per
2695 757 3060 819 praesentes,

452 839 618 900 Nulli
653 854 802 920 ergo
835 855 945 901 etc.

666 947 895 1008 Datum
931 946 1168 1007 Romae
1201 948 1367 1028 apud
1389 947 1447 1008 S.
1473 949 1740 1028 Petrum,
1777 954 1967 1011 Anno
2003 950 2235 1010 lncarn.
2258 950 2620 1013 Dominicae
2653 953 2871 1015 Milles.
2909 974 3063 1034 qua-

450 1055 646 1134 dring.
680 1053 1204 1134 quinquagesimo
1236 1054 1481 1134 quintO,
1517 1055 1553 1115 8
1590 1054 1732 1115 ldus
1767 1054 1934 1134 Maji,
1972 1056 2143 1129 pont,
2177 1058 2367 1118 nostri
2402 1063 2590 1119 Anno
2638 1080 2684 1119 t.
2753 1058 2809 1138 [l.
2844 1080 2896 1124 c.
2931 1081 3065 1141 pag.

456 1159 844 1241 362-3634

1210 1317 1338 1374 2023.
1396 1318 1676 1373 slx'rt's
1721 1318 1823 1374 lV·
1866 1318 2299 1388 (lul-1484).

619 1479 715 1532 De
756 1477 1233 1533 auctoritate
1275 1477 1588 1550 majoris
1632 1479 2235 1535 Poenitentiarii
2274 1479 2332 1536 S.
2375 1481 2435 1534 R.
2479 1480 2892 1535 Ecclesiae.

660 1604 687 1631 ‘
746 1605 1017 1673 Magnum
1058 1605 1373 1658 Bullarium
1412 1606 1736 1658 Romanum.
1791 1605 1963 1658 Tom.
2009 1605 2045 1658 1.
2101 1622 2154 1675 p.
2192 1604 2494 1675 427—428.
2561 1605 2898 1675 Bangen,
2963 1607 3066 1658 Die

450 1685 716 1738 rae‘irnt'selee
754 1685 944 1738 Kurie.
984 1702 1037 1755 p.
1065 1684 1187 1754 418.
1263 1684 1707 1772 HinschiuS,
1749 1685 2159 1739 Kirchenreclet.
2199 1686 2373 1740 Tom.
2400 1686 2436 1742 1.
2477 1703 2530 1756 p.
2558 1703 2659 1755 427
2703 1702 2821 1757 seq.

522 1852 729 1912 Sixtus
761 1851 1122 1932 Epz'scopm,
1156 1853 1383 1913 Servus
1415 1853 1736 1913 Servorum
1771 1851 1916 1912 Dei.
1977 1852 2082 1911 Ad
2096 1858 2456 1932 perpetuam
2492 1854 2590 1912 rei
2618 1855 2988 1912 memoriam.

660 2009 1304 2085 Quoniamnonnulli
1338 2012 1675 2092 iniquitatis
1709 2010 1828 2078 filii.
1870 2011 2150 2072 elationis
2182 2026 2240 2071 et
2273 1991 2639 2091 pertinaciae
2673 2031 2817 2072 suae
2840 2012 3053 2093 spiritu

448 2132 789 2198 assumptO,
837 2133 1202 2198 potestatem
1239 2116 1490 2194 Maioris
1524 2117 1978 2179 poenitentiarii
2028 2118 2216 2178 nostri
2251 2137 2358 2199 per
2390 2117 2751 2197 longissima
2784 2134 3062 2198 tempora

450 2225 556 2284 toti
594 2223 745 2285 Orbi
781 2240 1010 2301 notam,
1057 2240 1115 2284 et
1148 2246 1180 2285 a
1215 2225 1450 2284 cunctis
1499 2224 1784 2287 fidelibus
1825 2224 2257 2285 inviolabiliter
2290 2226 2672 2285 observatam
2707 2225 2769 2286 in
2802 2226 3063 2286 dubium

449 2350 753 2414 revocare,
788 2347 846 2392 et
878 2331 1063 2392 literis
1097 2333 1212 2392 sub
1248 2331 1379 2407 ejus
1413 2331 1664 2392 nomine
1703 2352 1807 2413 per
1839 2330 2119 2393 officium
2142 2331 2650 2393 poenitentiariae
2687 2348 2926 2392 nost-rae
2952 2352 3062 2412 pro

448 2455 723 2520 tempore
757 2439 1050 2519 expeditis
1085 2439 1530 2500 contumaciter
1560 2460 1623 2501 se
1659 2460 1997 2521 opponere,
2033 2440 2275 2520 illisque
2297 2440 2614 2500 detrahere
2637 2456 3058 2520 praesumunt,

450 2546 620 2606 decet
668 2566 786 2607 nos
832 2546 1127 2606 adversus
1174 2547 1323 2608 tales
1356 2566 1424 2607 ea
1458 2548 1747 2608 adhibere
1781 2548 2051 2608 remedia
2088 2567 2194 2629 per
2224 2567 2382 2627 quae
2417 2547 2697 2628 ipsorum
2731 2547 3059 2608 temeritate

449 2673 717 2736 repressa
752 2653 1030 2731 ejusdem
1066 2655 1520 2717 poenitentiarii
1556 2657 1903 2734 auctoritaS,
1939 2674 1995 2718 et
2027 2672 2291 2739 potestas
2315 2671 2776 2737 praeserventur
2796 2655 3052 2729 illaesae,

450 2761 737 2841 illiusque
769 2762 974 2823 literae
1008 2781 1153 2823 curn
1188 2782 1595 2844 personarum
1629 2763 1759 2824 illas
1794 2783 1908 2843 pro
1939 2779 2217 2844 tempore
2252 2763 2710 2844 impetrantium
2742 2762 2965 2842 quiete,
3001 2779 3058 2823 et

449 2868 855 2929 conscientiae
890 2870 1346 2949 tranquillitate,
1381 2870 1635 2931 semotis
1668 2869 1991 2950 quibusvis
2027 2870 2372 2947 obstaculiS,
2421 2870 2699 2931 votivum
2729 2869 3060 2929 sortiantur

448 2976 753 3037 effectum.
2056 3054 2062 3059 ,

660 3092 689 3151 S
735 3105 784 3145 t.
823 3085 1079 3146 Dudum
1113 3084 1423 3165 siquidem
1459 3104 1566 3164 per
1600 3103 1713 3144 nos
1746 3099 2001 3164 accepto
2035 3084 2209 3163 quod
2242 3083 2380 3143 licet
2415 3083 2702 3144 universo
2736 3103 2891 3164 pene
2925 3085 3060 3146 orbi

449 3191 854 3252 innotesceret
888 3193 1038 3253 inter
1071 3193 1184 3253 alia
1218 3192 1421 3254 officia
1458 3192 1782 3252 Romanae
1802 3190 2025 3252 Curiae
2062 3190 2249 3252 fuisse
2284 3191 2524 3250 dudum
2559 3190 2834 3252 officium
2858 3212 3060 3253 sacrae

370 3334 384 3341 -
447 3297 953 3359 poenitentiariae
990 3300 1242 3379 provide
1277 3299 1650 3374 institutum,
1686 3314 1741 3357 et
1776 3298 1839 3357 in
1875 3297 2186 3376 aliquibus
2217 3317 2290 3356 ex
2325 3296 2575 3373 Maioris
2598 3298 3048 3359 poenitentiarii

449 3402 596 3463 illud
647 3423 760 3484 pro
808 3421 1085 3486 ternpore
1131 3405 1396 3466 obtentis
1441 3404 1647 3482 literis,
1682 3423 1840 3483 quae
1875 3406 1950 3463 ab
1984 3423 2059 3464 eo
2096 3403 2329 3464 ratione
2365 3403 2508 3464 dicti
2544 3404 2729 3464 officii
2766 3424 2878 3485 pro
2910 3422 3062 3466 tem-

451 3530 598 3591 pore
632 3515 1015 3589 emanabant,
1049 3512 1136 3574 sic
1170 3513 1590 3572 contineretur
1623 3511 1904 3570 videlicet
1938 3510 2342 3587 (Auctoritate
2379 3510 2450 3570 D.
2484 3510 2558 3570 N.
2595 3511 2657 3570 Ρ.
2695 3511 2869 3585 cujus
2905 3513 3058 3573 poe-

450 3617 825 3680 nitentiariae
860 3639 1070 3680 curam
1104 3618 1394 3697 gerimus)
1431 3634 1486 3678 et
1519 3618 1582 3677 in
1617 3617 1769 3689 aliis,
1807 3618 2204 3692 (Auctoritate
2241 3616 2311 3676 D.
2344 3617 2408 3677 P.
2447 3631 2504 3676 et
2537 3617 2612 3676 de
2647 3616 2779 3695 ejus
2815 3618 3059 3697 speciali

450 3726 739 3787 mandato
791 3748 972 3808 super
1031 3729 1150 3788 hoc
1207 3726 1374 3787 vivae
1427 3726 1593 3787 vocis
1645 3727 1902 3787 oraculo
1955 3725 2066 3785 sibi
2116 3724 2292 3799 facto)
2328 3724 2390 3783 in
2426 3724 2674 3804 reliquis
2710 3745 2853 3785 vero
2887 3725 3062 3800 (dicta

449 3833 805 3895 auctoritate
841 3834 913 3895 D.
947 3835 1011 3897 p,
1044 3849 1103 3893 et
1134 3832 1266 3911 ejus
1297 3831 1561 3913 speciali,
1611 3848 1668 3891 et
1700 3850 1984 3912 expresso
2018 3831 2327 3905 mandato)
2361 3850 2430 3890 ac
2463 3828 2826 3905 hujusmodi
2859 3831 3061 3897 literis,

448 3957 505 4000 et
537 3941 857 4002 assertioni
892 3940 1168 4017 ejusdem
1206 3939 1730 4015 poenitentiariae,
1768 3954 1892 3999 tam
1927 3939 1988 3999 in
2024 3937 2251 4013 judicio
2286 3955 2472 4017 quam
2510 3952 2671 3997 extra
2705 3940 2935 4016 absque
2972 3959 3063 4015 e0,

448 4049 622 4127 quod
670 4048 924 4109 facultas
971 4048 1237 4128 desuper
1283 4046 1483 4107 eidem
1523 4045 2005 4106 poenitentiario
2057 4065 2162 4125 per
2195 4044 2418 4105 Sedem
2454 4042 2873 4123 Apostolicam
2921 4062 3065 4104 con·

449 4173 611 4215 cessa
663 4155 727 4216 in
778 4155 892 4216 illis
938 4156 1324 4232 insereretur,
1374 4153 1525 4213 fides
1559 4154 1814 4214 indubia
1849 4152 2124 4213 adhiberi
2159 4152 2595 4228 consuevisset,
2630 4167 2687 4210 et
2721 4153 2795 4211 ab
2829 4152 3052 4212 eodem

448 4277 727 4343 tempore
777 4262 923 4323 citra
976 4261 1174 4339 Major
1223 4260 1735 4322 poenitentiarius
1784 4279 1898 4342 pro
1945 4277 2221 4341 tempore
2253 4259 2513 4320 existens
2548 4278 2620 4318 ex
2654 4257 2843 4338 ipsius
2876 4257 3063 4320 ofticii

450 4369 609 4451 stylo
643 4371 797 4431 dum
833 4370 1173 4451 Episcopus
1206 4368 1551 4428 Cardinalis
1599 4368 1898 4446 existeret,
1947 4388 2010 4428 se
2048 4368 2420 4450 Episcopum
2455 4366 2659 4426 solum
2696 4385 2826 4426 non
2859 4381 3064 4425 autem

449 4479 845 4554 Cardinalem
900 4477 1218 4537 nominare
1267 4477 1485 4538 solitus
1518 4492 1691 4553 esset,
1726 4491 1913 4556 prout
1945 4492 2001 4535 et
2036 4475 2257 4555 reliqui
2294 4473 2579 4555 Episcopi
2611 4472 2971 4535 Cardinales
3006 4474 3064 4533 in
3141 4466 3146 4475 ’

450 4605 669 4647 eorum
701 4586 886 4646 literis
921 4584 1237 4662 faciebant,
1270 4600 1325 4644 et
1361 4584 1561 4644 literae
1596 4585 1899 4665 praefatae
1934 4602 2076 4643 cum
2112 4582 2368 4662 antiquo
2405 4600 2511 4661 per
2545 4579 2809 4656 Maiores
2844 4581 3065 4640 poeni-

451 4693 731 4753 teutiario
789 4693 894 4772 qui
949 4712 1062 4773 pro
1109 4707 1386 4771 tempore
1437 4690 1678 4751 fuerant
1725 4688 2000 4749 adhiberi
2049 4689 2233 4749 solito
2279 4688 2479 4766 sigillo
2526 4688 2802 4768 oblongo
2837 4686 2899 4747 in
2932 4706 3065 4747 cera

451 4802 659 4877 rubea,
696 4815 755 4860 et
787 4820 964 4881 capsa
999 4819 1169 4860 cerae
1203 4800 1373 4858 albae
1408 4798 1710 4877 impresso
1747 4798 2052 4877 pendente
2085 4796 2430 4857 secundum
2466 4795 2814 4856 dictiofftcii
2837 4795 3062 4875 stylum

344 4932 400 4973 40
451 4909 779 4988 antiquum
829 4906 1097 4986 sigillari,
1151 4922 1209 4966 et
1254 4906 1338 4966 sic
1383 4904 1696 4985 expeditae
1746 4905 1980 4965 debitae
2021 4903 2367 4964 executioni
2402 4906 2632 4982 absque
2668 4902 2790 4962 ulla
2825 4917 3065 4962 contra-

2719 5004 2746 5032 Ο

2649 5022 2710 5076 32
