3684 5416
360 1540 407 1569 lo

365 2077 407 2119 ¹5

359 2614 412 2645 20

361 3154 407 3196 25

360 3690 412 3733 '30

360 4225 409 4268 35

359 4762 412 4801 40

1606 365 1928 427 Ordinatio.
2964 398 3069 463 349

458 549 794 631 praefatum
843 551 1181 630 iniquitatis
1226 551 1422 612 filium
1477 552 1740 614 fossorio
1786 572 2030 636 arrepto
2067 557 2375 639 percussit.
2440 558 2586 636 Sed,
2615 560 2663 620 si
2698 561 2773 622 ad
2806 578 3068 624 mortem

460 656 574 718 fuit
619 656 774 718 ictus
821 657 1201 735 huiusmodi,
1246 674 1313 720 tu
1361 673 1419 720 et
1453 659 1580 740 ipse
1617 661 1861 741 penitus
1895 662 2215 742 ignoratis3
2268 683 2457 745 quem
2490 667 2848 747 parochiani
2881 670 3072 731 eccle-

458 765 582 826 siae
627 766 904 827 videntes
950 780 1311 827 ornamenta
1359 766 1644 828 ecclesiae
1693 784 2129 850 asportantem,
2178 771 2432 852 arreptis
2470 771 2687 851 gladiis
2718 790 2777 835 et
2812 776 3074 838 fustibus

460 873 521 933 in
568 873 789 934 eodem
836 873 977 934 loco
1023 873 1308 953 protinus
1358 873 1737 936 occiderunt.
1803 877 1844 951 †
1896 877 2226 955 praefatus
2272 900 2410 939 vero
2440 879 2809 943 Laurentius
2857 885 2931 944 de
2961 905 3073 945 sua

460 979 656 1040 salute
686 982 1156 1061 praecogitans,
1200 980 1433 1041 evoluto
1482 1003 1642 1042 anno
1689 982 1802 1042 sub
1850 982 2029 1044 titulo
2076 986 2480 1063 consessionis
2523 986 2642 1047 tibi
2670 992 2768 1049 rei
2793 990 3071 1051 ordinem

461 1087 773 1160 revelavit,
815 1096 934 1169 pro
985 1107 1101 1167 quo
1153 1086 1328 1147 nobis
1379 1087 1698 1149 humiliter
1746 1091 2137 1172 supplicasti,
2184 1099 2252 1152 ut
2294 1113 2429 1153 cum
2476 1114 2544 1152 eo
2589 1098 3075 1158 misericorditer

461 1214 640 1273 agere
690 1194 1106 1274 dignaremur.
1175 1194 1348 1254 Licet
1393 1202 1591 1256 autem
1642 1200 2032 1259 contineatur
2084 1202 2148 1258 in
2196 1221 2449 1274 canone,
2497 1202 2677 1280 quod,
2726 1205 2787 1262 si
2814 1211 3076 1284 quatuor

460 1300 731 1361 homines
776 1307 886 1360 aut
928 1303 1194 1382 quinque
1226 1301 1322 1361 vel
1336 1302 1560 1382 plures
1591 1311 1807 1364 contra
1839 1326 2025 1365 unum
2060 1304 2361 1368 homiuem
2397 1309 2594 1368 rixati
2601 1311 2876 1385 suerint,
2911 1318 2970 1371 et
2999 1311 3075 1370 ab

461 1411 550 1468 eis
583 1416 854 1469 mortuus
867 1411 1078 1486 suerit
1106 1410 1485 1483 vulneratus,
1517 1414 1862 1492 quicunque
1894 1413 2143 1473 illorum
2177 1420 2239 1473 et
2251 1414 2512 1494 plagam
2548 1418 2930 1495 inposuerit,
2962 1416 3074 1478 ho-

461 1516 688 1575 micida
739 1517 1067 1576 secundum
1117 1523 1348 1577 statuta
1399 1539 1698 1579 canonum
1751 1520 2061 1580 iudicetur
2074 1545 2106 1594 ‚·
2152 1524 2299 1602 quia
2345 1528 2544 1582 lamen
2580 1525 2643 1583 in
2680 1523 2803 1583 alio
2837 1544 3069 1584 canone

461 1623 692 1682 dicitur
722 1623 797 1682 de
814 1622 1196 1703 presbytero,
1228 1627 1339 1705 qui
1368 1626 1690 1686 diaconum
1724 1629 2091 1706 equitantem
2110 1631 2453 1709 percussit,
2485 1636 2546 1689 et
2576 1632 2724 1710 epse,
2757 1632 2984 1692 cadens
3005 1653 3077 1691 ex

463 1749 633 1809 equo,
678 1732 913 1789 cervice
938 1732 1160 1808 fracta
1192 1734 1473 1792 interiit:
1519 1734 1743 1813 quodsi
1769 1755 1890 1793 non
1925 1735 2010 1793 ad
2036 1742 2287 1795 mortem
2309 1745 2649 1816 percussus
2682 1743 2796 1811 est,
2830 1741 3073 1799 incaute

464 1838 675 1915 agenti
701 1836 1061 1917 presbytero
1108 1845 1204 1898 est
1231 1842 1616 1919 poenitentia
1665 1841 2015 1917 indicenda,
2051 1844 2164 1915 ita,
2197 1842 2362 1923 quod
2389 1842 2705 1924 aliquanto
2740 1851 3003 1927 tempore
3038 1869 3073 1905 a

464 1946 789 2003 missarum
841 1952 1170 2025 suspensus
1219 1946 1539 2019 solenniis,
1589 1948 1784 2008 denuo
1830 1948 1916 2008 ad
1956 1948 2335 2008 sacerdotale
2379 1951 2656 2028 officium
2707 1958 3075 2026 revertatur,

465 2050 685 2130 quodsi
725 2054 1025 2110 veraciter
1068 2052 1479 2133 qualicunque
1507 2056 1914 2134 percussione
1948 2055 2300 2135 presbyteri
2328 2061 2602 2115 mortuus
2634 2063 2726 2116 est
2754 2058 3075 2133 diaconus,

466 2157 636 2217 nulla
681 2156 782 2218 hic
828 2159 1065 2220 ratione
1110 2180 1275 2220 more
1306 2162 1646 2221 sacerdotis
1661 2163 2120 2242 permittendus
2153 2169 2244 2222 est
2274 2164 2657 2235 ministrare,
2691 2165 2937 2224 etiamsi
2963 2187 3071 2225 vo·-

467 2264 756 2325 luntatem
809 2286 927 2325 non
979 2265 1195 2325 habuit
1241 2268 1576 2327 occidendi.
1645 2268 1776 2328 Nos
1828 2268 1892 2328 in
1945 2269 2280 2350 praemisso
2326 2289 2468 2330 casu
2510 2269 2817 2341 credimus
2854 2271 3069 2332 distin-

466 2373 806 2452 guendum,
852 2386 1062 2432 utrum
1096 2390 1373 2434 constare
1410 2375 1617 2454 possit,
1668 2376 1838 2454 quod
1874 2374 2176 2456 praefatus
2210 2377 2494 2437 sacerdos
2528 2395 2658 2437 non
2692 2376 2906 2437 inflixit
2941 2398 3073 2458 per-

468 2478 818 2540 cussionem
852 2479 1113 2556 letalem,
1147 2480 1221 2540 de
1256 2501 1378 2561 qua
1411 2481 1796 2556 videlicet,'si
1830 2482 2095 2543 aliorum
2131 2501 2262 2544 non
2297 2483 2552 2544 fuissent
2584 2483 2833 2544 vulnera
2855 2487 3068 2546 subse-

468 2601 624 2664 cuta,
659 2606 985 2667 percussus
1019 2585 1271 2649 minime
1305 2586 1644 2665 interiisset,
1694 2604 1751 2649 et
1784 2588 1831 2647 si
1865 2608 2190 2669 percussor
2222 2590 2596 2651 voluntatem
2633 2610 2760 2651 non
2796 2592 3076 2653 habuerit

466 2693 806 2770 occidendi,
841 2712 1043 2774 neque
1077 2693 1271 2775 ipsius
1303 2695 1532 2774 studio,
1567 2695 1826 2757 consilio
1860 2697 1957 2757 vel
1992 2698 2283 2760 mandato
2305 2697 2710 2780 processerint
2730 2698 2830 2759 alii
2863 2716 3072 2760 contra

469 2800 663 2862 illum.
729 2801 802 2861 Et
848 2800 1125 2881 quidem,
1175 2802 1223 2862 si
1272 2803 1395 2863 hoc
1440 2802 1520 2863 ita
1567 2823 1629 2865 se
1665 2804 1865 2882 habet,
1896 2806 2081 2884 ,quod
2116 2805 2324 2867 forsan
2358 2826 2428 2866 ex
2464 2825 2538 2866 eo
2572 2821 2777 2887 posset
2808 2808 3071 2886 ostendi,

466 2908 514 2969 si
548 2924 706 2969 certa
739 2907 1115 2990 apparuisset
1153 2905 1470 2989 percussio
1505 2911 1579 2970 ab
1613 2910 1836 2970 eodem
1870 2910 2095 2973 inflicta
2128 2928 2252 2973 tam
2290 2911 2528 2973 modica
2564 2929 2620 2973 et
2652 2927 2777 2975 tarn
2810 2913 2975 2992 levis,
3009 2913 3073 2975 in

467 3035 533 3075 ea
568 3031 734 3097 parte
768 3015 1060 3097 corporiS,
1094 3008 1162 3075 ⁴in
1196 3035 1316 3096 qua
1351 3016 1490 3096 quis
1523 3017 1598 3078 de
1633 3017 1749 3079 levi
1783 3019 2016 3099 percuti
2049 3038 2180 3080 non
2211 3020 2366 3082 solet
2401 3020 2477 3081 ad
2512 3034 2794 3100 mortem,
2829 3037 2893 3081 ut
2915 3020 3072 3102 peri-

466 3138 670 3184 torum
703 3121 930 3184 iudicio
965 3122 1349 3183 medicorum
1383 3122 1514 3184 talis
1546 3125 1859 3205 percussio
1895 3141 2260 3190 assereretur
2294 3146 2424 3187 non
2447 3125 2627 3189 fuisse
2647 3126 2859 3206 letalis,
2879 3147 3077 3208 quum

467 3232 541 3293 de
589 3232 801 3293 ceteris
848 3232 1225 3293 credendum
1271 3231 1345 3292 sit
1379 3230 1492 3312 ipsi
1524 3235 1859 3308 sacerdoti,
1893 3234 2001 3314 qui
2035 3254 2164 3296 non
2198 3250 2516 3296 accusatur
2549 3235 2642 3295 vel
2677 3234 3080 3296 denunciatur

467 3341 542 3400 ab
588 3340 819 3420 aliquo,
864 3340 970 3401 sed
1020 3360 1125 3421 per
1158 3360 1221 3399 se
1256 3340 1480 3421 ipsum,
1513 3342 1585 3401 de
1616 3362 1729 3402 sua
1762 3342 1961 3403 salute
1995 3342 2330 3417 sollicitus,
2364 3342 2693 3404 consilium
2726 3342 2952 3424 appetit
2984 3363 3077 3402 sa-

468 3448 678 3525 lutare,
730 3463 870 3528 post
915 3446 1352 3529 poenitentiam
1406 3448 1480 3507 ad
1527 3449 1828 3509 cautelam
1867 3448 2207 3509 iniunctam
2244 3449 2308 3509 in
2341 3447 2697 3509 sacerdotali
2730 3449 2951 3530 poterit
2985 3449 3078 3509 of-

467 3553 605 3615 ficio
651 3553 1011 3633 ministrare,
1060 3553 1320 3615 maxime
1370 3554 1679 3634 religionis
1725 3556 2052 3617 accedente
2099 3556 2329 3635 favore,
2377 3575 2573 3636 quum
2621 3555 2695 3616 sit
2741 3555 3077 3617 canonicus

469 3663 778 3742 regularis,
814 3679 873 3724 et
903 3663 1034 3724 sine
1057 3662 1227 3723 omni
1250 3663 1542 3724 scandalo
1565 3664 1757 3744 possit
1776 3664 2146 3725 sacerdotale
2169 3664 2452 3726 officium
2472 3664 2797 3724 celebrare.
2834 3664 3079 3740 Quodsi

467 3771 724 3832 discerni
761 3790 889 3832 non
925 3771 1136 3852 possit,
1169 3791 1240 3831 ex
1275 3770 1454 3830 cuius
1486 3770 1610 3830 ictu
1645 3790 1968 3851 percussus
2004 3771 2257 3832 interiit:
2313 3772 2376 3832 in
2412 3773 2529 3833 hoc
2562 3770 2753 3832 dubio
2788 3786 3080 3851 tanquam

469 3878 776 3939 homicida
825 3878 1006 3939 debet
1052 3878 1259 3939 haberi
1308 3878 1610 3955 sacerdOS,
1659 3878 1766 3938 etsi
1820 3878 1974 3938 forte
2023 3878 2332 3940 homicida
2366 3874 2620 3956 nonsit,
2655 3899 2688 3937 a
2720 3879 3076 3940 sacerdotali

467 3985 674 4046 officio
725 3985 1028 4046 abstinere
1080 3986 1277 4064 debet,
1329 4005 1530 4066 quum
1581 3985 1641 4045 in
1689 3986 1807 4045 hoc
1841 3980 1999 4046 'casu
2032 4005 2267 4047 cessare
2301 3986 2375 4046 sit
2407 3986 2598 4046 tutius
2631 4004 2821 4065 quam
2855 3999 3080 4046 temere

467 4093 788 4170 celebrare,
835 4112 950 4173 pro
991 4111 1088 4168 e0,
1124 4091 1296 4171 quod
1331 4091 1394 4152 in
1427 4091 1620 4153 altero
1657 4091 1921 4170 nullum,
1956 4092 2018 4152 in
2054 4092 2292 4171 reliquo
2327 4110 2473 4152 vero
2506 4111 2805 4170 magnum
2842 4091 3078 4173 pericu-

469 4201 598 4262 lum
632 4200 932 4262 timeatur.
997 4199 1036 4273 †
1092 4198 1309 4259 Utrum
1344 4206 1540 4259 autem
1575 4200 1648 4259 de
1681 4199 1814 4259 illis
1847 4202 1934 4258 sit
1961 4198 2167 4259 simile
2198 4199 2604 4273 sentiendum,
2625 4220 2878 4280 quorum
2902 4221 3081 4273 unus,

467 4309 579 4369 sed
605 4309 744 4389 quis
776 4310 1022 4367 omnino
1056 4309 1354 4379 nescitur,
1393 4307 1792 4367 homicidium
1812 4309 2223 4388 perpetravit,
2255 4308 2317 4368 si
2323 4309 2555 4384 forsan
2590 4308 2675 4367 ad
2703 4308 3083 4390 recipiendos

467 4435 678 4476 sacros
728 4416 977 4476 ordines
1014 4420 1518 4496 praesententur,
1571 4421 1775 4474 utrum
1823 4434 2029 4474 omnes
2075 4415 2206 4475 sint
2222 4416 2473 4495 pariter
2505 4413 2864 4495 repellendi,
2899 4435 3079 4494 quum

468 4523 746 4583 discerni
787 4543 906 4583 non
943 4525 1170 4603 possit,
1217 4523 1329 4601 qui
1370 4521 1633 4581 debeant
1673 4520 2011 4601 culpabiles
2044 4522 2343 4595 iudicari,
2377 4521 2647 4601 diligens
2681 4524 3084 4601 investigator

468 4628 770 4703 advertat,
802 4632 1079 4711 quamvis
1111 4629 1212 4689 hic
1244 4648 1424 4688 casus
1455 4631 1543 4688 sit
1573 4628 1648 4687 ab
1682 4629 1791 4689 illo
1825 4628 2001 4688 valde
2034 4629 2330 4691 diversus.
2365 4629 2427 4690 Si
2462 4639 2628 4707 vero',
2663 4630 3079 4710 quemadmo-

470 4738 624 4798 dum
671 4738 1044 4818 perhibetur,
1092 4735 1379 4797 sacerdos
1427 4734 1537 4795 iste
1593 4735 1763 4815 prius
1796 4738 1871 4796 ab
1906 4735 2012 4798 illo
2047 4755 2376 4817 percussus
2409 4736 2725 4817 sacrilego,
2760 4757 2901 4797 mox
2937 4754 3080 4796 eum

468 4865 612 4906 cum
661 4844 867 4924 ligone
918 4845 981 4905 in
1030 4843 1222 4924 capite
1271 4843 1652 4924 repercussit,
1687 4843 1967 4922 quamvis
2000 4843 2123 4903 vim
2158 4842 2214 4903 vi
2249 4843 2540 4924 repellere
2574 4862 2794 4904 omnes
2827 4843 2991 4924 leges
3025 4858 3082 4903 et

472 4952 681 5012 omnia
730 4951 855 5011 iura
911 4950 1292 5032 permittant;
1345 4949 1488 5030 quia
1539 4965 1742 5010 tamen
1777 4949 1835 5009 id
1873 4950 2051 5010 debet
2086 4949 2211 5009 fieri
2250 4969 2390 5010 cum
2429 4951 2851 5011 moderamine
2887 4950 3080 5011 incul-
