3684 5416
321 1538 371 1570 10

323 2074 368 2117 ¹5

321 2617 376 2649 20

321 3152 374 3196 25

326 3684 381 3729 30

326 4218 379 4262 35

322 4753 385 4792 40

1596 354 1860 425 Capituli.
2937 381 3005 434 59
3008 380 3038 434 5

421 538 753 600 fectionem
803 556 934 600 non
980 539 1457 600 consentiamus,
1519 539 1594 600 Et
1638 540 1688 599 si
1734 540 1945 601 omnia
1990 539 2342 620 relinquere
2390 560 2521 603 non
2570 563 2925 623 possumus,
2956 547 3044 608 sic

420 645 499 705 ad
545 664 731 705 usum
778 659 1020 706 tanturn
1066 662 1275 707 nostra
1306 661 1648 720 teneamus,
1684 662 1752 708 ut
1784 646 2055 725 dimissa,
2092 648 2392 708 volumus
2425 649 2744 730 nolumus,
2781 651 3042 727 fuerint;

420 773 551 815 non
582 753 660 814 ad
692 754 1028 815 haeredum
1064 769 1420 815 nostrorum
1455 753 1798 816 carnalium
1829 770 2015 835 atque
2050 771 2403 836 parentum,
2442 759 2549 818 sed
2584 759 2661 819 ad
2683 759 3041 840 Ecclesiam,

422 860 521 920 cui
556 859 691 920 Deo
738 874 986 920 auctore
1030 859 1092 920 in
1142 877 1480 928 commune
1527 860 1929 940 deservimus,
1980 862 2056 922 de
2090 862 2268 941 cujus
2301 865 2487 924 rebus
2521 863 2822 945 stipendia
2855 866 3043 927 habe-

421 984 583 1043 mus,
628 965 771 1025 loco
818 965 1221 1026 haereditario
1254 965 1696 1047 relinquamus
1761 967 1866 1045 Ut,
1899 968 1949 1028 si
1983 988 2127 1030 cum
2164 969 2283 1030 illis
2315 969 2599 1050 perfectis
2631 990 2745 1052 pro
2779 971 3044 1053 perfecta

421 1074 960 1136 abrenuntiatione
992 1075 1344 1155 saeculique
1378 1074 1569 1153 hujus
1600 1093 1963 1159 contemptu
1999 1080 2231 1139 corona
2255 1098 2386 1141 non
2408 1079 2728 1155 tribuitur;
2764 1081 2861 1142 vel
2892 1101 3043 1162 pec-

422 1195 700 1241 catorum
729 1181 929 1258 venia,
961 1180 1120 1243 sicut
1151 1181 1443 1258 minimis,
1474 1182 1891 1245 misericordia
1924 1184 2131 1245 divina
2165 1186 2556 1248 concedatur.
2593 1185 2760 1262 Quia
2792 1203 3042 1249 sanctus

426 1289 688 1369 Prosper
732 1290 830 1349 vel
876 1289 975 1349 alii
1018 1289 1211 1350 sancti
1245 1291 1467 1367 Patres,
1516 1292 1863 1351 secundum
1913 1290 2188 1351 divinam
2235 1292 2658 1353 auctoritatem
2691 1310 3043 1372 sanxerunt,

426 1411 490 1455 ut
523 1395 607 1457 illi
640 1396 880 1465 Clerici,
928 1395 1037 1476 qui
1069 1397 1146 1456 de
1177 1399 1362 1457 rebus
1394 1397 1701 1458 Ecclesiae
1733 1397 1935 1459 vivere
1968 1398 2245 1479 cupiunt,
2293 1418 2388 1459 res
2422 1400 2718 1481 propriaS,
2750 1421 2903 1482 quas
2937 1401 3042 1461 ha-

426 1503 590 1580 bent,
625 1522 732 1584 per
764 1502 1171 1564 instrumenta
1218 1504 1588 1581 chartarum,
1655 1503 1793 1564 Deo
1841 1520 1899 1564 et
1946 1504 2272 1582 Ecclesiae,
2322 1505 2421 1566 cui
2471 1504 2842 1583 deserviunt,
2890 1523 3043 1566 con-

425 1610 689 1671 donent:
754 1627 812 1671 et
856 1610 944 1671 sic
990 1613 1175 1671 rebus
1209 1610 1514 1672 Ecclesiae
1546 1612 1830 1673 licentius
1863 1614 2097 1692 absque
2132 1613 2397 1673 maxima
2431 1614 2610 1694 culpa
2644 1628 2929 1687 utantur;
2973 1627 3046 1673 ut

431 1715 516 1777 sic
564 1717 639 1777 de
687 1719 871 1777 rebus
901 1718 1206 1779 Ecclesiae
1252 1719 1365 1800 ipsi
1398 1720 1621 1782 Clerici
1669 1721 1974 1799 gaudent:
2027 1720 2104 1781 ita
2152 1735 2211 1780 et
2248 1720 2514 1780 Ecclesia
2547 1720 2624 1780 de
2656 1722 2841 1781 rebus
2872 1720 3040 1802 ipso-

428 1845 567 1886 rum
600 1825 987 1886 Clericorum
1033 1845 1179 1887 cum
1226 1829 1604 1909 pauperibus
1634 1828 1765 1889 suis
1797 1828 1885 1888 sic
1914 1843 2089 1888 aucta
2122 1842 2307 1907 atque
2342 1826 2658 1887 meliorata
2690 1827 3046 1906 gratuletur.

428 1932 510 1992 Ita
545 1948 749 1994 tamen
783 1948 849 1994 ut
882 1932 998 2013 ipsi
1030 1933 1272 2012 Clerici,
1306 1936 1461 1996 dum
1493 1936 1799 2011 advivent,
1839 1934 1888 1994 si
1922 1934 2000 1994 ita
2033 1933 2346 2014 placuerit,
2381 1952 2477 1994 res
2510 1953 2651 1993 suas
2683 1934 3044 1996 usufructu-

427 2041 556 2100 ario
589 2041 811 2101 ordine
846 2060 954 2120 per
985 2040 1359 2102 beneficium
1395 2042 1697 2103 Ecclesiae
1733 2043 2014 2118 habeant,
2065 2056 2132 2101 ut
2177 2040 2389 2101 omnia
2422 2039 2546 2100 sint
2579 2041 2956 2118 communia,
2987 2057 3047 2102 et

428 2164 677 2229 propter
724 2148 966 2209 obitum
1013 2163 1230 2208 eorum
1278 2149 1354 2208 ad
1390 2148 1722 2209 Ecclesiam
1757 2149 1855 2208 vel
1888 2149 1964 2208 ad
1999 2147 2370 2209 canonicum
2405 2147 2719 2220 ordinem;
2771 2147 2870 2209 cui
2903 2163 3043 2208 ante

428 2254 601 2314 datae
637 2254 895 2331 fuerant,
930 2269 1324 2315 revertantur.
1390 2255 1682 2315 Similiter
1726 2254 2068 2315 iudicantes
2101 2269 2168 2315 ut
2202 2253 2285 2314 illi
2321 2253 2564 2331 Clerici,
2599 2254 2707 2334 qui
2739 2254 2816 2314 de
2850 2253 3040 2316 facul-

428 2362 651 2423 tatibus
698 2362 824 2422 suis
871 2360 1309 2422 sufficientiam
1342 2362 1589 2441 habent,
1637 2362 1714 2422 de
1748 2363 1895 2443 ipsis
1927 2364 2112 2422 rebus
2145 2361 2411 2442 propriis
2445 2361 2644 2421 vivere
2676 2363 2960 2439 debeant,
2994 2362 3045 2422 si

427 2486 636 2529 tamen
669 2468 897 2529 infirmi
933 2469 1177 2547 fuerint,
1220 2484 1289 2529 ut
1321 2470 1385 2529 in
1418 2470 1714 2530 omnibus
1734 2468 1823 2529 ad
1857 2468 2165 2546 integrum
2201 2468 2507 2529 Ecclesiae
2543 2468 2674 2542 Dei,
2706 2467 2805 2529 cui
2837 2468 3046 2529 deser-

429 2576 627 2649 viunt,
675 2575 820 2635 dare
856 2570 1185 2653 noluerint,
1235 2591 1292 2635 et
1323 2575 1408 2636 sic
1440 2575 1631 2656 ipsius
1663 2575 1970 2635 Ecclesiae
2002 2574 2065 2633 in
2100 2593 2331 2651 amore,
2367 2573 2597 2635 Christi
2630 2572 2887 2653 gratuita
2920 2592 3046 2633 ser-

430 2682 639 2761 vitute,
695 2683 1033 2763 sedulaque
1083 2683 1512 2744 modulatione
1562 2683 1955 2764 impendant3
2006 2697 2066 2743 et
2116 2681 2310 2742 sciant
2355 2700 2420 2742 se
2465 2699 2579 2762 pro
2626 2682 2740 2742 hac
2786 2700 2869 2758 re,
2902 2680 3048 2761 quia

430 2793 613 2851 rebus
646 2791 968 2868 Ecclesiae,
1001 2791 1176 2851 sicuti
1211 2790 1429 2851 caeteri
1462 2790 1781 2868 Canonici,
1814 2805 2091 2866 utuntur,
2131 2788 2458 2870 specialem
2491 2787 2976 2849 misericordiam
3012 2808 3046 2848 a

432 2898 568 2959 Deo
598 2914 971 2978 recepturos,
994 2897 1092 2957 cui
1126 2897 1202 2956 de
1237 2896 1499 2978 propriis
1531 2899 1715 2957 rebus
1747 2895 2119 2957 inserviunt:
2169 2895 2312 2976 quia
2345 2895 2395 2955 si
2427 2915 2515 2973 ea,
2548 2914 2706 2975 quae
2739 2894 3047 2976 accepturi

432 3023 624 3084 erant,
660 3027 772 3087 pro
805 3024 1025 3066 eorum
1056 3002 1382 3064 ordinibus
1415 3003 1491 3063 de
1522 3004 1918 3084 eleemosyna
1951 3003 2353 3084 dispensatori
2388 3001 2718 3082 reliquerit,
2751 3001 2905 3063 nihil
2937 3001 3048 3062 ha-

432 3116 719 3175 bentibus
756 3112 1128 3175 conferenda
1159 3111 1291 3172 sine
1324 3129 1573 3193 peccato
1608 3112 1926 3194 possident
1957 3132 2100 3172 sua:
2153 3111 2299 3192 quia
2333 3127 2391 3172 et
2421 3111 2536 3192 ipsi
2571 3110 3047 3192 quodammodo

432 3222 793 3302 relinquunt
825 3240 955 3296 sua,
996 3220 1251 3301 quando
1285 3219 1546 3301 propriis
1580 3220 1852 3280 contenti
1882 3222 2086 3299 rebus,
2123 3219 2401 3300 nihilque
2433 3239 2498 3279 se
2532 3217 2662 3296 jure
2699 3220 2920 3280 debere
2953 3237 3049 3279 ar-

433 3330 732 3390 bitrantur
765 3327 968 3408 recipi.
1048 3325 1238 3401 Quod
1273 3326 1321 3387 si
1355 3340 1575 3406 putant
1604 3325 1749 3385 ideo
1782 3326 1971 3407 accipi
2004 3326 2224 3386 debere
2257 3345 2496 3402 eorum,
2532 3345 2691 3405 quae
2725 3324 3049 3386 conferen-

434 3453 532 3498 tur
564 3435 889 3511 Ecclesiae,
936 3433 1304 3516 portionem,
1340 3450 1453 3491 nec
1486 3450 1623 3491 eam
1655 3431 1980 3491 videantur
2010 3429 2289 3508 abjicere,
2326 3431 2474 3510 quia
2508 3450 2634 3491 non
2667 3430 2906 3510 possint
2936 3449 3050 3489 sua

434 3545 805 3624 relinquere,
842 3542 1015 3623 quod
1048 3541 1134 3601 eis
1166 3538 1443 3600 deforme
1477 3538 1569 3613 sit,
1600 3537 1757 3597 inter
1788 3557 1957 3607 suOS,
1990 3556 2289 3617 pauperes
2322 3536 2530 3597 reddi:
2582 3535 2867 3596 noverint
2913 3554 3045 3595 esse

434 3651 794 3726 deformius,
841 3666 1234 3730 possessuros
1280 3647 1356 3706 de
1404 3643 1811 3724 eleemosynis
1845 3662 2189 3724 pauperum
2226 3643 2409 3724 pasci.
2471 3644 2610 3704 Hoc
2643 3642 2810 3702 enim
2845 3640 3050 3722 provi-

436 3761 711 3821 dendum
748 3776 851 3836 est,
885 3773 955 3817 ut
986 3776 1115 3817 non
1149 3769 1435 3834 gravetur
1468 3766 1661 3812 mater
1692 3751 1982 3825 Ecclesia,
2017 3771 2207 3831 quam
2231 3765 2467 3811 constat
2488 3749 2764 3830 quotidie
2784 3751 3050 3810 subven-

434 3869 587 3930 tioni
622 3884 986 3949 pauperum,
1020 3864 1493 3942 viduarumque,
1525 3877 1707 3941 atque
1741 3861 2192 3941 orphanorum,
2213 3856 2528 3937 simulque
2561 3856 2894 3936 egentium,
2929 3856 3051 3917 Ca-

437 3994 678 4036 nonum
714 3971 989 4052 jussione
1022 3971 1432 4045 constrictam,
1466 3970 1687 4030 debere
1720 3988 1853 4029 esse
1885 3987 2128 4048 semper
2163 3966 2481 4026 intentam.

646 4081 834 4159 Igitur
879 4079 1263 4160 quicumque
1309 4097 1373 4136 se
1421 4078 1496 4137 ad
1532 4078 1698 4136 hunc
1731 4076 2022 4135 ordinem
2055 4074 2471 4146 Canonicum,
2505 4089 2693 4151 quern
2727 4069 2919 4130 modo
2953 4081 3052 4129 ut-

435 4206 705 4267 cumque
753 4202 1110 4266 recuperare
1144 4182 1451 4262 cupimus,
1499 4181 1656 4240 sicut
1701 4181 1763 4241 in
1798 4180 2054 4261 parvulo
2089 4179 2425 4255 decretu10,
2460 4177 2632 4258 quod
2666 4174 3050 4254 digessimus,

436 4293 876 4367 intimavimus,
912 4312 975 4353 se
1009 4291 1242 4352 sociare
1274 4288 1556 4363 voluerit,
1607 4304 1665 4348 et
1698 4288 1775 4348 de
1810 4290 2011 4362 rebus,
2044 4305 2198 4365 quas
2232 4286 2436 4361 habet,
2466 4282 2823 4366 solemniter
2855 4282 3052 4342 dona-

435 4405 601 4465 tione
654 4415 1039 4483 praesentem
1090 4399 1283 4458 donet
1330 4396 1404 4456 ad
1453 4395 1793 4455 Ecclesiam
1840 4395 1905 4455 Β.
1942 4393 2114 4455 Pauli
2161 4393 2236 4453 ad
2285 4412 2443 4473 opus
2492 4390 2768 4463 Dei,.vel
2801 4386 3058 4449 Clericis

436 4511 665 4571 ibidem
719 4504 1220 4578 deservientibus,
1272 4502 1445 4562 faciat
1495 4516 1555 4562 et
1605 4501 1962 4581 precariam,
2013 4500 2062 4561 si
2113 4500 2193 4559 ita
2244 4499 2298 4559 ei
2352 4498 2666 4578 placuerit,
2711 4495 2933 4588 'exinde
2980 4498 3055 4554 ab

440 4617 749 4697 Episcopo
782 4614 1035 4693 accipiat
1066 4613 1129 4672 in
1162 4632 1231 4670 ea
1265 4609 1625 4698 ratione,*ut
1658 4609 1812 4668 dum
1846 4607 2103 4682 advivet,
2133 4607 2296 4686 ipsas
2329 4625 2424 4666 res
2462 4603 2919 4666 usufructuario
2952 4621 3054 4664 or-

439 4726 581 4785 dine
632 4725 869 4800 habeat,
918 4738 977 4782 et
1028 4735 1165 4803 post
1202 4720 1442 4780 obitum
1476 4716 1607 4794 ejus
1640 4736 1784 4777 cum
1818 4715 1992 4776 omni
2024 4712 2382 4794 integritate,
2424 4713 2723 4792 omnique
2753 4732 3048 4793 superpo-

439 4833 556 4894 sito
608 4833 683 4893 ad
732 4829 1089 4906 Ecclesiam,
1140 4828 1240 4889 cui
1290 4827 1463 4887 datae
1514 4823 1762 4900 fuerint,
1810 4822 1908 4882 vel
1954 4820 2145 4901 ipsius
2190 4819 2712 4898 Congregationis
2759 4819 2917 4899 ipsas
2963 4837 3058 4878 res

446 4944 678 5021 absque
729 4938 918 5002 ullius
952 4935 1420 5016 consignatione
1452 4933 1549 4994 vel
1582 4945 1920 5012 exspectata
1952 4927 2281 4989 traditione
2315 4939 2714 4986 revertantur.
2782 4925 2855 4986 Et
2886 4925 3060 4986 liceat

1745 5025 1753 5037 .
2638 5023 2737 5096 38,
