3684 5416
344 1550 395 1582 10

345 2085 391 2127 ¹5

341 2619 397 2651 20

341 3155 393 3197 ²5

343 3690 397 3734 30

344 4222 394 4265 35

1445 383 1713 438 Pontifex
1753 398 2047 438 romanus.
2964 400 3065 468 453

445 562 677 627 Christi
706 562 1004 639 Vicarius,
1054 577 1114 626 et
1148 563 1313 628 Beati
1347 562 1508 625 Petri
1540 563 1894 642 Successor,
1941 584 2010 625 ac
2058 563 2147 626 uti
2193 564 2328 625 talis
2372 567 2448 628 ab
2481 564 2763 626 universa
2797 564 3065 630 Ecclesia

444 669 695 750 agnosci
746 686 804 730 et
856 669 1065 730 haberi
1115 669 1417 732 debebit».
1486 671 1941 732 Commendata
1987 687 2197 732 autem
2229 672 2365 731 Deo
2412 688 2469 731 et
2521 671 2815 752 Deiparae
2860 670 3066 738 anima

444 778 684 855 Nostra,
717 776 1140 840 subdidimus:
1200 777 1634 844 «Venerabiles
1667 777 1907 842 Fratres
1941 778 2202 844 Nostros
2235 777 2295 842 S.
2329 778 2401 842 R.
2436 778 2503 842 E.
2540 777 2919 855 Cardinales,
2959 776 3067 857 qui

446 883 625 946 nobis
658 904 727 946 ex
763 885 879 948 hac
913 884 1135 950 misera
1170 884 1309 959 vita,
1341 885 1418 946 ad
1453 899 1767 950 aeternam
1789 865 1981 964 quam
2001 903 2321 965 speramus
2341 902 2555 965 pacem
2578 884 2859 958 evocatis,
2886 900 3068 951 erunt

444 990 817 1071 superstites,
866 1010 975 1072 per
1019 990 1245 1054 viscera
1304 991 1760 1059 misericordiae
1790 993 1933 1056 Jesu
1969 991 2200 1058 Christi
2245 992 2639 1056 vehementer
2669 993 3069 1056 obsecramus

446 1114 502 1159 et
549 1099 947 1174 obtestamur,
998 1112 1066 1162 ut
1113 1099 1384 1159 humana
1430 1099 1646 1179 quavis
1692 1097 2186 1166 consideratione
2226 1097 2570 1179 posthabita
2603 1117 2673 1160 ac
2704 1099 2915 1161 solum
2950 1098 3063 1164 Dei

444 1205 706 1284 gloriam
751 1220 1095 1287 spectantes
1147 1204 1647 1268 concordissimis
1694 1207 1919 1270 animis
1965 1222 2024 1272 et
2070 1206 2383 1270 voluntate
2432 1205 2492 1267 in
2540 1206 2699 1272 hanc
2732 1225 2923 1268 unam
2960 1225 3069 1267 cu-

447 1331 579 1373 ram
610 1310 1055 1376 studiosissime
1089 1312 1471 1390 incumbant,
1507 1332 1585 1376 ne
1618 1313 1852 1378 diutius
1873 1314 2031 1378 Petri
2066 1313 2364 1389 navicula,
2399 1313 2820 1393 tot‘tamisque
2855 1312 3064 1390 jactata

447 1418 927 1499 tempestatibus,
979 1420 1239 1482 Rectore
1286 1439 1406 1484 suo
1440 1435 1657 1497 careat,
1691 1436 1747 1481 et
1783 1420 2155 1486 Dominicus
2183 1439 2328 1501 grex
2360 1435 2450 1482 tot
2481 1419 2647 1501 lupis
2681 1419 2955 1501 undique
2989 1419 3067 1480 ir-

449 1526 786 1603 ruentibus,
836 1526 1086 1591 Pastore
1139 1525 1533 1601 destituatur:
1584 1527 1735 1592 illud
1786 1529 2082 1596 habentes
2133 1528 2547 1610 propositum,
2600 1528 2675 1587 ab
2726 1525 2960 1606 optima
3007 1543 3064 1592 et

448 1631 625 1694 celeri
659 1632 905 1695 Summi
938 1632 1253 1694 Pontificis
1301 1632 1597 1696 electione
1644 1650 1702 1695 et
1735 1634 2037 1701 Ecclesiae
2083 1635 2588 1716 tranquillitatem
2628 1649 2686 1694 et
2721 1633 2916 1695 fidelis
2954 1653 3067 1714 po-

449 1736 578 1817 puli
609 1737 871 1800 salutem
905 1738 1071 1799 hisce
1106 1737 1458 1817 praesertim
1492 1738 1871 1802 difficillimis
1891 1739 2365 1820 asperrimisque
2387 1740 2772 1822 temporibus
2811 1739 2904 1801 vel
2936 1758 3068 1801 ma-

448 1843 608 1905 xime
642 1845 929 1924 pendere,
962 1845 1257 1926 ipsosque
1291 1845 1678 1911 severissimo
1712 1845 1826 1910 Dei
1861 1845 2092 1908 iudicio
2125 1847 2502 1926 puniendos,
2551 1846 2600 1907 si
2634 1866 2853 1909 eorum
2891 1847 3069 1929 culpa

449 1967 506 2012 et
551 1950 923 2030 negligentia
970 1951 1227 2029 eveniat,
1276 1966 1342 2013 ut
1374 1951 1439 2014 in
1472 1966 1646 2015 tanto
1679 1971 1890 2013 rerum
1921 1952 2275 2014 discrimine
2310 1953 2573 2032 longiori
2607 1974 2802 2034 quarn
2836 1974 2945 2036 par
2976 1969 3065 2015 est

449 2058 746 2138 temporis
792 2058 989 2139 spatio
1042 2058 1191 2120 haec
1228 2058 1582 2140 Apostolica
1616 2058 1807 2121 Sedes
1855 2075 2085 2121 vacet».
2151 2060 2244 2120 De
2279 2061 2494 2122 eadem
2530 2080 2677 2122 vero
2707 2060 3066 2140 gravissima

450 2185 511 2225 re
545 2184 757 2226 rursus
789 2180 1038 2245 agentes
1073 2165 1134 2226 in
1167 2167 1352 2226 altera
1387 2166 1851 2230 Constitutione
1884 2166 2184 2229 diximus:
2243 2167 2452 2228 «Dum
2485 2182 2688 2229 autem
2723 2169 2797 2229 ad
2834 2186 3063 2249 propo-

450 2273 633 2332 situm
687 2272 874 2333 finem
925 2273 1268 2354 expeditius
1314 2274 1773 2354 assequendum
1825 2274 2202 2336 materialem
2252 2272 2601 2352 ConclaviS,
2645 2294 2754 2335 seu
2787 2273 2908 2335 loci
2942 2274 3063 2335 ele·

449 2380 690 2457 edonis,
725 2381 1072 2442 clausuram
1107 2380 1359 2445 relaxari
1394 2380 1824 2462 permittimus,
1858 2382 2302 2461 obligationem
2335 2382 2546 2442 secreti
2582 2381 2862 2444 servandi
2895 2381 2961 2440 in
2992 2380 3065 2441 iis

450 2486 762 2562 omnibus,
799 2506 955 2567 quae
988 2489 1063 2549 ad
1096 2488 1465 2554 electionem
1500 2488 1772 2550 Romani
1809 2487 2120 2550 pontificis
2154 2489 2478 2570 pertinent,
2511 2506 2567 2550 et
2601 2489 2665 2549 in
2699 2488 2790 2564 iis,
2824 2487 3067 2568 quaein

452 2594 766 2670 Conclavi,
799 2614 908 2658 seu
944 2596 1085 2657 loco
1118 2594 1438 2656 electionis
1472 2610 1759 2674 aguntur,
1798 2595 1966 2658 haud
2001 2615 2317 2676 quaquam
2354 2595 2711 2659 relaxamus
2749 2594 2958 2674 ltaque
2990 2612 3066 2654 eo

450 2700 641 2762 modo
692 2717 751 2762 et
803 2700 998 2763 forma
1052 2722 1120 2763 ac
1166 2702 1281 2771 sub
1327 2701 1543 2783 poenis
1575 2724 1609 2762 a
1643 2701 2057 2765 Decessorum
2092 2702 2463 2765 Nostrorum
2498 2700 3067 2764 Constitutionibus

450 2808 693 2869 indictis
740 2808 1147 2890 praecipimus
1195 2808 1422 2870 iterum
1470 2824 1530 2871 et
1564 2810 1956 2888 mandamus,
1992 2824 2060 2870 ut
2091 2825 2397 2873 secretum
2432 2809 2583 2871 illud
2616 2809 3065 2871 accuratissime

450 2930 740 2990 servetur,
773 2930 956 2995 atque
989 2918 1063 2976 ab
1098 2915 1228 2976 aliis
1260 2915 1485 2976 servari
1518 2932 1784 2991 curetur,
1818 2931 1876 2976 et
1909 2915 2164 2996 quidem
2196 2936 2272 2976 eo
2305 2916 2542 2978 cautius
2574 2931 2634 2977 et
2665 2916 2909 2989 arctius,
2932 2936 3062 2996 quo

448 3021 689 3100 gravior
720 3043 785 3084 se
819 3022 1023 3103 prodit
1056 3037 1412 3103 temporum
1447 3021 1792 3084 difficultas.
1842 3023 1909 3084 In
1943 3023 2157 3105 primis
2188 3038 2396 3086 autem
2429 3043 2764 3087 monemus
2796 3039 2855 3087 et
2888 3022 3064 3084 enixe

453 3129 515 3189 in
554 3129 830 3191 Domino
864 3131 1260 3190 obsecramus
1294 3130 1673 3210 Cardinales‚
1726 3146 1792 3191 ut
1838 3131 1914 3191 ad
1949 3131 2316 3194 electionem
2350 3132 2687 3211 procedant
2720 3130 2887 3193 nulla
2924 3150 3067 3212 pro-

452 3237 746 3316 pensione
778 3236 970 3297 animi
1006 3236 1101 3297 vel
1134 3236 1452 3298 aversione
1485 3238 1803 3313 commoti,
1836 3237 2068 3300 nullius
2100 3236 2370 3299 inclinati
2402 3238 2591 3317 gratia
2612 3254 2716 3299 aut
2736 3237 3066 3319 obsequi0,

453 3362 579 3404 non
610 3343 1047 3405 intercessione
1081 3343 1146 3405 in
1178 3344 1424 3405 saeculo
1458 3343 1804 3424 potentium
1839 3345 2013 3422 moti,
2049 3344 2157 3405 sed
2191 3344 2325 3405 fixis
2358 3344 2420 3405 in
2454 3346 2649 3406 solam
2672 3344 2787 3405 Dei
2808 3345 3069 3425 gloriam

450 3466 507 3510 et
539 3450 846 3513 Ecclesiae
880 3450 1208 3512 utilitatem
1240 3450 1454 3527 oculiS,
1487 3469 1631 3512 eum
1668 3450 1845 3511 citius
1879 3451 2101 3530 eligere
2135 3451 2533 3526 contendant,
2571 3470 2757 3530 quem
2794 3469 2936 3530 prae
2969 3469 3066 3511 ce—

451 3557 609 3635 teris,
662 3556 925 3638 dignum
976 3573 1034 3619 et
1085 3558 1378 3620 sedulum
1428 3557 1692 3619 universi
1740 3557 1942 3636 gregis
1987 3556 2218 3620 Christi
2253 3558 2564 3618 Pastorem
2612 3555 2888 3619 futurum
2938 3575 3068 3619 esse

453 3664 984 3729 existimaverint».

667 3773 940 3832 Demum
988 3771 1198 3851 quoad
1246 3789 1503 3832 sensum
1549 3785 1607 3831 et
1646 3769 2214 3850 interpretationem
2245 3768 2778 3833 Constitutionum
2815 3770 3066 3831 Nostra—

451 3897 610 3955 rum,
647 3895 976 3959 postquam
1011 3877 1443 3957 derogationes
1475 3898 1509 3938 a
1544 3876 1742 3940 Nobis
1780 3876 1966 3937 factas
2000 3876 2459 3956 explicavimus,
2496 3892 2551 3936 et
2584 3895 2744 3955 quae
2779 3876 3069 3955 derogata

405 3980 409 3984 ’
451 4003 582 4045 non
617 3984 856 4045 fuerant
886 3986 1542 4059 commemoravimus,
1595 3985 1658 4045 in
1693 3982 1898 4064 priore
1933 3982 2396 4048 Constitutione
2431 3982 2730 4046 diximus:
2775 3981 2877 4043 «Si
2910 4001 3069 4062 quae

451 4109 596 4153 vero
646 4092 709 4152 in
757 4093 877 4153 hoc
923 4111 1169 4173 genere,
1214 4093 1340 4153 sive
1389 4110 1574 4173 super
1619 4110 2026 4172 quocumque
2076 4090 2196 4151 alio
2232 4090 2490 4152 Nostrae
2525 4088 2713 4167 hujus
2747 4088 3070 4151 Constitu-

451 4196 632 4259 tionis
665 4197 859 4279 capite
891 4199 1080 4261 dubia
1114 4199 1484 4278 exoriantur,
1531 4199 1676 4282 ipsis
1710 4198 2145 4265 Cardinalibus
2176 4200 2419 4281 plenam
2455 4197 2784 4261 tribuimus
2819 4197 3070 4259 faculta-

451 4320 592 4383 tem,
644 4325 768 4386 qua
802 4307 1096 4371 Nostram
1130 4308 1655 4370 Constitutionem
1692 4307 2098 4389 interpretari,
2148 4327 2216 4367 ac
2250 4305 2437 4367 dubia
2470 4304 2597 4386 ipsa
2630 4305 2933 4371 declarare
2966 4325 3070 4365 va-

451 4412 632 4474 leant.
699 4412 844 4487 Qua
878 4414 1134 4493 quidem
1168 4414 1231 4475 in
1265 4434 1326 4477 re
1360 4416 1904 4496 quemadmodum
1937 4415 1997 4477 in
2031 4413 2302 4495 reliquis,
2338 4412 2413 4475 de
2449 4412 2679 4494 quibus
2711 4412 2786 4475 ad
2809 4413 3071 4475 Nostrae

451 4517 639 4595 hujus
686 4520 1142 4583 constitutionis
1187 4522 1444 4587 tramitis
1490 4522 1646 4584 circa
1694 4521 2013 4585 electionis
2063 4521 2385 4601 negotium
2434 4518 2743 4601 (exempto
2776 4520 3072 4582 nimirum

451 4625 586 4706 ipso
635 4627 953 4693 electionis
1000 4630 1160 4705 actu)
1210 4629 1544 4689 deliberare
1592 4629 1924 4707 contingat,
1979 4628 2120 4689 satis
2157 4628 2420 4690 omnino
2451 4628 2580 4704 erit,
2613 4629 2662 4690 si
2696 4626 2890 4705 major
2923 4647 3071 4689 con-

451 4750 864 4813 gregatorum,
898 4750 968 4797 ut
999 4755 1205 4817 supra,
1232 4735 1660 4798 Cardinalium
1696 4757 1833 4817 pars
1868 4736 1929 4799 in
1965 4736 2246 4796 eamdem
2281 4734 2640 4799 sententiam
2663 4733 3068 4796 consentiat».

451 4842 518 4902 ln
567 4843 749 4903 altera
798 4862 944 4904 vero
978 4842 1439 4905 Constitutione
1489 4842 1906 4904 decrevimus:
1963 4843 2194 4903 «solius
2241 4862 2372 4904 esse
2408 4841 2827 4905 Cardinalium
2862 4840 3070 4902 Colle-

449 4949 552 5027 gii,
585 4966 691 5010 aut
726 4948 977 5027 majoris
1010 4949 1143 5027 ejus
1178 4951 1383 5032 partis,
1422 4966 1480 5012 et
1516 4970 1647 5011 non
1682 4950 1969 5025 aliorum,
2002 4949 2275 5029 judicare
2309 4951 2384 5012 de
2419 4948 2792 5025 necessitate,
2840 4967 3073 5030 oppor-
