3684 5416
591 1618 640 1651 ¹0

592 2164 635 2209 ι5

590 2902 642 2934 20

590 3477 638 3522 ²5

591 4121 643 4164 30

589 4658 639 4703 ‘35

685 356 720 411 6
733 373 794 426 ¹4
1861 364 2124 420 Parochi.

1184 591 1311 648 258.
1370 594 1800 651 concaluit
1838 596 2286 653 AGATHENSE
2325 599 2494 668 (hab.
2531 616 2589 655 a.
2627 602 2783 670 508).

1367 754 1415 791 e.
1456 755 1538 791 21.
1580 762 1648 785 =
1686 756 1734 792 c.
1775 757 1802 811 3
1812 758 1859 808 5.
1899 741 1965 792 de
2001 744 2424 795 consecratione.
2468 743 2536 796 D.
2583 744 2619 800 1.

901 876 931 908 ¹*
983 877 1195 950 Corpus
1243 882 1350 933 iur.
1389 897 1508 932 can.
1550 881 1638 935 ed.
1694 880 2140 954 Friedberg,
2192 884 2363 938 Torn.
2404 885 2444 938 1.
2484 884 2590 940 col.
2640 904 2787 960 ¹30²·
2865 888 3136 951 BrunS,
3199 889 3308 940 Ca-

689 973 852 1009 nones
886 958 1071 1028 Apost.
1110 966 1167 1013 et
1201 961 1404 1013 Concil.
1443 961 1617 1016 Tom.
1657 962 1720 1015 ΙΙ.
1760 979 1813 1033 p.
1865 980 1974 1033 ¹50·
2038 964 2184 1018 Hef
2193 964 2335 1027 ele,
2377 966 2976 1037 Conciliengesclu'chte.
3016 969 3191 1024 Tom.
3236 970 3311 1023 11.

690 1052 744 1106 p·
783 1038 905 1108 654

728 1173 842 1249 Qui
868 1188 1025 1230 extra
1054 1176 1382 1248 parrochias
1409 1178 1625 1233 habent
1654 1179 1924 1251 oratoria,
1951 1179 2036 1234 his
2066 1180 2267 1235 diebus
2295 1182 2364 1234 ad
2393 1180 2721 1252 parrochias
2750 1183 2933 1238 redire
2962 1196 3263 1255 cogantur.

1797 1264 1982 1325 (Decr.
2027 1264 2217 1329 Grat.)

905 1386 969 1448 Si
1015 1388 1156 1468 quis
1189 1388 1371 1450 etiam
1404 1405 1564 1451 extra
1598 1391 1968 1472 parrochias,
2001 1392 2061 1453 in
2095 1392 2321 1473 quibus
2351 1393 2662 1472 legitimus
2695 1411 2782 1456 est
2816 1396 3296 1478 ordinariusque

693 1510 1061 1572 conuentus,
1109 1495 1449 1557 oratorium
1495 1499 1719 1559 habere
1767 1499 2057 1576 uoluerit,
2106 1500 2359 1581 reliquis
2393 1500 2841 1577 festiuitatibus,
2876 1516 2943 1562 ut
2974 1501 3057 1561 ibi
3089 1503 3312 1564 missas

692 1601 915 1680 audiat,
950 1617 1200 1682 propter
1234 1603 1651 1684 fatigationem
1687 1605 1946 1667 familiae
1982 1606 2143 1668 iusto
2178 1608 2394 1669 ordine
2429 1608 2856 1689 permittimus,
2915 1609 3096 1669 Pasca
3133 1629 3312 1689 uero,

692 1707 907 1769 Natale
939 1708 1209 1785 Domini,
1260 1710 1690 1791 Epiphaniam,
1740 1713 2183 1775 Ascensionem
2233 1713 2508 1788 Domini,
2555 1716 2959 1776 Pentecosten
2994 1732 3055 1775 et
3085 1716 3304 1777 Natale

694 1815 753 1877 S.
786 1815 1076 1876 Iohannis
1108 1817 1432 1897 Baptistae,
1464 1835 1520 1878 et
1553 1820 1602 1879 si
1636 1839 1759 1900 que
1792 1821 2096 1881 maximae
2128 1821 2258 1883 dies
2289 1822 2353 1883 in
2376 1820 2802 1883 festiuitatibus
2827 1822 3152 1898 habentur,
3177 1844 3308 1884 non

695 1922 811 1983 nisi
857 1922 921 1984 in
966 1922 1315 1985 ciuitatibus
1362 1940 1467 1987 aut
1508 1926 1571 1987 in
1601 1927 1940 2007 parrochiis
1973 1928 2237 1989 audiant.
2302 1929 2525 1991 Clerici
2559 1948 2733 2006 uero,
2770 1929 2819 1989 si
2854 1929 2963 2009 qui
2997 1929 3060 1990 in
3093 1930 3186 1990 his
3223 1930 3308 1991 fe—

692 2029 1078 2107 stiuitatibus,
1127 2051 1281 2112 quas
1327 2051 1511 2114 supra
1563 2033 1833 2094 diximus
1881 2034 1944 2095 in
1978 2035 2258 2095 oratoriis
2290 2036 2426 2110 (nisi
2458 2035 2710 2096 iubente
2757 2052 2867 2097 aut
2915 2036 3309 2116 permittente

694 2138 1007 2221 episcopo)
1042 2140 1255 2202 missas
1285 2141 1590 2203 celebrare
1624 2143 1952 2219 noluerint,
1984 2164 2018 2203 a
2049 2144 2500 2205 communione
2531 2142 2858 2225 pellantur.

1135 2420 1262 2475 259.
1314 2421 1739 2478 CONCILIUM
1778 2422 2377 2479 AURELIANENSE.
2416 2422 2586 2492 (hab.
2626 2439 2682 2478 ιι.
2721 2423 2876 2492 511).

1374 2601 1419 2637 c.
1462 2600 1546 2655 27.
1585 2607 1651 2629 ιτ.
1693 2602 1740 2638 c.
1782 2603 1829 2655 5.
1869 2587 1935 2637 cle
1971 2588 2391 2639 consecratione.
2433 2586 2501 2639 D.
2541 2585 2629 2638 111.

912 2724 938 2752 ‘
994 2725 1204 2796 Corpus
1242 2728 1349 2779 ίαν.
1389 2743 1511 2778 can.
1553 2726 1640 2780 ed.
1696 2724 2142 2796 Friedberg,
2197 2728 2368 2782 Tom.
2408 2728 2471 2784 11.
2511 2726 2618 2781 col.
2668 2743 2816 2798 ¹354·
2881 2727 3158 2795 Bruns,
3200 2726 3309 2779 Ca-

698 2822 860 2859 nones
895 2808 1078 2878 Apost.
1118 2812 1174 2860 et
1208 2807 1369 2861 Cone.
1411 2808 1584 2878 Torn.
1624 2807 1686 2861 ΙΙ.
1738 2825 1792 2878 p.
1842 2808 1954 2878 165.
2029 2807 2175 2862 Hes
2185 2807 2327 2877 ele,
2382 2808 2979 2878 Conct'lt'engesshiclttc.
3020 2807 3205 2861 Tom.
3246 2807 3310 2860 11.

699 2902 752 2955 p·
794 2893 914 2955 ΟΜ.
1073 2959 1196 3012 Hos
1225 2958 1343 3012 dies
1372 2957 1589 3012 ciuibus
1616 2957 1670 3013 in
1701 2957 1831 3013 uilla
1858 2958 2146 3014 celebrare
2174 2977 2292 3015 non
2321 2959 2463 3015 licet.
2506 2963 2691 3026 (Decr.
2736 2960 2930 3024 (ἕκητί.)

909 3075 1079 3134 Nulli
1126 3076 1359 3136 ciuium
1407 3095 1709 3158 umquam
1742 3078 1985 3156 Pascae,
2034 3078 2266 3138 Natalis
2300 3077 2574 3154 Domini,
2622 3079 2722 3139 uel
2769 3077 3304 3159 Quadragesimae

696 3180 1192 3263 solempnitatem
1239 3182 1300 3242 in
1349 3182 1493 3243 uilla
1526 3182 1701 3244 liceat
1732 3183 2056 3253 celebrare,
2089 3182 2207 3242 nisi
2238 3202 2431 3264 quern
2463 3183 2786 3244 infirmitas
2821 3183 3179 3264 probabitur
3216 3198 3305 3243 te-

697 3287 924 3349 nuisse.

1119 3459 1249 3514 260.
1288 3458 1703 3515 concumbi
1742 3457 2243 3514 BRACARENSE
2278 3459 2367 3513 ΙΙ.
2408 3458 2579 3527 (hab.
2622 3472 2680 3512 a.
2719 3457 2873 3526 572).

1579 3619 1627 3656 c·
1676 3621 1715 3656 1.
1756 3626 1824 3648 =
1865 3619 1910 3656 c.
1960 3620 2035 3656 12.
2078 3602 2143 3660 C.
2183 3602 2250 3655 X.
2293 3618 2347 3672 q.
2389 3601 2427 3654 1.

909 3738 936 3767 ¹·
992 3738 1204 3807 Corpus
1243 3739 1345 3790 ίαν.
1386 3753 1505 3790 can.
1547 3735 1633 3789 ed.
1674 3734 2111 3805 Friedberg.
2152 3736 2326 3789 Tom.
2366 3735 2403 3788 1.
2443 3733 2700 3803 col.6¹5.
2741 3734 3016 3800 Bruns,
3059 3734 3308 3786 Canones

692 3819 878 3889 Apost.
918 3824 971 3870 et
1007 3819 1168 3872 Conc-
1209 3819 1380 3872 Tom.
1421 3817 1482 3870 11.
1524 3833 1577 3887 p.
1622 3834 1702 3888 39.
1767 3814 1914 3869 Hes
1925 3816 2071 3884 ele,
2113 3813 2706 3885 Conciliengesclnklete.
2747 3813 3036 3867 Tom.111.
3077 3831 3128 3884 p.
3160 3830 3241 3883 29.

911 3962 1039 4029 Que
1068 3958 1358 4015 uisitantes
1387 3958 1643 4031 episcopi
1669 3979 1698 4013 a
1727 3959 1942 4014 clericis
1969 3958 2084 4014 suis
2112 3958 2407 4030 exquirere
2436 3957 2665 4011 debent.
2704 3959 2891 4022 (Desr.
2937 3958 3130 4014 Grat.)

910 4100 1141 4162 Placuit
1191 4100 1486 4161 omnibus
1533 4100 1855 4181 episcopis,
1904 4117 1972 4161 ut
2019 4119 2125 4184 per
2172 4099 2443 4178 singulas
2489 4098 2768 4159 ecclesias
2803 4095 3076 4176 episcopi
3109 4111 3165 4155 et
3198 4115 3310 4175 per

695 4207 967 4268 dioceses
1000 4207 1382 4268 ambulantes
1405 4206 1678 4287 primum
1710 4206 2036 4268 discutiant
2067 4205 2338 4278 clericos,
2373 4204 2696 4284 quomodo
2718 4203 3001 4264 ordinem
3019 4202 3306 4283 baptismi

696 4328 943 4374 teneant
991 4314 1093 4374 uel
1140 4312 1485 4390 missarum,
1535 4329 1592 4374 et
1639 4314 1899 4394 qualiter
1944 4332 2343 4395 quecumque
2392 4311 2582 4372 offitia
2618 4312 2680 4371 in
2714 4310 2965 4371 ecclesia
2997 4325 3309 4390 peragant.

697 4421 771 4481 Et
816 4421 866 4481 si
913 4436 1067 4481 recte
1101 4420 1356 4500 quidem
1390 4419 1755 4500 inuenerint,
1793 4421 1929 4481 Deo
1961 4420 2211 4501 gratias3
2263 4418 2358 4480 sin
2391 4435 2595 4479 autem
2628 4416 2901 4495 minime,
2941 4417 3168 4477 docere
3200 4416 3303 4476 de-

695 4531 838 4591 bent
871 4527 1139 4609 ignarOS,
1172 4543 1230 4587 et
1262 4528 1382 4587 hoc
1418 4527 1620 4587 modis
1653 4527 1943 4588 omnibus
1977 4525 2306 4606 precipere,
2341 4525 2498 4585 sicut
2517 4524 2751 4605 antiqui
2775 4524 3306 4599 canonesiubent,

696 4652 762 4696 ut
793 4651 934 4697 ante
966 4633 1094 4695 dies
1127 4633 1346 4714 uiginti
1379 4633 1663 4715 baptismi
1694 4634 1771 4695 ad
1804 4632 2235 4715 purgationem
2267 4632 2588 4693 exorcismi
2610 4630 3025 4692 cathecumini
3048 4646 3310 4704 currant,

694 4743 757 4804 in
791 4743 1020 4825 quibus
1053 4740 1277 4822 uiginti
1312 4741 1529 4801 diebus
1562 4740 1821 4801 omnino
1856 4738 2262 4802 cathecumini
2295 4739 2674 4821 symbolum,
2723 4739 2894 4818 quod
2931 4753 3018 4799 est
3058 4737 3303 4800 «Credo

694 4851 755 4912 in
808 4852 1010 4911 Deum
1065 4850 1304 4910 Patrem
1355 4847 1909 4929 omnipotentem»,
1960 4846 2302 4929 specialiter
2352 4847 2703 4908 doceantur.
2766 4847 3106 4926 Postquam
3164 4864 3312 4924 ergo

695 4958 816 5016 hoc
864 4974 1012 5017 suos
1061 4955 1313 5016 clericos
1365 4954 1757 5016 discusserint
1803 4955 1904 5016 uel
1949 4955 2272 5016 docuerint
2317 4954 2610 5036 episcopi,
2660 4954 2773 5015 alia
2808 4954 2924 5033 die,
2960 4969 3307 5015 conuocata
