3684 5416
1027 391 1292 446 Potestas
1330 391 1710 446 ecclesiastica
1753 405 1809 446 et
1848 390 2153 463 imperium
2182 390 2361 446 civile.
2898 390 2984 444 ¹81

380 573 562 634 vab0.
645 572 726 653 [4]
767 574 842 634 Et
875 574 959 635 do
994 589 1204 634 veram
1240 591 1449 655 pacem
1484 575 1745 636 domino
1779 594 1969 656 papae
2002 575 2241 636 Calixto
2272 590 2641 655 sanctaeque
2677 575 2995 636 Romanae

381 680 710 741 aecclesiae
746 697 803 741 et
833 680 1130 742 omnibus
1163 681 1269 761 qui
1302 681 1363 741 in
1396 697 1563 762 parte
1597 681 1787 763 ipsius
1819 698 1967 766 sunt
1996 681 2093 742 vel
2125 680 2392 742 fuerunt.
2443 679 2523 761 [5]
2566 682 2639 743 Et
2670 681 2731 742 in
2768 681 2994 761 quibus

381 803 590 848 sancta
626 789 905 850 Romana
954 787 1243 848 aecclesia
1291 787 1586 849 auxilium
1623 787 2039 870 postulaverit,
2074 788 2332 850 fideliter
2363 788 2589 849 iuvabo
2641 805 2716 862 et,
2748 789 2823 850 de
2857 789 2995 869 qui-

383 898 502 957 bus
550 896 700 956 mihi
749 896 958 958 fecerit
1004 895 1480 976 querimoniam,
1514 896 1783 957 debitam
1817 896 1930 957 sibi
1965 896 2179 957 faciam
2215 894 2520 957 iustitiam.
2585 897 2753 957 Haec
2783 896 2994 957 omnia

295 1030 318 1072 5
384 1021 514 1064 acta
560 1019 705 1065 sunt
751 1021 1059 1065 consensu
1092 1017 1151 1064 et
1184 1003 1444 1065 consilio
1477 1003 1825 1084 principum
1858 1021 2131 1083 quorum
2165 1003 2419 1064 nomina
2450 1004 2785 1084 subscripta
2818 1020 2994 1065 sunt:

267 1566 323 1596 10

266 2206 316 2249 ¹5

265 2744 325 2775 20

268 3275 326 3318 25

276 4060 341 4104 30

282 4458 341 4503 35

383 1109 757 1173 Adelbertus
801 1111 1299 1193 archiepiscopus
1345 1111 1775 1190 Mogentiana,
1830 1109 1893 1173 F.
1928 1109 2319 1172 Coloniensis
2364 1111 2877 1193 archiepiscopus,
2912 1105 2993 1172 H.

387 1217 856 1279 Ratisbonensis
904 1218 1250 1299 episcopus,
1315 1217 1390 1279 Ο.
1423 1217 1956 1297 Bauenbergensis
1993 1217 2337 1298 episcopus,
2397 1217 2465 1278 B.
2504 1216 2809 1298 Spirensis
2839 1217 2996 1298 epis-

384 1342 600 1404 copus,
633 1325 709 1385 H.
743 1325 1175 1404 Augustensis,
1212 1326 1286 1388 G.
1307 1324 1730 1402 Traiectensis‚
1764 1324 1839 1389 Ο.
1873 1324 2389 1402 Constanciensis,
2424 1325 2491 1385 E.
2514 1327 2699 1384 abbas
2729 1323 2997 1385 Wlden-

385 1434 488 1505 sis,
525 1432 850 1495 Heinricus
882 1434 1023 1510 dux,
1058 1433 1399 1496 Fridericus
1431 1434 1575 1512 dux,
1628 1432 1689 1496 S.
1724 1434 1869 1508 dux,
1905 1433 2210 1495 pertolfus
2255 1433 2398 1510 dux,
2432 1433 2709 1494 marchio
2742 1431 2999 1513 Teipol·

384 1542 524 1617 dus,
579 1541 855 1602 marchio
908 1541 1330 1620 Engelbertus‚
1384 1540 1765 1603 Godefridus
1814 1541 2143 1618 Palatinus,
2206 1540 2355 1602 Otto
2411 1540 2718 1603 Palatinus
2765 1556 2997 1616 comes,

386 1648 780 1726 Beringarius
813 1667 1038 1710 comes.

601 1756 643 1828 †
691 1755 825 1833 Ego
858 1755 905 1815 F
908 1756 1203 1818 ridericus
1236 1756 1633 1819 Coloniensis
1679 1756 2177 1838 archiepiscopus
2224 1770 2282 1817 et
2311 1754 2874 1817 archicancellarius
2907 1774 3000 1815 re-

385 1862 678 1939 cognovi.
747 1859 803 1940 [1.
835 1880 883 1922 c.
917 1880 1049 1943 pag.
1097 1863 1478 1944 159—160.]

764 2035 1262 2107 Privilegium
1299 2035 1723 2092 Pontificis
1763 2034 2419 2107 [Jaffe2Wattenbaclu
2456 2036 2740 2107 n.6986.].

571 2186 704 2266 Ego
735 2173 1010 2249 Calixtus
1048 2187 1374 2268 episcopus
1406 2203 1616 2247 servus
1646 2203 1967 2247 servorum
2002 2184 2117 2244 Dei
2149 2183 2255 2245 tibi
2288 2183 2512 2245 dilecto
2544 2182 2674 2244 filio
2708 2183 3001 2245 Heinrico

390 2293 505 2355 Dei
538 2293 730 2372 gratia
763 2296 1197 2354 Romanorum
1229 2293 1579 2374 imperatori
1599 2306 1866 2373 augusto
1887 2292 2184 2368 concedo,
2219 2290 2550 2352 electiones
2571 2288 3000 2370 episcoporum

389 2417 448 2460 et
482 2403 772 2462 abbatum
793 2400 1127 2462 Teutonici
1164 2401 1357 2480 regni,
1393 2400 1501 2481 qui
1533 2402 1609 2461 ad
1645 2417 1909 2479 regnum
1942 2398 2263 2481 pertinent,
2299 2398 2362 2458 in
2396 2396 2696 2478 presentia
2715 2410 2820 2457 tua
2854 2395 3003 2473 fieri,

389 2510 626 2587 absque
672 2508 957 2589 symonia
1004 2524 1063 2568 et
1103 2507 1306 2588 aliqua
1338 2506 1662 2579 violentia;
1715 2521 1784 2568 ut
1815 2506 1865 2567 si
1898 2525 2021 2586 qua
2054 2505 2213 2567 inter
2244 2520 2441 2586 partes
2471 2502 2776 2564 discordia
2808 2521 3005 2564 emer-

390 2615 555 2692 serit,
604 2614 1057 2695 metropolitani
1106 2629 1166 2676 et
1209 2614 1827 2697 comprovincialium
1874 2613 2134 2675 consilio
2166 2612 2264 2673 vel
2295 2611 2546 2687 iudicio,
2594 2609 2820 2672 saniori
2854 2610 3003 2691 parti

391 2712 715 2785 assensum
750 2739 808 2784 et
843 2722 1140 2785 auxilium
1186 2724 1493 2804 praebeas.
1561 2722 1802 2783 Electus
1840 2736 2045 2783 autem
2100 2720 2341 2800 regalia,
2391 2738 2497 2801 per
2541 2734 2851 2799 sceptrum
2884 2738 2917 2777 a
2948 2732 3007 2778 te

393 2830 644 2912 recipiat
689 2846 746 2892 et
792 2850 952 2910 quae
998 2850 1069 2891 ex
1117 2829 1211 2891 his
1256 2829 1390 2891 iure
1435 2829 1543 2890 tibi
1593 2830 1774 2891 debet
1820 2829 2012 2890 faciat.
2104 2825 2187 2908 [2]
2235 2828 2323 2889 Ex
2368 2827 2497 2888 aliis
2543 2843 2689 2887 vero
2738 2824 3010 2906 partibus

391 2938 636 3019 imperii
682 2952 1068 2999 consecratus
1116 2936 1270 2997 infra
1317 2956 1421 2999 sex
1470 2956 1713 2997 menses
1747 2935 1974 3015 regalia
2009 2954 2118 3017 per
2162 2950 2469 3016 sceptrum
2503 2954 2537 2994 a
2580 2948 2640 2994 te
2673 2930 2921 3014 recipiat
2952 2949 3010 2993 et

392 3065 554 3125 quae
587 3064 660 3105 ex
692 3046 788 3106 his
819 3045 952 3106 iure
983 3045 1090 3104 tibi
1124 3044 1305 3105 debet
1339 3043 1541 3117 facian
1590 3045 1853 3125 exceptis
1895 3045 2192 3107 omnibus
2223 3062 2382 3125 quae
2416 3043 2490 3104 ad
2528 3043 2877 3105 Romanam
2912 3060 3008 3102 ec-

394 3152 639 3214 clesiam
675 3152 977 3234 pertinere
1011 3168 1372 3213 noscuntur.
1439 3149 1523 3231 [3]
1559 3152 1651 3212 De
1684 3152 1914 3232 quibus
1946 3168 2092 3213 vero
2126 3151 2278 3213 mihi
2312 3150 2765 3231 querimoniam
2800 3148 3012 3210 feceris

395 3275 453 3322 et
500 3259 794 3321 auxilium
832 3259 1257 3340 postulaveris,
1293 3258 1636 3319 secundum
1672 3257 1862 3320 officii
1895 3259 2017 3319 mei
2065 3258 2342 3320 debitum
2373 3257 2666 3318 auxilium
2701 3256 2807 3317 tibi
2840 3273 3013 3336 prae-

393 3370 587 3429 stabo.
666 3364 747 3446 [4]
800 3367 898 3428 Do
945 3366 1054 3427 tibi
1099 3386 1303 3428 veram
1340 3384 1551 3447 pacem
1585 3380 1643 3425 et
1676 3366 1970 3427 omnibus
2002 3365 2110 3446 qui
2144 3365 2207 3426 in
2241 3380 2408 3446 parte
2439 3379 2543 3424 tua
2575 3379 2718 3424 sunt
2749 3363 2845 3423 vel
2879 3362 3012 3423 fue-

394 3492 541 3538 runt
571 3491 848 3556 tempore
882 3474 1069 3535 huius
1101 3474 1456 3536 discordiae.
1522 3472 1580 3552 [1.
1613 3493 1665 3535 c.
1702 3491 1837 3553 pag.
1887 3471 2265 3551 160—161.]

613 3764 706 3822 54.
747 3763 1056 3820 PAGTL‘M
1090 3762 1466 3818 VERETL'M
1505 3761 2004 3830 (PRIDEMCUS
2045 3762 2121 3833 1.,
2163 3760 2620 3817 ALEXANBER
2665 3760 2808 3828 111.)

617 3954 648 3987 ¹¹¹
683 3955 832 4006 Mon.
873 3954 1070 4009 Germ.
1098 3954 1303 4022 Legum
1331 3954 1467 4005 Sect.
1499 3953 1588 4006 IV.
1605 3972 1629 4016 ,·
1667 3951 2084 4005 Constitutiones
2120 3951 2528 4022 imperatorum.
2568 3947 2740 4001 Tom.
2769 3947 2805 4001 1.
2833 3965 2886 4018 p.
2918 3947 3016 4019 362

399 4050 522 4105 seq.
551 4031 625 4087 Si
643 4050 733 4104 go
752 4032 820 4087 ni
840 4052 872 4087 u
893 4051 918 4087 s
938 4074 951 4096 ‚
991 4034 1074 4087 De
1105 4049 1279 4103 regno
1305 4033 1512 4086 Italiae.
1542 4030 1629 4085 ed.
1660 4031 1695 4084 I.
1723 4028 1980 4085 Venetiis
2017 4047 2031 4082 1
2046 4047 2161 4101 574.
2192 4045 2245 4100 p.
2274 4046 2394 4100 545.
2421 4028 2593 4083 Tom.
2623 4029 2659 4083 1.
2689 4044 2742 4099 p.
2771 4029 2871 4101 362
2900 4044 3019 4099 seq.

401 4111 488 4168 Gi
505 4130 537 4167 e
555 4131 580 4167 s
598 4129 629 4167 e
648 4117 682 4168 b
701 4131 729 4167 r
744 4131 775 4167 e
794 4129 824 4169 c
842 4115 878 4168 h
898 4126 920 4167 t
939 4154 951 4176 ‚
979 4113 1254 4167 Deutsche
1280 4114 1595 4183 Kaiserzeit.
1635 4113 1810 4166 Tom.
1837 4110 1906 4163 V.
1950 4127 2003 4180 p.
2050 4108 2158 4179 844
2180 4126 2299 4180 seq.
2353 4110 2399 4163 R
2416 4124 2447 4162 e
2462 4121 2586 4163 ute
2602 4126 2630 4162 r
2645 4150 2658 4173 ‚
2695 4109 3023 4163 Geschichte

401 4195 748 4250 Alexanders
801 4196 894 4249 III.
933 4196 1049 4248 und
1095 4195 1196 4251 der
1236 4194 1437 4248 Kirche
1473 4194 1652 4247 seiner
1689 4195 1818 4249 Zeit.
1897 4190 2135 4262 Leipzig
2183 4189 2473 4258 1860-64.
2513 4191 2687 4245 Tom.
2715 4189 2799 4244 111.
2838 4207 2891 4262 p.
2920 4189 3013 4245 281

401 4291 567 4345 seqq.
635 4274 672 4326 S
693 4290 721 4327 c
739 4273 776 4326 h
793 4290 823 4326 e
843 4272 870 4326 f
881 4272 909 4327 f
918 4290 948 4326 e
966 4290 992 4325 r
1019 4304 1035 4311 -
1054 4274 1099 4326 Β
1119 4289 1155 4326 o
1173 4272 1190 4327 i
1207 4290 1235 4326 c
1253 4273 1290 4326 h
1309 4289 1344 4326 ο
1364 4290 1389 4325 ι·
1404 4290 1429 4326 s
1448 4285 1468 4325 t
1486 4313 1498 4336 ‚
1559 4274 1760 4327 Kasser
1795 4270 2107 4326 Friedrichs
2144 4273 2332 4342 Ietzter
2370 4272 2542 4325 Streit
2572 4273 2673 4325 mit
2705 4271 2805 4323 der
2844 4270 3023 4324 Curie.

403 4354 597 4408 Berlin
633 4351 778 4407 1866.
858 4351 1093 4423 Vigna
1115 4350 1199 4416 ti,
1255 4353 1436 4407 Storr‘a
1474 4353 1824 4422 diplomatica
1861 4350 2004 4404 della
2042 4351 2192 4421 Lega
2228 4351 2550 4405 Lombarda.
2625 4349 2839 4405 Milano
2878 4349 3023 4407 1866.

404 4435 563 4489 Keh
582 4452 638 4497 r,
679 4436 796 4488 Der
845 4436 1084 4505 Vertrag
1133 4450 1233 4488 von
1273 4436 1498 4503 Anagm'
1543 4436 1618 4487 im
1655 4432 1832 4502 Jahre
1878 4433 2013 4501 1176
2064 4431 2147 4498 (in
2173 4432 2306 4485 Neu.
2347 4432 2548 4486 Archiv
2582 4434 2683 4487 der
2719 4432 3023 4487 Gesellsch.

385 4517 511 4587 fiir
535 4517 632 4569 alt.
659 4515 916 4569 deutsche
941 4515 1465 4570 Geschichtskunde.
1506 4514 1645 4569 XIII.
1675 4531 1730 4584 p.
1759 4530 1927 4585 74-1
1951 4513 2054 4575 18.)
2081 4529 2134 4583 p.
2171 4530 2364 4580 114-1
2384 4514 2459 4568 18.
2490 4513 2715 4568 Pactum
2754 4515 3023 4568 Venetam.

407 4597 458 4651 C
474 4595 488 4649 i
506 4613 543 4667 p
559 4596 627 4651 ol
643 4594 659 4649 l
677 4613 725 4657 a,
765 4598 841 4650 La
867 4598 1194 4650 cancelleria
1220 4614 1249 4648 e
1274 4598 1328 4648 la
1355 4597 1713 4666 dzplomatica
1730 4596 2017 4666 pontificia
2037 4595 2108 4646 da
2132 4595 2185 4646 S.
2205 4595 2398 4648 Sirt'm'o
2416 4613 2448 4647 α
2471 4595 2735 4648 Celeste'no
2755 4595 2845 4647 III.
2878 4610 3024 4665 ¹902·

637 4764 684 4805 1.
748 4743 1062 4806 Dominus
1109 4743 1441 4823 imperator
1473 4741 1859 4818 F(ridericus)
1904 4741 2063 4803 sicut
2110 4740 2437 4802 dominum
2485 4760 2705 4822 papam
2740 4740 3029 4817 A(lexan-
3107 4772 3114 4781 ·

408 4853 615 4928 drum)
666 4851 728 4912 in
761 4851 1137 4913 catholicum
1170 4866 1229 4911 et
1265 4850 1676 4910 universalem
1714 4867 1942 4929 papam
1975 4848 2218 4929 recepit,
2248 4848 2327 4908 ita
2360 4848 2415 4908 ei
2448 4848 2716 4909 debitam
2747 4865 3026 4907 reveren·

289 4985 350 5024 40
408 4958 560 5019 tiam
594 4958 919 5037 exhibebit,
955 4959 1109 5020 sicut
1145 4957 1426 5018 catholici
1462 4956 1559 5018 sui
1593 4972 2011 5017 antecessores
2042 4956 2170 5016 suis
2203 4954 2513 5015 catholicis
2546 4953 3029 5014 antecessoribus
