3684 5416
564 1510 615 1541 10

565 2169 611 2211 ¹5

558 3342 607 3387 25

556 3881 610 3927 30

554 4414 605 4459 35

672 336 777 408 553
1762 342 2185 412 Metropolitae.

672 520 952 602 quisquis
1002 522 1513 604 metropolitanus
1577 526 1734 588 ultra
1784 544 1905 589 tres
1956 548 2202 591 menses
2253 529 2730 593 consecrationis
2780 552 2925 594 suae
2970 536 3047 596 ad
3104 534 3298 597 fidem

669 646 849 689 suam
899 629 1329 709 exponendam
1384 631 1770 714 palliumque
1818 635 2287 716 suscipiendum
2336 636 2414 696 ad
2463 637 2860 718 apostolicam
2909 641 3122 702 sedem
3156 661 3292 703 non

670 734 920 813 miserit,
970 736 1298 798 commissa
1343 737 1460 799 sibi
1506 739 1800 820 dignitate
1846 758 2061 821 careat,
2109 741 2309 823 sitque
2357 743 2597 805 licentia
2630 745 3115 828 metropolitanis
3146 747 3298 828 aliis,

669 857 807 924 post
852 843 1194 905 secundam
1239 859 1299 905 01
1345 845 1583 907 tertiam
1628 849 2186 911 commonitionem
2232 849 2501 911 uiduatis
2546 851 2814 914 ecclesiis
2853 871 3000 915 cum
3030 854 3296 918 consilio

670 951 942 1015 Romani
975 952 1286 1015 Pontificis
1319 955 1665 1018 ordinando
1697 957 2062 1040 episcopum
2092 959 2446 1021 subuenire.
2527 969 2556 1029 s
2614 982 2663 1023 1.
2716 959 2766 1040 [S
2804 981 2860 1024 2.
2896 961 3089 1024 Cone.
3123 961 3296 1044 Rav.}

669 1059 731 1122 Si
781 1079 933 1121 uero
979 1063 1382 1124 consecrandi
1432 1064 1707 1146 episcopi
1760 1065 2132 1147 negligentia
2178 1067 2555 1148 prouenerit,
2602 1083 2672 1130 ut
2703 1069 2857 1130 ultra
2890 1085 3012 1132 tres
3044 1091 3290 1135 menses

668 1167 921 1229 ecclesia
955 1168 1208 1231 uiduata
1242 1170 1551 1248 consistat,
1583 1173 2031 1234 communione
2067 1174 2363 1254 priuetur,
2416 1193 2746 1255 quousque
2781 1192 2888 1238 aut
2918 1177 3060 1239 loco
3093 1179 3289 1257 cedat,

667 1292 773 1336 aut
817 1295 881 1336 se
929 1278 1424 1338 consecrandum
1458 1277 1679 1340 offerre
1713 1298 1846 1340 non
1878 1279 2136 1342 differat.
2204 1280 2394 1357 Quod
2442 1282 2494 1343 si
2540 1283 2696 1343 ultra
2728 1284 3012 1366 quinque
3045 1306 3288 1349 menses

670 1402 778 1463 per
827 1402 1001 1443 suam
1056 1382 1493 1463 negligentiam
1546 1386 1861 1447 retinuerit
1913 1386 2234 1449 uiduatam
2287 1388 2625 1466 ecclesiam,
2685 1384 2896 1470 neque¹
2938 1392 3039 1470 ibi,
3084 1413 3286 1474 neque

668 1489 811 1550 alibi
844 1490 1319 1551 consecrationis
1353 1492 1590 1554 donum
1631 1494 1942 1576 percipiat,
1979 1495 2108 1556 imo
2139 1497 2593 1578 metropolitani
2625 1497 2721 1558 sui
2754 1498 2985 1561 iudicio
3017 1500 3209 1561 cedat.

1346 1753 1473 1809 222.
1530 1755 1937 1813 JonANNES
1976 1759 2150 1812 XIX.
2189 1757 2623 1829 (lom—1088).

884 1916 912 1945 ⁶
952 1915 1107 1986 Ugh
1126 1915 1290 1980 elli,
1330 1920 1489 1972 Italia
1528 1939 1708 1979 saera.
1751 1920 2004 1975 Venetiis
2051 1937 2204 1991 1725.
2244 1921 2314 1974 Τ.
2344 1920 2411 1973 V.
2438 1922 2547 1976 col.
2572 1939 2830 1994 49.—-50.
2893 1924 3288 1989 Ballerini,

671 2000 753 2050 De
779 1997 1164 2051 patriarcam
1200 2001 1564 2068 .21qut'le1'ensz's
1591 2003 1821 2069 origine.
1851 2001 2084 2055 Verona
2124 2017 2254 2072 ¹7²9
2279 2001 2495 2072 (Opera
2524 2003 2689 2059 Card.
2718 2003 2770 2056 N
2789 2020 2824 2057 o
2842 2002 2961 2057 ris.
3000 2004 3173 2059 Tom.
3196 2005 3289 2063 lv.

679 2096 828 2150 1051,
864 2078 997 2150 1056
1024 2081 1173 2150 seq.)
1225 2079 1274 2133 D
1296 2096 1325 2134 e
1366 2080 1411 2134 R
1429 2098 1465 2134 u
1485 2081 1520 2135 b
1540 2080 1645 2135 eis
1665 2122 1678 2144 ‚
1719 2084 1803 2136 De
1825 2082 2118 2137 schismate
2143 2085 2411 2137 Ecclesiae
2434 2086 2809 2154 Aquilae-asts.
2850 2083 3103 2139 Venetiis
3141 2102 3287 2157 ¹732·

670 2159 744 2212 Id
761 2175 792 2213 e
811 2176 865 2212 m
883 2199 900 2228 ,
938 2161 1294 2213 Monumenta
1332 2162 1603 2214 Ecclesiae
1628 2164 1990 2232 Aquileiensis
2025 2165 2418 2216 commentario
2456 2164 2752 2221 illustrata.
2790 2165 3098 2233 Argentor.
3135 2164 3283 2237 1877.

671 2239 1186 2311 Cappelletti,
1224 2242 1407 2295 Storia
1445 2243 1588 2296 della
1632 2243 1829 2295 Cln'esa
1869 2245 1933 2296 di
1977 2245 2217 2313 Veneria.
2267 2242 2515 2298 Venezia
2550 2243 2699 2315 1845.
2777 2244 2864 2298 De
2903 2245 3285 2312 RenaldiS,

669 2323 941 2375 Memorie
989 2322 1225 2377 storia-he
1276 2323 1370 2374 dei
1416 2327 1502 2376 tre
1555 2326 1737 2377 ultimi
1768 2327 1935 2378 secoli
1968 2325 2059 2377 del
2093 2325 2440 2378 Patriam-ato
2476 2326 2541 2378 di
2571 2327 2840 2395 Aquileia.
2905 2325 3087 2383 Udine
3136 2327 3284 2384 1888.

670 2401 807 2456 Hin
825 2419 850 2455 s
869 2419 897 2455 c
915 2401 1037 2456 hiu
1057 2420 1113 2465 s,
1155 2402 1561 2456 Kt'rchenreeltt.
1602 2404 1778 2457 Tom.
1806 2404 1842 2456 1.
1883 2421 1936 2475 p.
1967 2403 2070 2474 567
2098 2419 2216 2475 seq.

1219 2567 1338 2631 [De
1374 2568 1702 2619 subiectione
1738 2569 1948 2620 insulae
1984 2571 2040 2620 et
2071 2569 2326 2620 eeclesiae
2367 2568 2728 2634 GradensisJ.

1244 2732 1516 2802 Joannes
1565 2738 1879 2816 episcopus
1926 2755 2137 2795 servus
2182 2752 2494 2795 servorum
2541 2734 2687 2794 Dei.

883 2892 1123 2953 Dilecto
1171 2893 1232 2953 in
1265 2893 1513 2955 Christo
1563 2893 1726 2954 fratri
1762 2894 2044 2975 Popponi
2091 2912 2335 2956 sanctae
2369 2892 2781 2975 Aquileiensis
2829 2894 3136 2955 Ecclesiae
3169 2895 3281 2955 Pa-

668 2997 960 3058 triarchae
1008 3014 1365 3079 perpetuam
1412 3000 1692 3061 salutem.
1755 3001 1921 3062 Cum
1972 3020 2194 3080 magna
2229 3001 2409 3063 nobis
2441 3000 2854 3061 sollicitudine
2886 3000 3108 3061 insistit
3141 3020 3284 3062 cura

671 3122 783 3183 pro
831 3103 1129 3165 universis
1176 3106 1464 3167 Ecclesiis
1510 3106 1626 3167 Dei
1673 3127 1741 3167 ac
1788 3106 1904 3188 piis
1949 3108 2103 3169 locis
2149 3107 2463 3186 vigilandi,
2494 3125 2571 3167 ne
2605 3106 2882 3187 aliquam
2913 3108 3284 3169 necessitatis

670 3208 966 3285 jacturam
1012 3211 1372 3291 sustineant,
1420 3214 1527 3274 sed
1574 3213 1769 3294 magis
1817 3213 2101 3295 propriae
2149 3214 2415 3275 utilitatis
2461 3213 2762 3295 stipendia
2808 3229 3283 3295 consequantur.

669 3317 814 3378 ldeo
848 3319 1140 3379 convenit
1172 3337 1288 3380 nos
1318 3335 1445 3381 tota
1480 3320 1703 3381 mentis
1735 3321 2016 3382 aviditate
2051 3321 2395 3382 eorundem
2428 3337 2704 3382 veterum
2737 3320 3026 3382 loce-rum
3058 3321 3282 3383 stabili-

666 3441 852 3487 tatem
905 3446 973 3487 ac
1023 3427 1433 3506 integritatem
1484 3429 1750 3490 maxime
1797 3448 2143 3510 procurare,
2190 3444 2249 3490 et
2299 3428 2520 3489 sedulo
2572 3447 2792 3489 eorum
2839 3427 3182 3507 utilitatem,
3216 3426 3284 3489 ac

666 3533 936 3594 subsidia
970 3533 1089 3595 illic
1123 3537 1499 3615 contrahere,
1531 3551 1599 3596 ut
1622 3537 1756 3597 Deo
1789 3552 2004 3597 nostro
2036 3535 2449 3616 omnipotenti
2484 3535 2564 3611 id,
2596 3536 2765 3615 quod
2803 3553 2916 3615 pro
2937 3533 3069 3612 ejus
3090 3535 3281 3596 sancti

666 3641 941 3702 nominis
994 3642 1233 3702 honore
1285 3657 1342 3703 et
1391 3643 1592 3718 laude,
1642 3659 1827 3724 atque
1874 3642 2066 3721 gloria
2116 3641 2249 3720 ejus
2299 3642 2543 3702 divinae
2576 3641 2902 3720 majestatis
2934 3659 3282 3703 nostrarum

667 3765 873 3807 rerum
921 3746 1285 3808 confirmare
1327 3750 1631 3811 veteribus
1662 3749 1813 3811 locis
1848 3750 1922 3811 sit
1954 3749 2342 3831 acceptabile.
2379 3749 2701 3829 Nobisque
2733 3752 2809 3809 ab
2841 3748 2974 3827 ejus
3004 3750 3280 3832 locuple-

665 3852 894 3914 tissima
943 3854 1376 3934 misericordia,
1429 3857 1611 3937 digna
1646 3856 2033 3934 hujusmodii
2065 3857 2147 3938 pii
2180 3856 2244 3918 in
2279 3856 2529 3917 sidereis
2562 3856 2803 3917 conseri
2833 3876 3011 3919 amor
3042 3857 3282 3918 arcibus

665 3961 1181 4023 remuneratione.
1217 3962 1401 4042 Igitur
1435 3964 1578 4044 quia
1603 3964 1953 4045 postulastis
1984 3984 2017 4024 a
2051 3963 2253 4040 nobiS,
2287 3980 2597 4044 quatenus
2629 3963 3110 4025 patriarchatum
3141 3984 3280 4024 san·-

665 4082 793 4129 ctae
825 4067 1242 4149 Aquilejensis
1288 4070 1591 4132 Ecclesiae
1639 4089 1783 4131 cum
1832 4071 2009 4131 omni
2056 4091 2172 4133 suo
2224 4070 2483 4147 honore,
2533 4084 2716 4150 atque
2750 4068 2875 4130 suis
2908 4069 3282 4151 pertinentiis

663 4188 865 4235 totum
899 4175 960 4236 in
995 4195 1194 4237 unum
1228 4177 1403 4237 vobis
1434 4177 1847 4258 conferamuS,
1897 4178 2071 4240 sicuti
2107 4177 2260 4238 olim
2293 4199 2326 4238 a
2358 4178 2547 4238 Beato
2580 4178 2760 4239 Petro
2795 4176 3076 4258 Principe
3111 4181 3277 4258 Apo·

664 4281 992 4355 stolorum,
1039 4302 1153 4343 nec
1201 4302 1331 4344 non
1366 4285 1669 4364 EugeniO,
1718 4302 1903 4367 atque
1936 4285 2261 4365 GregoriO,
2298 4284 2673 4364 caeterisque
2707 4282 3274 4365 praedecessoribus

665 4391 889 4453 nostris
934 4391 1124 4470 hujus
1156 4395 1553 4474 Apostolicae
1601 4395 1763 4456 sedis
1801 4396 2118 4477 Episcopis
2166 4394 2481 4455 decretum
2530 4407 2637 4454 est.
2701 4391 2980 4453 Inclinati
3013 4409 3279 4471 namque

665 4498 950 4580 precibus
982 4500 1192 4561 vestris
1224 4501 1582 4581 Apostolica
1615 4504 1971 4565 auctoritate
2006 4502 2429 4581 concedimus,
2478 4514 2537 4561 et
2570 4518 2677 4580 per
2710 4496 2898 4576 hujus
2932 4498 3126 4560 nostri
3159 4496 3276 4578 pri·

662 4605 868 4685 vilegii
915 4606 1203 4687 paginam
1250 4607 1697 4671 confirmamus
1729 4611 1906 4672 vobis
1939 4609 2278 4689 vestrisque
2310 4606 2770 4668 successoribus
2802 4605 3280 4667 patriarchatum

662 4730 904 4776 sanctae
939 4712 1358 4795 Aquileiensis
1379 4715 1682 4778 Ecclesiae
1717 4716 1846 4778 fore
1868 4719 2093 4798 Caput,
2128 4732 2188 4778 01
2209 4714 2610 4796 Metropolim
2631 4731 2818 4795 super
2837 4731 3063 4773 omnes
3084 4711 3280 4773 Italiae

661 4821 983 4901 Ecclesias‚
1038 4822 1340 4902 quoniam
1390 4839 1531 4884 ante
1584 4842 1803 4885 omnes
1855 4823 2272 4899 constitutam,
2326 4838 2383 4883 et
2431 4822 2494 4883 in
2544 4820 2665 4882 fide
2696 4819 2928 4881 Christi
2963 4819 3281 4881 fundatam

554 4948 612 4989 4ο
664 4928 849 4989 fuisse
899 4929 1367 5007 cognoscimus:
1418 4941 1601 5010 atque
1635 4930 1928 4991 volumus
1960 4930 2019 4993 S.
2053 4928 2517 5010 Aquileiensem
2554 4929 2617 4989 in
2650 4928 2892 4989 cunctis
2925 4926 3066 4989 fidei
3100 4930 3282 4988 rebus
