3684 5416
580 1544 632 1575 to

580 2078 630 2121 ¹5

572 2612 630 2641 20

570 3679 627 3720 30

684 378 757 432 28
1650 377 1900 431 Ecclesia
1928 375 2338 449 antiquissima.

684 561 787 622 alii
833 561 1142 637 dicuntur,
1191 576 1248 620 et
1295 561 1546 642 proprio
1593 580 1700 622 ore
1746 580 1806 622 et
1853 561 2230 622 mercenaria
2278 561 2679 623 advocatione
2715 576 2976 622 utuntur
3006 561 3082 621 ad
3119 560 3303 622 inno-

685 668 919 730 centiae
988 687 1134 728 suae
1200 667 1834 729 commendationem.
1919 667 2383 748 Respondendi,
2433 666 2765 728 altercandi
2819 666 3071 727 facultas
3122 679 3301 745 patet,

686 774 939 855 quando
975 794 1088 835 nec
1117 773 1292 834 liceat
1325 773 1683 836 indefensos
1714 789 1772 835 et
1805 774 2117 835 inauditos
2150 775 2413 836 omnino
2446 774 2746 835 damnari.
2781 773 2904 834 Sed
2937 772 3303 835 Christianis

685 881 831 942 solis
864 880 1018 941 nihil
1052 879 1417 961 permittitur
1447 879 1622 961 loqui
1656 881 1829 961 quod
1865 900 2118 942 causam
2151 897 2393 962 purget,
2443 880 2616 961 quod
2649 880 2959 941 veritatem
2994 879 3301 953 defendat,

685 988 859 1068 quod
906 987 1174 1049 iudicem
1225 1006 1355 1048 non
1402 986 1580 1047 faciat
1625 986 1944 1061 iniustum,
1990 988 2097 1048 sed
2140 986 2297 1047 illud
2327 987 2531 1048 solum
2569 1003 2919 1068 expectatur
2950 987 3121 1067 quod
3155 987 3302 1048 odio

685 1094 936 1176 publico
961 1093 1375 1154 necessarium
1397 1109 1505 1170 est,
1525 1092 1834 1154 confessio
1856 1093 2151 1171 nominis,
2170 1112 2297 1154 non
2316 1093 2689 1154 examinatio
2706 1091 3005 1154 criminis:
3029 1094 3304 1173 quand0,

682 1201 733 1262 si
766 1203 842 1263 de
874 1201 1088 1281 aliquo
1120 1217 1385 1262 nocente
1424 1202 1827 1281 cognoscatis,
1866 1221 1995 1263 non
2029 1201 2228 1264 statim
2262 1202 2549 1263 confesso
2586 1221 2661 1262 eo
2695 1219 2931 1263 nomen
2949 1202 3302 1263 homicidae

685 1309 781 1370 vel
812 1308 1087 1387 sacrilegi
1120 1309 1216 1369 vel
1249 1308 1460 1369 incesti
1492 1308 1588 1369 vel
1625 1310 1856 1390 publici
1890 1309 2104 1387 hosti3‚
2155 1325 2223 1370 ut
2256 1309 2330 1370 de
2366 1310 2591 1370 nostris
2625 1307 2841 1387 elogiis
2873 1308 3115 1389 loquar,
3149 1328 3301 1369 con-

683 1416 832 1476 tenti
864 1416 990 1476 sitis
1023 1416 1099 1476 ad
1133 1416 1691 1497 pronuntiandum,
1727 1415 1841 1477 nisi
1876 1433 1932 1477 et
1965 1415 2414 1496 consequentia
2446 1415 2717 1494 exigatis,
2752 1415 3106 1495 qualitatem
3141 1415 3298 1491 facti,

687 1540 1043 1599 numerum,
1090 1522 1322 1599 locum,
1372 1523 1657 1602 modum,
1703 1538 1969 1604 tempus,
2006 1523 2312 1599 conscios,
2346 1522 2569 1584 socios.
2637 1523 2727 1583 De
2759 1521 2943 1583 nobis
2975 1522 3129 1583 nihil
3161 1522 3299 1597 tale,

684 1647 828 1689 cum
860 1648 1055 1708 aeque
1089 1629 1439 1710 extorqueri
1471 1645 1779 1711 oporteret
1811 1629 1986 1709 quod
2019 1648 2165 1689 cum
2204 1629 2359 1690 falso
2388 1629 2658 1704 iactatur,
2691 1643 2847 1709 quot
2877 1628 3142 1708 quisque
3179 1629 3300 1689 iam

686 1735 1062 1797 infanticidia
1096 1736 1492 1814 degustasset,
1524 1752 1678 1817 quot
1708 1735 1934 1797 incesta
1967 1738 2483 1813 contenebrasset,
2517 1734 2625 1816 qui
2658 1734 2807 1811 coci,
2838 1734 2948 1814 qui
2981 1753 3162 1795 canes
3195 1736 3302 1795 ad-

688 1842 963 1904 fuissent.
1025 1842 1084 1902 O
1131 1859 1356 1923 quanta
1402 1843 1565 1904 illius
1612 1842 1905 1924 praesidis
1955 1841 2168 1921 gloria,
2214 1841 2265 1903 si
2299 1842 2555 1903 eruisset
2585 1841 2877 1922 aliquem,
2910 1842 3016 1921 qui
3050 1858 3300 1903 centum

687 1949 810 2010 iam
859 1948 1120 2009 infantes
1166 1950 1561 2012 comedisset!
1629 1949 1866 2030 Atquin
1900 1949 2257 2011 invenimus
2292 1949 2764 2030 inquisitionem
2797 1968 3054 2029 quoque
3086 1949 3150 2009 in
3185 1968 3301 2010 nos

686 2055 1077 2137 prohibitam.
1111 2054 1347 2116 Plinius
1379 2056 1544 2116 enim
1580 2054 1910 2117 Secundus
1943 2075 2087 2117 cum
2123 2054 2503 2137 provinciam
2535 2070 2789 2134 regeret,
2825 2055 3129 2115 damnatis
3161 2056 3300 2135 qui·

687 2163 950 2224 busdam
983 2161 1366 2240 Christianis,
1414 2163 1791 2243 quibusdam
1838 2164 2033 2242 gradu
2070 2163 2283 2244 pulsis,
2330 2163 2459 2244 ipsa
2483 2179 2700 2224 ¹tamen
2732 2162 3131 2223 multitudine
3163 2182 3286 2243 per·

686 2272 982 2346 turbatus,
1016 2270 1165 2350 quid
1201 2269 1277 2329 de
1310 2285 1511 2331 cetero
1544 2285 1766 2349 ageret,
1800 2269 2117 2332 consuluit
2145 2286 2298 2331 tunc
2327 2270 2671 2331 Traianum
2703 2269 3158 2350 imperatorem,
3193 2271 3298 2331 ad·

687 2376 900 2456 legans
946 2391 1179 2457 praeter
1211 2376 1691 2438 obstinationem
1727 2396 1858 2438 non
1893 2376 2274 2438 sacrificandi
2307 2376 2464 2437 nihil
2496 2377 2665 2438 aliud
2699 2396 2762 2437 se
2795 2376 2871 2437 de
2903 2377 3298 2437 sacramentis

687 2502 908 2544 eorum
954 2483 1306 2562 conperisse
1353 2502 1542 2563 quam
1590 2500 1803 2544 coetus
1849 2483 2252 2544 antelucanos
2293 2484 2369 2543 ad
2402 2483 2756 2544 canendum
2789 2483 3036 2544 Christo
3071 2497 3128 2542 et
3161 2482 3297 2555 deo,

689 2605 746 2649 et
778 2591 854 2650 ad
889 2590 1455 2650 confoederandam
1488 2589 1898 2671 disciplinam,
1934 2589 2364 2662 homicidium,
2395 2588 2788 2666 adulterium,
2824 2588 3124 2667 fraudem,
3161 2608 3298 2671 per-

690 2696 900 2758 fidiam
947 2713 1005 2757 et
1049 2713 1245 2758 cetera
1290 2695 1516 2758 scelera
1564 2697 1984 2779 prohibentes.
2045 2697 2232 2759 Tunc
2258 2696 2568 2758 Traianus
2614 2696 2920 2778 rescripsit
2951 2697 3072 2759 hoc
3101 2715 3298 2775 genus

688 2803 1098 2884 inquirendos
1146 2803 1402 2884 quidem
1434 2823 1566 2865 non
1601 2824 1751 2879 esse,
1782 2803 2023 2866 oblatos
2057 2824 2201 2864 vero
2236 2803 2442 2885 puniri
2474 2820 2775 2884 oportere.
2841 2803 2900 2864 O
2932 2803 3296 2885 sententiam

688 2911 1044 2971 necessitate
1076 2909 1435 2971 confusam!
1475 2910 1672 2987 Negat
1705 2909 2114 2990 inquirendos
2147 2926 2216 2972 ut
2248 2911 2632 2985 innocentes,
2665 2926 2723 2971 et
2755 2910 3008 2971 mandat
3029 2910 3296 2990 punien-

688 3019 801 3078 dos
849 3033 917 3077 ut
964 3032 1276 3077 nocentes.
1343 3017 1540 3077 Parcit
1571 3032 1629 3077 et
1660 3017 1866 3096 saevit,
1899 3017 2243 3078 dissimulat
2275 3033 2331 3077 et
2363 3017 2811 3078 animadvertit.
2877 3016 3049 3091 Quid
3081 3032 3298 3077 temet-

606 3144 626 3186 5
687 3124 901 3204 ipsam,
950 3143 1229 3199 censura,
1278 3123 1732 3184 circumvenis?
1783 3124 1848 3185 Si
1894 3126 2172 3201 damnaS,
2207 3144 2320 3186 cur
2350 3144 2483 3185 non
2516 3140 2576 3184 et
2609 3124 2908 3204 inquiris?
2953 3124 3005 3184 si
3039 3143 3170 3185 non
3201 3124 3298 3184 in-

685 3230 897 3310 quiris,
930 3249 1040 3289 cur
1071 3248 1203 3291 non
1234 3245 1293 3290 et
1326 3230 1631 3291 absolvis?
1667 3231 2044 3293 Latronibus
2077 3232 2448 3311 vestigandis
2483 3251 2591 3312 per
2613 3232 2931 3292 universas
2954 3231 3298 3312 provincias

684 3338 959 3399 militaris
1004 3337 1180 3398 statio
1228 3337 1498 3398 sortitur.
1564 3337 1629 3398 In
1676 3357 1814 3399 reos
1862 3339 2187 3400 maiestatis
2219 3355 2277 3399 et
2311 3339 2592 3420 publicos
2625 3340 2834 3399 hostes
2866 3337 3072 3398 omnis
3104 3338 3297 3399 homo

685 3444 857 3504 miles
890 3460 1009 3518 est3
1051 3444 1126 3504 ad
1160 3442 1381 3521 socios,
1417 3443 1492 3504 ad
1526 3445 1809 3504 conscios
1842 3465 2043 3525 usque
2077 3445 2395 3525 inquisitio
2429 3446 2791 3506 extenditur.
2859 3445 3078 3505 Solum
3117 3443 3296 3505 Chri-

682 3551 950 3612 stianum
1001 3549 1230 3631 inquiri
1276 3569 1409 3610 non
1453 3550 1611 3630 licet,
1658 3550 1867 3611 offerri
1914 3551 2070 3629 licet,
2122 3553 2298 3631 quasi
2345 3552 2512 3613 aliud
2546 3568 2701 3612 esset
2734 3568 2947 3612 actura
2979 3550 3298 3630 inquisitio

683 3678 870 3737 quam
907 3657 1302 3719 oblationem.
1339 3658 1658 3717 Damnatis
1689 3658 1895 3737 itaque
1930 3659 2204 3720 oblatum
2242 3679 2429 3739 quem
2466 3678 2652 3719 nemo
2687 3658 2883 3719 voluit
2914 3657 3299 3739 requisitum,

683 3765 810 3845 qui,
859 3782 1031 3846 puto,
1078 3764 1200 3825 iam
1249 3784 1378 3825 non
1426 3764 1566 3824 ideo
1615 3765 1839 3824 meruit
1888 3785 2173 3846 poenam,
2224 3766 2369 3846 quia
2417 3785 2651 3826 nocens
2686 3782 2790 3838 est,
2842 3766 2951 3826 sed
2987 3765 3132 3845 quia
3167 3784 3299 3826 non

683 3871 1095 3951 requirendus
1141 3872 1431 3932 inventus
1477 3888 1583 3933 est.
1649 3871 1857 3951 Itaque
1906 3891 2020 3932 nec
2064 3872 2129 3932 in
2178 3873 2283 3933 illo
2331 3893 2402 3934 ex
2438 3873 2636 3934 forma
2677 3873 2985 3933 malorum
3020 3872 3296 3933 iudican-

682 3979 909 4039 dorum
930 3977 1101 4055 agitis
1122 3997 1262 4057 erga
1298 3998 1431 4056 nOS,
1462 3978 1633 4058 quod
1668 3978 1880 4039 ceteris
1914 3980 2280 4056 negantibus
2312 3995 2618 4040 tormenta
2652 3979 2955 4040 adhibetis
2987 3979 3064 4038 ad
3098 3977 3297 4038 confi-

678 4084 959 4163 tendum,
1007 4085 1154 4144 solis
1189 4085 1556 4146 Christianis
1590 4085 1665 4144 ad
1700 4086 2078 4164 negandum,
2127 4105 2290 4161 cum,
2324 4086 2373 4146 si
2408 4087 2641 4146 malum
2678 4101 2855 4160 esset,
2894 4104 3009 4145 nos
3042 4085 3297 4164 quidem

572 4213 622 4254 35
684 4209 1069 4269 negaremuS‚
1113 4211 1224 4251 vos
1276 4210 1421 4252 vero
1469 4190 1747 4251 confiteri
1794 4192 2118 4252 tormentis
2165 4192 2628 4273 compelleretis,
2694 4192 2919 4271 Neque
2955 4190 3121 4251 enim
3158 4190 3298 4251 ideo

571 4746 626 4786 427

682 4315 811 4356 non
847 4297 1139 4376 putaretis
1173 4297 1542 4375 requirenda
1575 4298 2041 4378 quaestionibus
2074 4300 2319 4376 scelera,
2355 4299 2499 4378 quia
2531 4299 2675 4359 certi
2711 4298 2929 4359 essetis
2962 4297 3196 4358 admitti
3231 4319 3298 4357 ea

680 4422 752 4462 ex
787 4404 1061 4463 nominis
1093 4402 1503 4480 confessione,
1550 4404 1658 4484 qui
1693 4404 1878 4465 hodie
1913 4405 1988 4465 de
2031 4404 2316 4465 confesso
2353 4406 2684 4478 homicida,
2732 4405 3000 4465 scientes
3036 4402 3298 4464 homici-

682 4509 854 4569 dium
902 4510 1053 4589 quid
1100 4510 1192 4585 sit,
1239 4509 1650 4571 nihilominus
1683 4511 1970 4571 ordinem
2003 4513 2378 4591 extorquetis
2410 4512 2679 4574 admissi.
2750 4511 2899 4587 Quo
2933 4510 3295 4592 perversiuS,

682 4637 825 4676 cum
875 4617 1273 4697 praesumatis
1320 4619 1395 4676 de
1429 4618 1760 4678 sceleribus
1796 4618 2021 4677 nostris
2057 4639 2129 4678 ex
2165 4619 2437 4679 nominis
2472 4620 2883 4696 confessione,
2925 4618 3140 4697 cogitis
3172 4635 3297 4679 tor·

685 4723 907 4782 mentis
940 4723 1015 4782 de
1050 4721 1437 4783 confessione
1471 4723 1784 4798 decedere,
1818 4740 1884 4784 ut
1917 4740 2210 4802 negantes
2244 4743 2478 4787 nomen
2515 4727 2735 4806 pariter
2767 4726 2978 4806 utique
3001 4745 3299 4804 negemus

683 4847 742 4890 et
772 4830 1020 4905 scelera,
1057 4829 1131 4889 de
1165 4830 1394 4909 quibus
1426 4850 1498 4889 ex
1531 4829 1924 4891 confessione
1958 4831 2232 4891 nominis
2266 4833 2823 4914 praesumpseratis,
2878 4832 3021 4906 Sed,
3056 4832 3295 4913 opinor,

685 4955 816 4997 non
864 4936 1046 4997 vultis
1095 4957 1210 4997 uos
1259 4936 1472 5017 perire,
1520 4955 1682 5016 quos
1716 4937 2019 5016 pessimos
2054 4937 2314 4999 creditis,
2379 4938 2476 4999 Sic
2510 4941 2675 5000 enim
2710 4940 2916 5001 soletis
2951 4940 3147 5000 dicere
3180 4940 3298 5000 ho—
