3684 5416
307 1037 329 1080 5

283 1572 329 1604 10

279 2106 320 2150 ¹5

273 2646 323 2678 ²0

270 3182 317 3225 ²5

270 3717 320 3760 30

270 4250 318 4294 35

269 4790 324 4829 40

1027 406 1295 461 Potestas
1334 405 1708 461 ecclesiastica
1749 420 1805 462 et
1842 406 2148 479 imperium
2185 407 2363 463 civile.
2898 428 2994 484 ¹99

387 590 570 650 etiam
600 609 742 652 vera
774 590 1063 666 dicendo,
1093 589 1370 652 laborare
1401 590 1554 672 quid
1587 592 1873 672 prodest?
1923 611 2122 672 quum
2155 593 2524 676 principium
2571 596 2990 659 solum-adsu-

390 698 766 759 mendorum
801 696 1153 759 mediorum
1183 696 1261 758 sit
1291 697 1482 759 radix.

601 804 769 865 Haec
814 803 1001 883 igitur
1042 802 1472 880 irrefragabilis
1520 804 1739 867 veritas
1787 805 2193 888 praefigatur,
2240 807 2462 870 scilicet
2510 809 2721 889 quod
2766 808 2992 889 illud,

385 912 600 991 quod
652 927 983 972 naturae
1032 911 1484 973 intentioni
1534 927 1964 992 repugnat,
2015 913 2227 975 Deus
2278 914 2500 976 nolit.
2568 915 2729 977 Nam
2776 916 2826 977 si
2873 917 2994 978 hoc

382 1036 604 1078 verum
637 1037 765 1080 non
799 1034 974 1096 esset,
1009 1019 1558 1080 contradictorium
1592 1018 1724 1097 ejus
1768 1039 1900 1081 non
1932 1038 2088 1082 esset
2133 1020 2376 1097 falsum,
2408 1023 2582 1102 quod
2614 1039 2733 1084 est:
2788 1023 2994 1084 Deum

385 1143 515 1186 non
547 1125 714 1188 nolle
747 1125 920 1207 quod
952 1142 1205 1187 naturae
1234 1124 1555 1188 intentioni
1597 1143 1922 1208 repugnat.
1979 1128 2056 1190 Et
2085 1129 2136 1189 si
2170 1130 2290 1191 hoc
2323 1148 2454 1190 non
2486 1129 2729 1208 falsum,
2779 1149 2895 1192 nec
2923 1151 2993 1192 ea

382 1251 544 1311 quae
575 1249 926 1314 sequuntur
953 1234 1031 1295 ad
1062 1234 1285 1316 ipsum.
1333 1235 1713 1316 Impossibile
1745 1235 1912 1298 enim
1933 1254 2022 1298 est
2055 1237 2117 1298 in
2147 1239 2501 1301 necessariis
2532 1240 2992 1320 consequentiis

384 1336 611 1400 falsum
645 1359 776 1401 esse
810 1360 1217 1419 consequens,
1252 1342 1649 1404 antecedente
1683 1362 1813 1403 non
1847 1342 1999 1404 falso
2037 1343 2342 1408 existente.

601 1445 720 1507 Sed
768 1448 844 1508 ad
891 1465 1048 1508 non
1095 1447 1346 1526 nolle,
1395 1449 1655 1511 alterum
1702 1450 1976 1512 duorum
2021 1451 2302 1532 sequitur
2346 1453 2424 1513 de
2469 1453 2844 1531 necessitate,
2891 1470 2994 1518 aut

383 1551 614 1630 velle,
647 1567 753 1614 aut
786 1572 941 1615 non
974 1553 1214 1616 velle:
1248 1553 1404 1616 sicut
1435 1556 1511 1616 ad
1546 1574 1674 1617 non
1707 1557 1898 1628 odire,
1931 1558 2274 1620 necessario
2295 1560 2589 1640 sequitur,
2620 1576 2727 1622 aut
2757 1579 2987 1638 amare,

382 1675 491 1720 aut
521 1677 653 1720 non
684 1679 925 1722 amare:
970 1681 1102 1722 non
1134 1660 1299 1723 enim
1332 1681 1464 1724 non
1496 1682 1721 1741 amare,
1769 1679 1861 1725 est
1893 1665 2097 1739 odire;
2154 1685 2268 1727 nec
2298 1686 2425 1728 non
2458 1667 2634 1738 velle,
2684 1684 2773 1729 est
2805 1668 2992 1747 nolle,

381 1782 450 1827 ut
483 1767 562 1827 de
595 1786 660 1827 se
693 1781 871 1848 patet.
920 1766 1099 1842 Quae
1131 1768 1183 1830 si
1217 1767 1362 1829 falsa
1396 1788 1527 1830 non
1560 1786 1720 1844 sunt,
1770 1770 1879 1832 ista
1912 1790 2044 1833 non
2076 1772 2185 1833 erit
2220 1772 2395 1833 falsa:
2446 1774 2616 1836 Deus
2646 1776 2776 1836 vult
2819 1775 2993 1856 quod

383 1894 514 1936 non
545 1874 710 1948 vu1t;
748 1871 927 1951 cujus
956 1873 1182 1936 falsitas
1215 1895 1347 1938 non
1380 1877 1561 1939 habet
1598 1877 1999 1959 superiorem.

600 1979 794 2056 Quod
815 1996 1023 2043 autern
1042 2001 1259 2044 verum
1279 1982 1355 2044 sit
1386 1984 1559 2064 quod
1590 1983 1825 2061 dicitur,
1858 1984 1945 2046 sic
1964 1985 2242 2049 declaro:
2281 1986 2679 2048 Manifestum
2712 1988 2992 2068 estquod

382 2090 557 2150 Deus
588 2087 778 2149 finem
812 2104 1064 2150 naturae
1096 2091 1258 2150 vult:
1311 2089 1480 2150 aliter
1512 2092 1758 2152 coelum
1790 2093 1987 2153 otiose
2019 2107 2400 2164 moveretur;
2450 2093 2623 2173 quod
2656 2095 2995 2157 dicendum

378 2213 513 2256 non
546 2210 651 2255 est.
699 2194 776 2256 Si
824 2195 1034 2257 Deus
1081 2196 1327 2258 vellet
1371 2197 2037 2277 impedimentum
2086 2197 2308 2276 finis,
2360 2199 2539 2261 vellet
2571 2202 2755 2262 etiam
2802 2202 2992 2264 finem

377 2301 842 2385 impedimenti3
877 2303 1048 2365 aliter
1078 2304 1258 2366 etiam
1291 2304 1487 2366 otiose
1520 2306 1715 2367 vellet.
1766 2307 1839 2368 Et
1872 2326 2070 2387 quum
2103 2307 2243 2370 finis
2274 2308 2701 2389 impedimenti
2732 2309 2827 2386 sit,
2863 2327 2994 2369 non

377 2430 515 2472 esse
547 2410 635 2470 rei
665 2409 1025 2492 impeditae;
1073 2426 1450 2491 sequeretur,
1498 2412 1702 2474 Deum
1736 2412 1893 2474 velle
1938 2433 2069 2475 non
2102 2434 2232 2476 esse
2268 2415 2455 2476 finem
2489 2430 2758 2492 naturae,
2803 2435 2991 2495 quern

376 2517 604 2578 dicitur
633 2517 785 2577 velle
820 2537 971 2578 esse.

597 2623 676 2685 Si
709 2624 878 2685 enim
911 2624 1121 2685 Deus
1154 2644 1312 2686 non
1358 2626 1598 2688 vellet
1645 2628 2307 2708 impedimentum
2357 2629 2566 2703 finis,
2614 2643 2799 2712 prout
2850 2648 2980 2689 non

375 2732 581 2810 vellet,
626 2748 993 2812 sequeretur
1031 2733 1109 2794 ad
1143 2752 1274 2795 non
1305 2733 1478 2813 velle,
1529 2735 1683 2797 nihil
1729 2738 1806 2798 de
1855 2736 2307 2818 impedimento
2353 2753 2609 2808 curaret,
2656 2737 2784 2798 sive
2816 2752 2992 2807 esset,

375 2840 508 2900 sive
539 2858 671 2901 non
701 2854 876 2900 esset.
926 2840 1046 2900 Sed
1068 2840 1176 2921 qui
1208 2841 1725 2923 impedimentum
1748 2862 1879 2904 non
1913 2859 2101 2919 curat,
2134 2863 2265 2906 rem
2300 2864 2459 2925 quae
2481 2860 2680 2926 potest
2710 2842 2996 2925 impediri

377 2966 515 3008 non
545 2960 738 3023 curat,
788 2961 847 3006 et
879 2965 986 3027 per
1015 2966 1426 3028 consequens,
1474 2968 1604 3011 non
1652 2950 1836 3012 habet
1881 2945 1948 3012 in
1978 2951 2317 3026 voluntate,
2367 2967 2426 3012 et
2457 2953 2629 3033 quod
2677 2952 2818 3032 quis
2864 2970 2993 3012 non

375 3054 566 3115 habet
597 3051 659 3113 in
692 3051 1027 3130 voluntate,
1058 3073 1189 3115 non
1220 3055 1366 3117 vult.
1416 3057 1669 3137 Propter
1701 3055 1895 3137 quod,
1929 3057 1978 3118 si
2011 3057 2151 3118 finis
2173 3073 2425 3120 naturae
2457 3058 2741 3140 impediri
2775 3072 2992 3140 potest,

373 3160 555 3241 quod
590 3176 808 3241 potest,
856 3161 934 3221 de
967 3160 1318 3222 necessitate
1364 3162 1659 3242 sequitur,
1706 3164 1881 3243 quod
1917 3164 2087 3226 Deus
2137 3164 2328 3226 finem
2363 3180 2615 3227 naturae
2663 3183 2794 3228 non
2827 3166 2990 3238 vult;

373 3285 434 3329 et
466 3267 559 3328 sic
590 3266 873 3348 sequitur
905 3266 1093 3349 prius,
1140 3267 1421 3330 videlicet
1454 3270 1658 3330 Deum
1694 3271 1848 3332 velle
1882 3272 2055 3351 quod
2102 3291 2230 3333 non
2263 3273 2408 3333 vult.
2457 3272 2868 3334 Verissimum
2905 3287 2994 3333 est

373 3375 566 3453 igitur
597 3374 751 3436 illud
783 3372 1180 3455 principium,
1215 3394 1287 3436 ex
1321 3374 1499 3453 cujus
1531 3377 2008 3439 contradictorio
2041 3394 2168 3439 tam
2201 3378 2465 3440 absurda
2499 3395 2865 3459 sequuntur.

596 3482 744 3562 Cap.
783 3500 837 3562 3.
899 3481 967 3542 In
998 3480 1275 3559 introitu,
1322 3482 1399 3543 ad
1431 3481 1826 3562 questionem
1871 3484 2030 3545 hanc
2063 3499 2280 3546 notare
2313 3500 2575 3565 oportet,
2626 3487 2797 3565 quod
2846 3485 2992 3566 pri-

374 3610 435 3650 m
456 3608 544 3650 ae
577 3588 956 3668 quaestionis
986 3589 1207 3649 veritas
1241 3589 1435 3667 magis
1470 3589 1914 3651 manifestanda
1948 3590 2064 3652 fuit
2094 3593 2170 3653 ad
2205 3592 2612 3671 ignorantiam
2634 3592 2990 3669 tollendam,

373 3714 569 3777 quam
603 3696 680 3755 ad
699 3688 1049 3756 tollendum
1079 3690 1364 3775 litigium.
1411 3694 1534 3757 Sed
1554 3714 1714 3775 quae
1747 3696 1863 3757 fuit
1894 3718 1923 3756 s
1939 3717 1971 3758 e
1990 3717 2023 3758 c
2039 3718 2080 3759 u
2100 3716 2140 3757 n
2158 3698 2197 3758 d
2213 3718 2245 3758 a
2264 3718 2297 3759 e
2329 3698 2671 3778 questionis
2690 3697 2991 3777 quaestio,

372 3802 714 3883 aequaliter
757 3802 834 3863 ad
868 3801 1282 3881 ignorantiam
1327 3818 1384 3863 et
1428 3801 1697 3882 litigium
1743 3823 1808 3864 se
1840 3805 2041 3866 habet.
2091 3804 2287 3866 Multa
2333 3804 2559 3865 etenim
2608 3805 2989 3884 ignoramus,

374 3911 452 3970 de
488 3910 720 3989 quibus
752 3926 883 3971 non
915 3908 1258 3988 litigamus;
1311 3928 1457 3969 nam
1487 3924 1802 3988 geometra
1835 3909 2045 3971 circuli
2081 3911 2517 3992 quadraturam
2549 3911 2813 3990 ignorat,
2861 3930 2992 3972 non

373 4033 586 4077 tamen
618 4016 695 4077 de
743 4015 873 4096 ipsa
906 4014 1128 4094 litigat;
1175 4015 1513 4095 theologus
1559 4034 1705 4077 vero
1750 4036 2085 4078 numerum
2119 4019 2509 4097 Angelorum
2556 4019 2812 4099 ignorat,
2860 4037 2989 4079 non

373 4139 585 4185 tamen
630 4123 707 4184 de
756 4122 863 4183 illo
907 4121 1172 4202 litigium
1222 4122 1391 4191 facit:
1444 4122 1790 4205 Aegyptius
1835 4142 1982 4185 vero
2029 4123 2397 4208 Scytharum
2445 4125 2814 4202 civilitatem,
2860 4144 2987 4186 non

376 4246 631 4312 propter
664 4231 784 4291 hoc
815 4230 891 4289 de
924 4228 1207 4311 ipsorum
1242 4229 1521 4292 civilitate
1553 4231 1891 4293 contendit.

594 4335 802 4416 Hujus
834 4336 1089 4417 quidem
1123 4337 1413 4399 tertiae
1445 4336 1820 4418 quaestionis
1851 4339 2069 4400 veritas
2101 4355 2340 4400 tantum
2378 4341 2558 4402 habet
2588 4339 2875 4421 litigium,
2918 4356 2986 4401 ut

378 4444 955 4525 quaemadmodum
1003 4444 1069 4506 in
1101 4444 1234 4505 aliis
1278 4443 1614 4523 ignorantia
1661 4444 1816 4507 solet
1846 4466 1980 4507 esse
2018 4466 2200 4508 causa
2231 4445 2426 4528 litigii,
2472 4447 2561 4508 sic
2591 4448 2693 4508 hic
2723 4446 2987 4528 litigium

377 4572 561 4613 causa
594 4550 978 4632 ignorantiae
1009 4550 1086 4613 sit
1116 4551 1332 4633 magis.
1382 4551 1764 4613 Hominibus
1809 4571 2103 4633 namque,
2153 4552 2402 4614 rationis
2435 4552 2729 4615 intuitum
2762 4554 2989 4615 volun-

375 4675 497 4721 tate
532 4658 1048 4740 praevolantibus,
1083 4660 1205 4721 hoc
1236 4677 1483 4739 semper
1513 4658 1851 4737 contingit:
1902 4675 1968 4720 ut
2000 4658 2159 4720 male
2200 4658 2418 4738 affecti,
2465 4659 2706 4722 lumine
2736 4660 2988 4722 rationis

379 4765 761 4848 postposito,
810 4765 1033 4828 affectu
1080 4765 1256 4847 quasi
1304 4765 1464 4827 caeci
1508 4766 1861 4843 trahantur,
1912 4781 1973 4826 et
2018 4767 2406 4846 pertinaciter
2454 4785 2631 4828 suam
2680 4767 2990 4846 denegent

379 4872 750 4935 caecitatem.
795 4872 980 4935 Unde
1023 4872 1093 4934 fit
1125 4892 1435 4956 persaepe,
1485 4873 1659 4953 quod
1703 4891 1834 4935 non
1879 4873 2086 4935 solum
2134 4872 2357 4935 falsitas
2402 4873 2844 4954 patrimonium
2877 4874 2988 4935 ha-

378 4982 540 5057 beat,
573 4980 681 5041 sed
720 4994 790 5041 ut
822 4980 1120 5061 plerique,
1156 4981 1232 5042 de
1264 4980 1391 5041 suis
1422 4979 1697 5041 terminis
1730 4979 2134 5059 egredienteS,
2170 4999 2279 5060 per
2308 4980 2505 5042 aliena
2528 4996 2717 5041 castra
2749 4980 2984 5041 discur-
