3684 5416
1386 380 1637 435 Ecclesia
1664 381 2071 452 antiquissima.
2967 405 3032 459 55

422 564 655 644 cipiunt
702 584 845 625 cum
894 565 1228 644 gratiarum
1275 566 1531 641 actione,
1578 587 1610 626 a
1655 565 1892 626 ludaeis
1939 567 2237 645 benedici,
2285 587 2361 628 ne
2408 583 2680 630 nostram
2716 570 2944 631 irritam
2978 587 3037 632 et

422 670 732 732 infirmam
756 671 976 733 faciant
1008 672 1525 744 benedictionem;
1563 672 1612 732 si
1645 673 1783 752 quis
1816 689 1956 754 post
1989 673 2382 736 interdictum
2418 674 2610 737 facere
2633 678 3034 758 usurpaverit,

420 778 664 858 penitus
694 780 770 838 ab
804 778 1057 840 ecclesia
1091 777 1422 840 abiiciatur.

634 882 789 945 Can.
826 885 894 947 L.
955 885 1057 946 De
1108 883 1524 959 Chrt'stianz'5‚
1570 887 1681 966 qui
1726 906 1861 945 cum
1903 886 2153 947 Iudaeis
2185 894 2524 948 vescuntur.
2589 889 2650 950 Si
2701 909 2848 950 vero
2899 890 3038 971 quis

335 1017 357 1058 5
422 990 676 1052 clericus
709 990 806 1051 vel
839 990 1038 1052 fidelis
1070 1012 1216 1053 cum
1250 992 1488 1053 Iudaeis
1522 992 1730 1053 cibum
1752 993 2099 1073 sumpserit,
2123 993 2346 1074 placuit
2367 1013 2513 1055 eum
2535 1018 2565 1055 a
2588 997 3036 1058 communione

306 1550 359 1581 10

418 1098 721 1169 abstineri,
759 1114 826 1158 ut
857 1099 1075 1159 debeat
1107 1099 1436 1159 emendari.

633 1207 788 1268 Can.
825 1206 915 1268 Ll.
977 1206 1080 1267 De
1124 1206 1474 1280 haereticiS,
1522 1213 1591 1267 ut
1629 1208 1715 1267 ad
1755 1208 1987 1269 clerum
2033 1228 2152 1268 non
2177 1215 2667 1288 promoveantur.
2731 1210 2818 1270 Ex
2865 1210 3038 1271 omni

421 1312 654 1373 haeresi
705 1312 903 1374 fidelis
947 1312 997 1373 si
1046 1312 1297 1382 venerit,
1350 1313 1603 1374 minime
1652 1330 1741 1374 est
1786 1313 1863 1375 ad
1897 1314 2134 1375 clerum
2167 1318 2665 1396 promovendus3
2721 1317 2813 1377 vel
2846 1317 3036 1397 siqui

418 1435 563 1479 sunt
597 1419 658 1480 in
691 1420 1084 1501 praeteritum
1115 1420 1394 1491 ordinati,
1427 1420 1558 1481 sine
1590 1420 1782 1480 dubio
1814 1421 2223 1501 deponantur.

631 1528 784 1588 Can.
812 1526 931 1589 LII.
963 1527 1066 1587 De
1087 1526 1208 1599 his,
1238 1529 1429 1607 quiin
1451 1527 1712 1588 ecclesia
1732 1527 1978 1589 libellos
1990 1531 2279 1607 famosos
2281 1536 2543 1611 ponunt.
2576 1530 2656 1591 Hi
2679 1530 2784 1610 qui
2808 1530 3038 1591 inventi

418 1630 642 1693 Fuerint
673 1633 913 1695 libellos
948 1634 1220 1696 famosos
1241 1636 1304 1695 in
1327 1633 1575 1695 ecclesia
1609 1652 1840 1715 ponere
1872 1636 2478 1697 anathematizentur.
2514 1635 2583 1715 [c.
2611 1658 2663 1716 3.
2685 1638 2756 1698 C.
2781 1637 2851 1697 V.
2874 1657 2931 1716 q.
2967 1635 3035 1717 1.]

630 1741 786 1802 Can.
814 1740 950 1801 LIII.
982 1740 1085 1801 De
1115 1744 1440 1823 episcopi-5,
1472 1744 1585 1821 qui
1614 1746 2133 1804 excommunicato
2165 1743 2370 1804 alieno
2401 1746 2866 1805 communicant.
2902 1744 3036 1804 Pla-

417 1847 540 1907 cuit
559 1847 821 1925 cunctis,
844 1865 912 1909 ut
930 1850 1005 1908 ab
1028 1867 1104 1909 eo
1124 1848 1420 1929 episcopo
1442 1849 1580 1929 quis
1602 1848 1848 1929 recipiat
1869 1849 2404 1924 communionem,
2429 1870 2462 1909 a
2487 1869 2615 1929 quo
2636 1852 2952 1910 abstentus
2972 1849 3036 1910 in

418 1952 668 2014 crimine
699 1953 910 2033 aliquo
943 1955 1082 2035 quis
1146 1954 1356 2025 fuerit:
1405 1957 1577 2035 quod
1611 1955 1661 2015 si
1693 1956 1850 2015 alius
1882 1957 2210 2036 episcopus
2246 1956 2718 2037 praesumpserit
2751 1975 2899 2016 eum
2929 1956 3035 2016 ad-

331 2085 350 2112 :
417 2060 593 2134 mitti,
625 2060 732 2121 illo
764 2062 970 2123 adhuc
1002 2062 1260 2123 minime
1296 2063 1553 2123 faciente
1585 2062 1680 2122 vel
1713 2062 2134 2123 consentiente
2169 2083 2202 2121 a
2234 2082 2365 2142 quo
2386 2062 2568 2123 fuerit
2590 2063 3036 2123 communione

418 2166 707 2247 privatuS,
741 2167 888 2228 sciat
919 2188 984 2229 se
1018 2168 1379 2230 huiusmodi
1412 2189 1625 2230 causas
1657 2168 1815 2230 inter
1849 2168 2058 2229 fratres
2090 2188 2222 2228 esse
2255 2188 2399 2229 cum
2423 2183 2613 2229 status
2635 2169 2728 2228 sui
2763 2169 3037 2248 periculo

418 2290 883 2354 praestaturum.

632 2383 787 2444 Can.
812 2382 960 2445 LIV.
989 2383 1095 2443 De
1102 2383 1497 2465 parentibus,
1530 2387 1640 2464 qui
1650 2384 1841 2457 fidem
1874 2383 2323 2463 sponsaliorum
2336 2385 2672 2461 frangunt.
2706 2380 2772 2440 Si
2806 2381 2912 2460 qui
2935 2402 3039 2461 pa-

418 2504 618 2550 rentes
653 2488 842 2550 fidem
877 2490 1164 2569 fregerint
1183 2490 1662 2571 sponsaliorum,
1697 2490 1944 2551 triennii
1964 2505 2245 2570 tempore
2267 2488 2712 2559 abstineantur;
2748 2488 2794 2548 si
2828 2503 3036 2548 tamen

416 2596 584 2657 idem
617 2618 881 2678 sponsus
916 2601 1013 2659 vel
1045 2619 1271 2680 sponsa
1306 2600 1368 2659 in
1401 2600 1569 2679 gravi
1603 2599 1858 2659 crimine
1894 2598 2119 2660 fuerint
2151 2598 2540 2680 deprehensi,
2571 2613 2753 2659 erunt
2773 2597 3037 2658 excusati

418 2722 729 2787 parentes:
777 2706 826 2767 si
874 2708 939 2768 in
972 2706 1195 2768 iisdem
1230 2705 1409 2767 fuerit
1442 2706 1657 2767 vitium
1691 2722 1749 2767 et
1782 2705 2117 2787 polluerint
2149 2726 2232 2776 se,
2263 2706 2544 2787 superior
2576 2704 2878 2766 sententia
2911 2724 3030 2765 ser-

416 2830 607 2875 vetur.
656 2812 730 2892 [e.
776 2837 822 2875 ι.
856 2815 926 2877 C.
960 2815 1178 2876 XXXI.
1213 2835 1271 2894 q.
1310 2811 1388 2894 3.]

629 2922 777 2985 Can.
792 2921 915 2982 LV.
933 2922 1035 2982 De
1055 2923 1474 2983 sacerdotibus
1485 2922 1840 3002 gentilium,
1853 2924 1962 3002 qui
1979 2923 2101 2981 iam
2124 2941 2241 2980 non
2265 2920 2642 2998 sacrificant.
2658 2918 3038 2994 SacerdoteS,

416 3029 525 3109 qui
558 3044 797 3090 tantum
835 3048 1096 3091 coronas
1130 3044 1391 3109 portant,
1425 3049 1537 3089 nec
1568 3027 1905 3088 sacrificant
1938 3047 2053 3088 nec
2085 3028 2161 3087 de
2192 3027 2321 3087 suis
2341 3025 2690 3106 sumptibus
2709 3026 2940 3104 aliquid
2962 3024 3037 3084 ad

329 3153 353 3195 5
417 3137 581 3198 idola
616 3151 939 3217 praestant,
975 3137 1202 3217 placuit
1234 3153 1372 3218 post
1405 3136 1726 3196 biennium
1760 3135 2033 3215 accipere
2067 3133 2606 3195 communionem.

631 3242 783 3304 Can.
820 3244 971 3305 LVI.
1027 3243 1129 3304 De
1162 3242 1632 3324 magistratibus
1677 3250 1739 3303 et
1784 3243 2143 3302 duumviris.
2218 3241 2577 3319 Magistratu
2591 3237 2687 3317 [m]
2721 3257 2868 3298 vero
2908 3257 3038 3298 uno

417 3369 584 3410 anno
617 3369 746 3430 quo
767 3350 889 3428 agit
922 3349 1411 3422 duumviratum,
1446 3350 1902 3431 prohibendum
1941 3348 2156 3429 placet,
2192 3362 2259 3407 ut
2280 3367 2343 3407 se
2365 3349 2438 3407 ab
2462 3346 2713 3407 ecclesia
2735 3345 3033 3406 cohibeat.

632 3457 785 3518 Can.
808 3457 982 3519 LVII.
1015 3458 1116 3518 De
1148 3457 1271 3531 his,
1292 3459 1407 3538 qui
1422 3459 1779 3516 vestimenta
1798 3457 1884 3516 ad
1900 3454 2239 3515 ornandam
2254 3462 2538 3533 pompam
2560 3452 2871 3513 dederunt.
2908 3452 3038 3511 Ma-

418 3580 628 3624 tronae
678 3564 773 3624 vel
821 3582 1035 3624 earum
1068 3563 1267 3624 mariti
1302 3563 1662 3623 vestimenta
1694 3582 1804 3623 sua
1839 3563 1915 3622 ad
1950 3561 2292 3621 ornandam
2326 3558 2711 3619 saeculariter
2743 3577 3038 3638 pompam

417 3689 543 3731 non
576 3671 749 3743 dent;
786 3687 843 3732 et
875 3672 923 3731 si
961 3669 1228 3746 fecerint,
1260 3670 1524 3731 triennio
1556 3670 1993 3729 abstineantur.

630 3778 785 3839 Can.
822 3777 1022 3839 LVIII.
1086 3777 1187 3838 De
1218 3777 1340 3851 his,
1374 3780 1485 3858 qui
1513 3777 2092 3837 communicatorias
2127 3773 2347 3834 literas
2367 3778 2651 3853 portant,
2698 3777 2768 3830 ut
2811 3770 3038 3848 deside

419 3889 897 3965 interrogentur.
940 3884 1174 3945 Placuit
1206 3883 1439 3963 ubique
1474 3898 1533 3943 et
1564 3882 1831 3943 maxime
1866 3882 1929 3942 in
1964 3901 2039 3941 eo
2075 3881 2232 3954 loc0,
2264 3881 2325 3939 in
2360 3899 2488 3960 quo
2524 3878 2720 3959 prima
2753 3876 3037 3937 cathedra

417 3991 744 4053 constituta
790 4008 879 4052 est
910 3992 1316 4071 episcopatuS,
1366 4006 1433 4051 ut
1469 3990 1924 4070 interrogentur
1954 3987 2021 4047 hi
2058 3986 2165 4066 qui
2209 3983 2791 4046 communicatorias
2836 3982 3036 4043 literas

416 4099 684 4174 tradunt,
720 4118 799 4159 an
831 4098 1039 4160 omnia
1076 4113 1234 4158 recte
1271 4095 1377 4177 [se]
1412 4097 1678 4157 habeant
1710 4115 1826 4156 suo
1859 4093 2215 4156 testimonio
2249 4094 2664 4172 comprobata.

630 4204 785 4266 Can.
810 4204 964 4266 LIX.
994 4204 1096 4265 De
1098 4204 1429 4281 fidelibuS,
1453 4225 1527 4264 ne
1544 4204 1631 4264 ad
1648 4201 2030 4284 Capitolium
2052 4220 2239 4260 causa
2261 4199 2671 4279 sacrificandi
2687 4199 3037 4259 ascendant.

418 4311 904 4389 Prohibendum,
958 4331 1034 4373 ne
1087 4312 1228 4391 quis
1260 4311 1649 4372 Christianus
1703 4324 1771 4369 ut
1821 4307 2064 4388 gentilis
2116 4308 2191 4368 ad
2245 4307 2486 4368 idolum
2533 4304 2823 4385 Capitolii
2855 4324 3035 4364 causa

417 4417 799 4479 sacrificandi
845 4419 1131 4480 ascendat
1179 4435 1234 4478 et
1285 4418 1517 4489 videat;
1571 4417 1745 4497 quod
1795 4415 1848 4476 si
1898 4414 2119 4490 fecerit,
2167 4434 2274 4495 par
2320 4412 2575 4476 crimine
2623 4427 2931 4482 teneatur;
2987 4410 3035 4470 si

419 4525 599 4586 fuerit
630 4524 847 4599 fidelis,
883 4540 1019 4606 post
1051 4526 1266 4585 decem
1299 4544 1501 4585 annos
1533 4540 1662 4585 acta
1697 4521 2072 4603 poenitentia
2105 4522 2445 4602 recipiatur.

631 4632 780 4692 Can.
816 4631 942 4693 LX.
983 4632 1086 4693 De
1116 4631 1235 4708 his,
1270 4632 1381 4710 qui
1410 4632 1786 4691 destruentes
1820 4628 1988 4689 idola
2020 4630 2396 4689 occiduntur.
2449 4626 2511 4687 Si
2547 4626 2686 4707 quis
2719 4626 2883 4686 idola
2919 4625 3034 4685 fre-

419 4739 570 4821 gerit
602 4756 661 4799 et
693 4739 921 4799 ibidem
958 4738 1137 4799 fuerit
1164 4737 1428 4813 occisus,
1466 4752 1770 4816 quatenus
1803 4736 1866 4796 in
1901 4736 2219 4814 evangelio
2253 4736 2545 4816 scriptum
2571 4754 2701 4795 non
2722 4750 2810 4794 est
2832 4752 3033 4811 neque

419 4846 767 4907 invenietur
812 4849 927 4906 sub
974 4845 1267 4926 apostolis
1316 4863 1595 4923 unquam
1649 4842 1898 4920 factum,
1946 4843 2172 4923 placuit
2221 4843 2281 4903 in
2329 4860 2664 4903 numerum
2711 4859 2856 4900 eum
2904 4859 3033 4899 nou

419 4953 604 5034 recipi
638 4967 995 5034 martyrum.
