3684 5416
1371 1110 1813 1186 LECTORI
1871 1112 2068 1186 BEN
2075 1111 2445 1190 EVOLO.

813 1430 1406 1497 Adolescentibus
1455 1431 1585 1496 iuri
1634 1449 1927 1515 operam
1976 1431 2306 1497 dantibus
2354 1433 2469 1497 vel
2515 1432 2822 1497 maxime
2855 1433 3110 1498 durum
3146 1437 3214 1497 et

600 1537 876 1603 difficile
936 1538 1245 1603 studium
1308 1538 1475 1603 iuris
1538 1538 1851 1603 canonici
1921 1537 2058 1602 hoc
2120 1537 2431 1617 efficitur,
2495 1538 2686 1621 quod
2749 1546 3214 1610 monumenta

608 1645 756 1710 eius
805 1645 1095 1711 omnino
1144 1645 1468 1711 distracta
1516 1651 1726 1728 atque
1777 1644 1888 1709 hic
1935 1644 2070 1710 illic
2119 1645 2302 1710 edita
2350 1652 2608 1712 extant.

817 1788 1055 1871 Neque
1116 1788 1301 1852 enim
1364 1788 1562 1852 facile
1610 1788 1793 1853 factu
1845 1796 1950 1853 est
1997 1788 2065 1852 in
2117 1785 2519 1852 huiusmodi
2569 1807 2793 1871 parvo
2843 1789 3085 1854 libello
3135 1809 3212 1854 ea

599 1894 764 1959 iuris
812 1894 1124 1960 canonici
1175 1900 1633 1959 monumenta
1686 1894 2008 1972 conflare,
2057 1912 2237 1977 quae
2286 1894 2371 1960 ad
2407 1894 2641 1960 omnia
2676 1895 3020 1962 Ecclesiae
3053 1916 3212 1961 mu-

599 2020 764 2066 nera
812 2009 1021 2084 atque
1070 2000 1299 2065 officia
1346 2000 1754 2083 pertineant,
1804 2020 2127 2084 quaeque
2175 2001 2449 2083 saepius
2484 2002 2840 2085 discipulis
2873 2002 3026 2068 usui
3062 2023 3216 2068 esse

599 2109 887 2173 soleant.

811 2252 1053 2335 Itaque
1116 2271 1299 2335 quae
1347 2250 1514 2315 iuris
1564 2250 1878 2314 canonici
1927 2253 2388 2313 monumenta
2435 2250 2650 2314 totius
2702 2250 2840 2314 fere
2890 2252 3213 2317 ecclesia-

600 2357 747 2424 stici
811 2357 979 2423 iuris
1058 2357 1509 2423 fundamenta
1590 2364 1802 2440 atque
1871 2356 2212 2420 Ecclesiae
2292 2355 2804 2421 institutionum
2889 2356 3215 2423 historiae

600 2464 798 2548 quasi
856 2464 1087 2531 fontes
1149 2464 1433 2548 quidam
1496 2483 1649 2528 esse
1710 2463 2099 2541 videantur,
2160 2461 2327 2526 haec
2375 2468 2647 2527 tantum
2699 2462 2832 2527 hoc
2883 2463 2950 2527 in
3000 2482 3214 2547 opere

600 2569 915 2635 conferre
977 2570 1237 2637 institui
1302 2577 1510 2654 atque
1572 2569 1841 2634 edenda
1905 2568 2162 2635 curavi.
2243 2588 2321 2632 ea
2382 2577 2616 2633 tamen
2693 2568 2762 2636 in
2827 2570 3216 2654 deligendis

601 2677 1077 2744 monumentis
1125 2677 1393 2744 ratione
1440 2695 1614 2742 usus
1663 2686 1737 2743 ut
1784 2680 2107 2742 auctores
2156 2681 2223 2741 et
2271 2683 2592 2759 tempora
2650 2695 2860 2760 quam
2909 2677 3215 2743 maxime

602 2783 779 2850 inter
836 2804 912 2849 se
976 2792 1294 2868 separata
1354 2783 1597 2850 lectori
1649 2783 1955 2865 benigno
2008 2803 2144 2848 una
2193 2785 2602 2866 praeberem
2654 2783 2856 2867 eique
2905 2786 3213 2867 quodam

606 2890 822 2955 modo
873 2899 1034 2956 ante
1083 2892 1332 2956 oculos
1380 2909 1738 2974 ponerem.

822 3031 1141 3114 Denique
1198 3033 1252 3095 si
1302 3032 1659 3096 modicum
1712 3031 1844 3095 hoc
1893 3050 2076 3114 opus
2124 3051 2362 3096 meum
2411 3052 2621 3115 saepe
2670 3033 3001 3116 neglectis
3049 3034 3216 3098 iuris

605 3138 916 3203 canonici
978 3137 1355 3221 disciplinis
1418 3140 1755 3221 prodesse
1816 3138 2088 3222 poterit,
2152 3139 2388 3203 omnia
2450 3159 2562 3203 me
2612 3159 2788 3222 quae
2835 3139 3063 3204 facere
3111 3140 3215 3204 in-

605 3243 808 3324 stitui,
857 3245 1064 3326 plane
1111 3245 1408 3310 solvisse
1456 3245 1866 3310 arbitrabor.

2251 3445 2601 3507 Andreas
2650 3442 2994 3509 Galante.

821 3742 1092 3807 Dabam
1144 3742 1553 3826 Oeniponte
1602 3762 1842 3808 mense
1891 3742 2214 3824 Januario
2270 3741 2604 3808 MCMVI.
