3684 5416
557 1501 602 1531 10

558 2035 600 2078 ι5

657 343 759 414 356
1807 339 2128 395 Ordinatio.

1010 411 2958 427 u————————-——————————————————-—
2974 412 3277 423 .—

978 579 1145 661 (Cap.
1192 600 1281 657 ¹9·
1321 578 1440 655 20.)
1507 578 1601 638 IV.
1670 579 1772 638 De
1821 576 2366 639 Ordinatione
2418 574 2965 635 Diaconissae.

754 751 889 820 Περὶ
926 752 986 803 δὲ
1023 751 1373 817 διακοιίσσης
1412 751 1836 830 Βαρθολομαῖος
1964 766 1968 823 1
2071 748 2155 800 De
2186 745 2519 801 Diaconissa
2548 762 2686 800 vero
2716 746 3197 801 Bartholomaeus

1109 831 1482 898 διατάσσομαι.
2478 825 2790 881 constituo.

1965 872 1968 907 1

743 930 825 995 ‘Q
859 932 1200 1002 ἐπίσκοπε,
1235 929 1579 1008 ἐπιθήσεις
1611 929 1779 1008 αὐτῇ
1812 918 1968 1013 τὰςῇ
2083 930 2140 991 Ο
2192 930 2499 1011 episcope,
2561 930 2848 1011 impones
2910 931 2962 991 ei
3028 950 3276 1009 manus,

656 1045 909 1119 χεῖρας,
942 1040 1382 1117 παρεστῶτος
1414 1039 1535 1099 τοῦ
1569 1037 1937 1119 πρεσβυτε-
1964 1048 1967 1109 ῑ
1993 1052 2225 1098 astante
2259 1038 2637 1119 presbyterio
2671 1058 2795 1099 una
2830 1058 2974 1099 cum
2995 1039 3278 1100 diaconis

656 1147 808 1226 ριόυ
841 1146 954 1209 καὶ
990 1148 1118 1208 τῶν
1150 1146 1488 1207 διακόνων
1518 1143 1781 1206 καὶτῶν
1801 1140 1936 1203 δια·
1964 1152 1968 1203 1
1994 1159 2053 1209 et
2084 1144 2463 1219 diaconissis,
2502 1160 2559 1205 et
2592 1144 2773 1207 diceS.

655 1255 1016 1325 κονισσῶν,
1050 1253 1162 1316 καὶ
1198 1255 1400 1330 ἐρεῖς·
1966 1272 1968 1297 ²
2082 1252 2325 1313 Oratio.
2404 1252 2571 1312 Deus
2616 1268 2877 1328 aeterne,
2925 1254 3097 1314 Pater
3144 1252 3273 1313 Do-

746 1360 950 1440 Εῦχή.
1017 1358 1205 1437 Θεὸς
1237 1360 1276 1419 ὁ
1313 1356 1605 1433 αἰώνιος,
1641 1356 1681 1417 ὁ
1716 1354 1937 1435 πατὴρ
1994 1358 2145 1419 mini
2198 1359 2386 1419 nostri
2443 1360 2575 1419 lesu
2610 1359 2860 1437 Christi,
2905 1360 3012 1440 qui
3061 1360 3170 1420 viri
3218 1376 3277 1418 et

657 1472 778 1531 τοῦ
812 1467 1076 1546 Κυρίου
1122 1467 1305 1550 ἡμῶν
1354 1466 1580 1544 Ἰησοῦ
1613 1464 1937 1541 Χριστοῦ,
1965 1460 1968 1493 '
1996 1465 2269 1527 mulieris
2299 1483 2512 1526 auctor
2544 1485 2626 1543 es,
2658 1467 2768 1546 qui
2800 1465 3013 1548 spiritu
3050 1467 3275 1545 imple-

659 1577 700 1637 ὁ
734 1575 996 1654 ἀνδρὸς
1016 1574 1126 1637 καὶ
1149 1572 1476 1651 γυναικὸς
1496 1571 1935 1653 δημιουργός,
1965 1552 1969 1587 Ὺ
1994 1572 2126 1632 visti
2166 1573 2441 1649 Mariam,
2477 1573 2826 1634 Debboram
2857 1589 2915 1633 et
2934 1579 3185 1633 Annam
3219 1591 3276 1634 et

660 1684 700 1744 ὁ
733 1680 1101 1763 πληρώσας
1120 1674 1500 1762 πνεύματος
1523 1679 1802 1760 Μαριὰμ
1823 1676 2242 1757 xaiOldam,
2292 1681 2390 1740 cui
2440 1680 2766 1759 indignum
2814 1698 2941 1739 non
2991 1680 3102 1740 fuit
3130 1664 3276 1740 'uni-

660 1789 1031 1875 Δεβόρραν
1072 1788 1183 1852 καὶ
1210 1787 1474 1850 Ἀιπάν
1506 1786 1618 1848 καὶ
1657 1784 1935 1857 Ὀλδάν,
1965 1856 1968 1871 ,
1993 1788 2270 1869 genitum
2317 1802 2492 1848 tuum
2532 1786 2756 1847 Filium
2806 1787 2971 1847 nasci
3019 1807 3090 1846 ex
3134 1807 3275 1848 mu-

660 1898 700 1958 ὁ
735 1895 818 1978 μὴ
854 1895 1250 1972 ἀπαξιώσας
1282 1898 1402 1957 τὸν
1434 1895 1771 1976 μονογενῆ
1803 1908 1935 1955 σου
1994 1894 2158 1971 liere,
2212 1894 2320 1974 qui
2370 1893 2431 1953 in
2482 1894 2884 1956 tabernaculo
2936 1893 3273 1955 testimonii

662 2004 827 2067 Yiov
858 2004 1262 2082 γεινηθῆναι
1298 2004 1375 2065 ἐκ
1395 1999 1741 2079 γυναικός,
1764 1999 1804 2059 ὸ
1825 1998 1937 2059 καὶ
1994 2002 2082 2062 tui
2116 2016 2174 2062 et
2208 2002 2270 2061 in
2304 2000 2538 2081 templo
2573 1999 2910 2081 praefecisti
2932 2000 3132 2062 ianuis
3151 2002 3276 2061 tuis

661 2112 734 2173 ἐν
780 2113 857 2192 τῇ
903 2113 1117 2190 σκηνῇ
1151 2113 1272 2174 τοῦ
1306 2107 1681 2192 μαρτυρίου
1714 2106 1824 2169 καὶ
1861 2109 1935 2167 ἐν
1994 2107 2217 2169 sanctis
2264 2106 2522 2169 feminas
2573 2107 2879 2183 custodes,
2929 2107 3058 2187 ipse
3108 2128 3276 2173 nunc

659 2219 749 2301 τῷ
783 2219 925 2299 ναῷ
958 2218 1563 2298 προχειρισάμενος
1587 2215 1712 2291 τὰς
1732 2234 1938 2294 φρου-
1964 2226 1967 2259 ³
1994 2234 2251 2296 quoque
2303 2214 2533 2297 respice
2566 2234 2753 2295 super
2786 2216 2944 2276 hanc
2978 2212 3275 2276 famulam

660 2323 830 2402 ροὺς
863 2325 994 2386 τῶν
1027 2322 1237 2403 ἁγίων
1269 2338 1400 2385 σου
1433 2322 1675 2384 πυλῶν·
1727 2320 1937 2397 αὐτὸς
1966 2346 1967 2357 ’
1993 2339 2182 2400 tuam,
2229 2323 2479 2384 electam
2528 2323 2602 2382 ad
2656 2322 3073 2399 diaconatum,
3108 2339 3165 2382 et
3198 2323 3275 2382 da

658 2431 770 2495 καὶ
814 2433 936 2495 νῦν
982 2429 1169 2493 ἔπιδε
1215 2429 1317 2491 ἐπὶ
1348 2429 1468 2508 τὴν
1514 2427 1770 2506 δούλην
1802 2441 1935 2489 σου
1966 2458 1967 2465 1
1995 2431 2048 2490 ei
2084 2430 2379 2511 Spiritum
2426 2446 2729 2506 sanctum,
2779 2446 2837 2490 et
2885 2449 3105 2510 puram
3139 2449 3272 2490 eam

659 2538 863 2617 τήνδε
893 2536 1012 2615 τὴν
1043 2537 1636 2618 προχειριζομένην
1670 2536 1768 2612 εἰς
1800 2533 1937 2596 δια·
1966 2540 1967 2559 ’
1995 2537 2168 2598 effice
2216 2539 2291 2598 ab
2339 2537 2513 2598 omni
2562 2536 2956 2598 immunditia
2990 2535 3186 2597 carnis
3219 2552 3276 2596 et

658 2645 913 2721 κονίαν,
941 2645 1053 2707 καὶ
1075 2643 1204 2724 δὸς
1224 2646 1393 2725 αὐτῇ
1417 2645 1700 2726 Πνεῦμα
1721 2645 1937 2722 ἅγιον,
1995 2645 2244 2726 spiritus
2296 2660 2361 2704 ut
2413 2644 2722 2723 condigne
2788 2643 3054 2725 perficiat
3115 2662 3277 2725 opus

659 2754 773 2816 καὶ
823 2755 1208 2832 καθάρισον
1254 2751 1465 2830 αὐτὴν
1517 2751 1651 2812 ἀπὸ
1685 2735 2108 2828 παντὸς’5ἰῑ)ἰ
2154 2751 2561 2814 commissum
2609 2752 2670 2812 in
2716 2751 2979 2832 gloriam
3013 2767 3185 2812 tuam
3218 2768 3281 2811 et

661 2862 1011 2942 μολυσμοῦ
1062 2858 1328 2937 σαρκὸς
1384 2858 1496 2919 καὶ
1560 2856 1967 2940 πνεύματος
1993 2860 2243 2921 laudem
2278 2859 2508 2921 Christi
2554 2860 2664 2937 tui,
2710 2878 2850 2920 cum
2899 2879 3029 2938 quo
3076 2860 3184 2919 tibi
3219 2876 3279 2919 et

659 2967 835 3045 πρὸς
866 2966 944 3029 τὸ
979 2965 1270 3041 ἐπαξίως
1289 2964 1608 3027 ἐπιτελεῖν
1629 2962 1840 3041 αὐτὴν
1860 2962 1938 3025 τὸ
1965 3039 1967 3052 ⁴
1995 2966 2242 3047 Spiritui
2291 2966 2515 3027 Sancto
2559 2965 2754 3044 gloria
2788 2981 2845 3026 et
2887 2966 3164 3028 adoratio
3210 2966 3275 3025 in

554 3109 601 3150 25
660 3071 1080 3153 ἐγχειρισθὲν
1127 3073 1294 3151 αὐτῇ
1343 3070 1551 3148 ἔργον
1591 3071 1687 3147 εἰς
1725 3068 2254 3160 δόξαιῃεεεωὶε.
2303 3082 2520 3134 Amen.
2572 3072 2627 3152 [1.
2661 3093 2709 3134 e.
2745 3093 2879 3154 pag.
2924 3071 3039 3152 56.]

660 3180 790 3258 σὴν
834 3180 947 3241 καὶ
988 3178 1263 3240 ἔπαινον
1295 3180 1416 3239 τοῦ
1450 3177 1752 3254 Χριστοῦ
1783 3190 1938 3251 σου,

661 3286 803 3367 μεθ’
841 3283 925 3348 οὕ
973 3284 1081 3346 σοὶ
1125 3283 1302 3358 δόξα
1333 3282 1445 3345 καὶ
1479 3281 1969 3362 προσκύνησιςΙ

635 3392 770 3455 *nai
835 3394 925 3475 τῷ
989 3391 1157 3474 ἁγίῳ
1213 3390 1548 3474 Πνεύματι
1613 3393 1710 3469 εἰς
1773 3373 1971 3469 τοὺςῙ

661 3501 932 3577 αἰῶνας.
1001 3498 1239 3580 Ἀμήν.

1090 3717 1259 3797 (Cap.
1297 3719 1415 3794 2¹.)
1467 3717 1535 3776 V.
1595 3718 1694 3778 De
1744 3717 2283 3778 Ordinatione
2333 3715 2849 3777 Subdiaconi.

783 3875 916 3944 Περὶ
955 3877 1014 3927 δὲ
1052 3878 1427 3927 ὑποδιακόνων
1469 3877 1575 3942 ἐγὼ
1617 3879 1824 3943 Θωμᾶς
1968 3887 1969 3926 1
2072 3876 2155 3928 De
2184 3872 2549 3944 subdiaconis
2577 3886 2769 3927 autem
2799 3889 2911 3942 ego
2941 3874 3200 3928 Thomas

785 3956 1141 4023 διατάσσομαι
1180 3958 1301 4023 ὑμῖν
1339 3959 1452 4015 τοῖς
1492 3958 1815 4016 ἐπισκόποις.
1967 3979 1969 4016 1
2227 3952 2392 4007 vobis
2421 3952 2706 4024 episcopis
2735 3952 3049 4007 constituo.

750 4053 1247 4118 Ὑποδιάκονον
1280 4057 1702 4133 χειροτονῶν,
1737 4054 1790 4115 ὠ
1812 4055 1937 4117 ἐπί·
1968 4085 1969 4118 ι
2087 4056 2363 4132 Quando
2409 4057 2862 4118 subdiaconum
2914 4056 3182 4130 ordinas,
3237 4076 3281 4115 ο

659 4177 895 4235 σκοπε,
931 4161 1276 4239 ἐπιθήσεις
1309 4163 1406 4223 ἐπ’
1442 4163 1623 4242 αὐτῷ
1658 4164 1783 4238 τὰς
1816 4167 1938 4240 χεῐ-
1966 4139 1969 4258 ζ
1996 4164 2302 4245 episcope,
2338 4164 2623 4244 impones
2656 4183 2840 4244 super
2873 4183 3018 4224 eum
3051 4183 3276 4224 manus

583 4291 601 4322 ς
661 4290 792 4347 ρας
823 4269 935 4331 καὶ
972 4271 1172 4346 ἐρεῖς·
1966 4261 1969 4292 ¹
1998 4287 2055 4331 et
2088 4272 2284 4332 dices:

749 4375 952 4454 Εὐχή.
1037 4378 1358 4438 Δέσποτα
1422 4375 1581 4449 Θεέ,
1631 4379 1939 4456 οὐρανοῦ
2084 4379 2326 4439 Gratia.
2367 4378 2736 4438 Dominator
2770 4378 2958 4456 Deus,
2995 4379 3277 4440 conditor

658 4484 772 4545 καὶ
805 4486 932 4561 γῆς
966 4481 1337 4564 δημιουργὲ
1369 4482 1481 4544 καὶ
1514 4485 1778 4545 πάντων
1810 4485 1941 4545 τῶν
1965 4565 1969 4578 μ
1996 4485 2142 4545 caeli
2186 4502 2243 4546 et
2282 4502 2474 4546 terrae
2510 4502 2566 4545 et
2600 4486 2884 4546 omnium
2918 4507 3077 4566 quae
3110 4487 3276 4547 caelo

660 4593 734 4653 ἐν
786 4592 1038 4666 αὐτοῖς,
1093 4589 1132 4650 ὁ
1184 4590 1295 4650 καὶ
1345 4592 1418 4651 ἐν
1455 4592 1530 4668 τῇ
1569 4593 1780 4670 σκηνῇ
1816 4593 1938 4652 τοῦ
1964 4585 1968 4666 ἱ
1994 4609 2275 4673 terraque
2309 4592 2719 4668 continentur,
2753 4593 2861 4672 qui
2905 4593 2964 4654 in
2999 4595 3276 4654 taberna·

661 4696 1032 4779 μαρτυρίου
1066 4695 1226 4774 τοὺς
1258 4695 1652 4774 νεωκόρους
1676 4696 1937 4759 ἀναδεί-
1964 4685 1968 4746 Ῑ
1996 4701 2137 4761 culo
2212 4700 2545 4761 testimonii
2608 4701 2886 4761 aedituos
2948 4700 3276 4781 designasti

660 4806 786 4882 ξας
829 4805 961 4867 τῶν
1009 4804 1219 4883 ἁγίων
1266 4820 1396 4867 σου
1431 4805 1698 4866 σκευῶν
1731 4803 1937 4885 φύλα·
1964 4799 1968 4856 3
1995 4823 2345 4868 sanctorum
2384 4827 2675 4868 vasorum
2696 4823 2949 4869 tuorum
2973 4808 3277 4882 custodeS,

659 4933 806 4990 κας·
861 4913 1072 4990 αὐτὸς
1119 4912 1231 4973 καὶ
1279 4915 1399 4974 νῦν
1434 4912 1801 4996 ἑπίβλεψον
1835 4873 1968 4974 ἐπὶἱ

1964 4991 1967 4998 ι

1996 4915 2119 4994 ipse
2171 4934 2336 4975 nunc
2372 4915 2555 4974 etiam
2595 4914 2825 4995 respice
2858 4934 3045 4996 super
3079 4914 3275 4975 farnu-
