3684 5416
678 397 748 467 36
1637 399 1889 455 Ecclesia
1916 400 2327 473 antiquissima.

677 581 1043 663 apostolicae
1089 601 1312 645 census
1341 603 1493 647 suos
1524 582 1828 662 deferunt,
1874 584 2030 646 sicut
2062 583 2553 665 Smyrnaeorum
2589 586 2838 649 ecclesia
2872 588 3293 671 Polycarpum

676 691 753 751 ab
784 689 1011 753 Ioanne
1043 688 1415 753 collocatum
1447 691 1644 768 refert,
1676 690 1833 752 sicut
1865 691 2300 753 Romanorum
2334 690 2724 756 Clementem
2756 716 2791 757 a
2825 697 3006 759 Petro
3034 697 3292 763 ordina-

677 812 806 859 tum
856 795 1084 861 itidem.
1146 796 1406 860 Perinde
1453 797 1668 878 utique
1715 813 1776 860 et
1821 812 2054 859 ceterae
2100 797 2393 859 exhibent
2435 818 2602 879 quos
2627 804 2703 862 ab
2735 804 3031 883 apostolis
3062 805 3126 865 in
3158 805 3298 886 epi-

675 919 1001 984 scopatum
1046 903 1410 969 constitutos
1456 904 1775 985 apostolici
1809 905 2064 967 seminis
2094 905 2379 969 traduces
2412 907 2690 968 habeant.
2752 908 3138 989 Confingant
3171 912 3294 973 tale

596 1030 616 1073 5
675 1009 906 1090 aliquid
939 1010 1244 1073 haeretici.
1309 1010 1485 1086 Quid
1517 1011 1684 1073 enim
1717 1011 1834 1074 illis
1868 1029 2008 1092 post
2040 1012 2493 1093 blasphemiam
2525 1013 2829 1078 inlicitum
2861 1022 2989 1077 est?
3021 1017 3144 1081 Sed
3177 1018 3293 1083 etsi

674 1117 1102 1195 confinxerint,
1135 1118 1291 1181 nihil
1323 1121 1801 1201 promovebunt.
1834 1120 1968 1201 Ipsa
2002 1119 2172 1181 enim
2204 1120 2486 1182 doctrina
2519 1141 2741 1185 eorum
2773 1143 2918 1186 eum
2950 1126 3290 1206 apostolica

674 1240 1025 1306 comparata
1071 1246 1145 1287 ex
1194 1226 1532 1291 diversitate
1579 1242 1639 1287 et
1682 1227 2106 1289 contrarietate
2152 1246 2264 1288 sua
2311 1228 2736 1309 pronuntiabit
2781 1249 2985 1311 neque
3022 1233 3289 1313 apostoli

674 1331 935 1394 alicuius
964 1333 1231 1395 auctoris
1262 1354 1393 1395 esse
1426 1353 1631 1413 neque
1663 1333 2002 1414 apostolici,
2038 1334 2184 1415 quia
2215 1334 2373 1398 sicut
2403 1337 2667 1416 apostoli
2700 1356 2829 1398 non
2860 1338 3097 1400 diversa
3131 1339 3296 1401 inter

674 1459 739 1499 se
785 1439 1157 1519 docuissent,
1205 1441 1286 1501 ita
1332 1457 1389 1501 et
1432 1441 1756 1520 apostolici
1786 1459 1918 1502 non
1948 1441 2252 1502 contraria
2286 1442 2583 1524 apostolis
2617 1443 2969 1506 edidissent.
3033 1446 3166 1507 Nisi
3200 1446 3291 1507 illi

570 1566 619 1596 ιο
675 1545 786 1626 qui
831 1547 906 1606 ab
953 1548 1247 1628 apostolis
1291 1547 1638 1610 didicerunt
1668 1548 1840 1610 aliter
1874 1548 2391 1630 praedicaverunt.
2456 1549 2554 1609 Ad
2589 1550 2748 1611 hanc
2777 1550 2985 1632 itaque
3018 1551 3288 1614 formam

677 1655 1108 1735 probabuntur
1139 1657 1213 1717 ab
1248 1655 1364 1717 illis
1395 1655 1684 1733 ecclesiis,
1732 1676 1893 1736 quae
1925 1655 2063 1717 licet
2093 1655 2338 1716 nullum
2372 1677 2444 1716 ex
2479 1656 2775 1737 apostolis
2805 1657 2901 1719 vel
2931 1659 3292 1741 apostolicis

675 1776 990 1822 auctorem
1036 1781 1224 1823 suum
1273 1762 1602 1843 proferant,
1655 1777 1722 1823 ut
1753 1762 1955 1823 multo
1987 1761 2377 1842 posterioreS,
2413 1783 2572 1843 quae
2606 1764 2874 1845 denique
2907 1765 3156 1827 cottidie
3191 1767 3284 1828 in-

673 1868 1029 1944 stituuntur,
1074 1886 1279 1930 tamen
1323 1868 1385 1930 in
1419 1870 1634 1931 eadem
1669 1868 1787 1930 fide
1820 1869 2247 1950 conspirantes
2280 1889 2409 1931 non
2443 1871 2651 1931 minus
2683 1872 3052 1954 apostolicae
3083 1874 3284 1954 depu-

674 1991 879 2041 tantur
913 1995 1026 2057 pro
1057 1976 1591 2057 consanguinitate
1622 1976 1956 2038 doctrinae.
2004 1975 2085 2037 Ita
2119 1995 2341 2038 omnes
2375 1977 2655 2037 haereses
2685 1978 2761 2039 ad
2798 1995 3124 2059 utramque
3159 1978 3290 2040 for-

571 2103 613 2146 ιε
674 2101 842 2144 mam
887 2104 920 2144 a
965 2083 1189 2145 nostris
1233 2083 1502 2145 ecclesiis
1549 2100 1912 2165 provocatae
1961 2085 2225 2164 probent
2270 2103 2334 2144 se
2368 2103 2618 2164 quaqua
2650 2100 2869 2166 putant
2897 2088 3286 2167 apostolicas.

674 2189 795 2252 Sed
828 2191 984 2252 adeo
1016 2211 1130 2253 nec
1159 2208 1302 2253 sunt
1334 2211 1449 2254 nec
1481 2193 1741 2273 probare
1773 2207 2033 2273 possunt
2066 2190 2241 2270 quod
2275 2209 2404 2250 non
2435 2206 2604 2263 sunt,
2652 2211 2766 2253 nec
2800 2193 3188 2274 recipiuntur
3219 2195 3285 2257 in

673 2317 887 2378 pacem
933 2315 990 2359 et
1035 2299 1670 2365 communicationem
1716 2301 1793 2359 ab
1826 2297 2096 2359 ecclesiis
2129 2317 2394 2378 quoquo
2426 2298 2621 2359 modo
2653 2300 3026 2380 apostolicis,
3056 2301 3281 2363 scilicet

671 2405 753 2464 ob
799 2404 1211 2467 diversitatem
1247 2405 1609 2468 sacramenti
1644 2404 1821 2466 nullo
1855 2405 2048 2466 modo
2079 2403 2469 2485 apostolicae.
2531 2403 2590 2483 [l.
2622 2425 2672 2467 c.
2711 2425 2846 2487 pag.
2890 2407 3286 2488 570—57t.l

848 2513 998 2593 Cap.
1012 2512 1168 2575 XLI.
1190 2514 1334 2573 Non
1355 2512 1631 2574 omittam
1653 2511 1847 2593 ipsius
1867 2511 2053 2577 etiam
2071 2510 2552 2572 conversationis
2572 2512 2906 2574 haereticae
2922 2514 3277 2596 descriptio-

561 2642 615 2672 20
671 2643 836 2697 nem,
869 2639 1060 2702 quam
1106 2618 1311 2695 futilis,
1340 2638 1529 2699 quam
1559 2636 1816 2697 terrena,
1848 2638 2040 2698 quam
2073 2618 2347 2681 humana
2378 2618 2470 2695 sit,
2501 2619 2634 2679 sine
2664 2620 2971 2701 gravitate,
3002 2622 3137 2683 sine
3170 2641 3282 2683 au-

668 2731 961 2805 ctoritate,
979 2730 1109 2791 sine
1130 2727 1468 2809 disciplina,
1494 2744 1561 2789 ut
1586 2726 1724 2788 fidei
1744 2747 1891 2789 suae
1912 2745 2279 2806 congruens.
2309 2726 2592 2807 Inprimis
2614 2726 2756 2807 quis
2774 2728 3284 2806 catechumenus,

669 2839 809 2919 quis
832 2838 1046 2912 fidelis,
1080 2836 1385 2897 incertum
1405 2850 1525 2907 est;
1560 2834 1781 2916 pariter
1799 2835 2048 2911 adeunt,
2081 2832 2298 2914 pariter
2317 2832 2599 2913 audiunt,
2623 2834 2850 2914 pariter
2867 2850 3067 2912 orant,
3091 2836 3281 2898 etiam

669 2944 916 3024 ethnici,
964 2945 1014 3004 si
1061 2941 1559 3024 supervenerint3
1613 2957 1898 3002 sanctum
1942 2940 2199 3001 canibus
2244 2955 2304 3001 et
2336 2941 2539 3022 porcis
2572 2940 2941 3020 margaritas,
2973 2942 3113 3004 licet
3146 2962 3282 3004 non

667 3072 858 3130 veras,
906 3053 1229 3113 iactabunt.
1266 3048 1728 3130 Simplicitatem
1761 3049 1984 3109 volunt
2015 3066 2146 3107 esse
2181 3047 2652 3128 prostrationem
2685 3047 3064 3129 disciplinae,
3100 3050 3284 3111 cuius

557 3181 608 3223 2}
667 3179 859 3242 penes
891 3179 1008 3221 nos
1039 3175 1253 3218 curam
1283 3155 1672 3218 lenocinium
1702 3171 1940 3215 vocant.
2001 3155 2220 3216 Pacem
2254 3173 2512 3234 quoque
2546 3153 2775 3235 passim
2804 3173 2952 3215 cum
2982 3156 3283 3217 omnibus

664 3267 942 3328 miscent.
1004 3267 1176 3328 Nihil
1220 3266 1384 3327 enim
1432 3266 1685 3327 interest
1718 3263 1855 3341 illis,
1899 3263 2040 3324 licet
2073 3264 2307 3324 diversa
2342 3263 2759 3341 tractantibus,
2791 3265 2948 3326 dum
2977 3266 3053 3326 ad
3089 3265 3281 3328 unius

665 3373 926 3436 veritatis
959 3373 1481 3455 expugnationem
1516 3371 1889 3452 conspirent.
1953 3371 2192 3431 Omnes
2222 3386 2488 3446 tument,
2539 3389 2759 3450 omnes
2789 3370 3105 3433 scientiam
3137 3373 3277 3453 pol-

660 3482 937 3544 licentur.
1002 3487 1167 3542 Ante
1198 3497 1344 3542 sunt
1376 3480 1625 3561 perfecti
1657 3479 2084 3541 catechumeni
2116 3497 2307 3559 quam
2340 3477 2557 3539 edocti.
2591 3477 2760 3558 Ipsae
2798 3477 3092 3540 mulieres
3123 3479 3273 3541 hae·-

663 3589 900 3666 reticae,
936 3607 1129 3669 quam.
1160 3594 1474 3669 procaces!
1512 3606 1670 3667 quae
1703 3586 1969 3647 audeant
1996 3585 2240 3660 docere,
2263 3584 2657 3661 contendere,
2680 3585 3060 3645 exorcismos
3073 3604 3280 3663 agere,

555 3717 607 3758 30
662 3697 1010 3759 curationes
1042 3695 1485 3778 repromittere,
1522 3695 1778 3757 forsitan
1811 3706 1870 3754 et
1901 3693 2154 3771 tingere.
2188 3691 2625 3753 Ordinationes
2646 3709 2868 3752 eorum
2899 3691 3275 3770 temerariae,

659 3805 841 3888 leves,
863 3804 1296 3866 inconstantes.
1319 3803 1506 3863 Nunc
1527 3801 1881 3883 neophytos
1900 3800 2251 3876 conlocant,
2286 3818 2454 3859 nunc
2473 3798 2722 3858 saeculo
2741 3797 3083 3868 obstrictos,
3103 3793 3278 3862 nunc

645 3899 965 3993 ‘apostatas
1011 3925 1275 3985 nostrOS,
1321 3925 1387 3970 ut
1433 3908 1627 3987 gloria
1659 3928 1767 3970 eos
1799 3908 2095 3986 obligent,
2141 3906 2285 3986 quia
2320 3905 2569 3966 veritate
2603 3924 2733 3965 non
2764 3920 3042 3984 possunt.
3106 3905 3275 3965 Nus—-

661 4037 847 4098 quam
885 4018 1117 4079 facilius
1150 4015 1468 4098 proficitur
1500 4035 1688 4096 quam
1723 4016 1786 4075 in
1820 4014 2028 4075 castris
2061 4012 2407 4090 rebellium,
2445 4012 2548 4072 ubi
2584 4011 2790 4092 ipsum
2823 4030 2951 4072 esse
2984 4010 3107 4073 illic
3126 4030 3275 4092 pro·

661 4124 877 4185 mereri
929 4141 1034 4188 est.
1095 4124 1303 4204 Itaque
1353 4124 1510 4184 alius
1561 4123 1746 4183 hodie
1780 4122 2129 4202 episcopus,
2183 4139 2314 4181 cras
2363 4120 2535 4193 alius,
2588 4118 2834 4179 hodie
2876 4118 3276 4179 diaconus

550 4252 599 4293 ’ἥ
659 4251 696 4311 q
719 4232 792 4294 ui
841 4251 1010 4293 cras
1057 4231 1348 4305 lector,
1414 4231 1600 4291 hodie
1649 4233 1972 4310 presbyter
2004 4228 2113 4308 qui
2152 4246 2285 4288 cras
2316 4227 2527 4287 laicuS.
2592 4227 2754 4286 Nam
2787 4240 2847 4285 et
2876 4224 3048 4286 laicis
3072 4244 3275 4287 sacer-

656 4338 880 4398 dotalia
914 4357 1171 4399 munera
1206 4337 1559 4416 iniungant.
1626 4334 1680 4415 [l.
1715 4354 1765 4396 c.
1802 4354 1936 4416 pag.
1977 4331 2138 4414 578.]

1255 4547 1312 4602 9.
1365 4544 1735 4601 'ruscms
1774 4542 2173 4599 CAECILIUS
2213 4541 2661 4600 cYPRIANnS.

868 4684 897 4717 *
936 4683 987 4738 S.
1027 4680 1226 4734 leasci
1245 4680 1471 4734 Caecilii
1491 4680 1745 4752 Cypriani
1769 4685 1933 4750 opera
1961 4679 2162 4744 omm‘a,
2189 4693 2299 4731 rec.
2345 4677 2396 4730 H
2414 4694 2444 4730 a
2462 4688 2527 4730 rt
2545 4674 2636 4744 el,
2661 4675 2897 4746 (Corpus
2923 4676 3108 4745 script.
3135 4676 3272 4727 eccl.

653 4767 750 4818 lat.
777 4762 906 4818 Vol.
934 4761 1017 4815 ΙΙΙ.
1048 4761 1245 4816 Partes
1283 4768 1448 4828 1-3).
1502 4760 1892 4815 Vindobonae
1937 4756 2082 4813 1868.
2135 4757 2228 4812 Re
2248 4769 2269 4812 t
2287 4770 2307 4812 t
2325 4759 2411 4814 be
2428 4775 2454 4811 r
2471 4774 2535 4829 g,
2576 4756 2896 4828 Cyprianus.
2947 4751 3265 4824 Gottingen

556 4859 598 4898 ιο
664 4848 756 4919 183
772 4862 810 4898 ι.
863 4844 902 4900 F
920 4859 992 4898 re
1010 4860 1045 4914 p
1064 4860 1098 4913 p
1118 4840 1209 4911 el,
1243 4842 1318 4899 St.
1349 4842 1595 4913 Cyprien.
1620 4838 1776 4894 Paris
1813 4839 1990 4909 ¹89o⁸.
2032 4839 2074 4893 P
2093 4855 2124 4893 e
2143 4851 2164 4893 t
2181 4854 2210 4894 e
2231 4855 2326 4908 τε,
2352 4841 2470 4894 Der
2494 4838 2566 4892 hl.
2595 4837 2846 4909 Cyprian.
2886 4834 3263 4906 Regensburg

662 4925 808 4999 1877.
860 4924 902 4978 F
920 4941 950 4979 e
968 4941 996 4979 c
1014 4924 1049 4980 h
1069 4937 1090 4979 t
1106 4941 1133 4978 r
1150 4943 1183 4976 u
1201 4940 1265 4991 p,
1304 4924 1424 4977 Der
1448 4922 1519 4979 hl.
1549 4921 1802 4993 Cyprian.
1842 4922 2101 4975 Munster
2137 4918 2287 4992 1878.
2339 4920 2383 4973 B
2404 4937 2434 4973 e
2451 4936 2490 4972 n
2506 4936 2531 4973 s
2551 4935 2587 4973 o
2606 4935 2642 4972 n
2656 4958 2671 4986 ,
2714 4917 2964 4988 varian.
3007 4914 3260 4970 London

664 5005 808 5078 1897.
862 5003 917 5057 M
937 5021 973 5059 0
992 5021 1028 5058 n
1047 5020 1078 5057 c
1095 5020 1125 5057 e
1142 5020 1173 5057 a
1192 5021 1227 5057 u
1244 5022 1310 5070 x,
1352 5004 1592 5056 Histoire
1630 5002 1898 5054 lz'tte‘rat're
1934 5000 2002 5052 de
2039 5001 2079 5052 l'
2095 4999 2340 5069 Afrique
2365 4998 2712 5061 chrdtiennm
2751 4997 2923 5050 Tom.
2956 4994 3016 5048 11.
3058 4995 3134 5048 St.
3163 4995 3269 5062 Cy-
