3684 5416
407 1526 456 1558 to

409 2070 454 2114 15

409 2605 461 2635 20

413 3138 464 3182 ²5

419 3681 472 3727 30

423 4216 473 4259 35

1140 354 1403 407 Potestas
1441 351 1822 409 ecclesiastica
1863 365 1918 407 et
1957 352 2264 424 imperium
2294 352 2473 408 civile.
3007 349 3111 421 287

501 535 624 611 ciis,
661 536 1083 615 Hachenburg
1115 551 1174 605 et
1207 534 1624 611 Matienstadt,
1659 536 2052 616 nuncupatis,
2084 556 2244 616 quae
2278 537 2343 597 in
2380 536 2621 597 Ducatu
2656 535 2982 596 Nassaviae
3014 552 3111 595 re·

503 644 838 723 periuntur.

716 750 1025 827 (XXVIII.)
1091 749 1400 811 Dioecesis
1436 748 1811 831 Episcopalis
1863 750 2165 811 Ecclesiae
2198 750 2763 817 Trevirensis,
2815 750 2891 809 ab
2940 745 3113 809 omni

503 857 955 937 Metropolitico
988 856 1118 933 jure
1138 856 1600 937 Archiepiscopi
1628 856 2094 919 Mechliniensis
2113 860 2478 934 subtractae,
2513 878 2582 918 ac
2605 855 3113 936 Metropolitanae

505 963 897 1026 Coloniensis
943 964 1362 1045 suffraganaae
1412 963 1781 1043 adsignatae,
1830 963 2134 1024 constabit
2184 964 2338 1025 infra
2376 964 2575 1044 Regni
2609 961 2917 1025 Borussici
2962 961 3117 1023 fines

505 1089 574 1130 ex
606 1069 899 1131 Paraeciis
939 1071 1306 1133 Sexcentum
1340 1070 1620 1149 Triginta
1666 1085 1953 1149 quatuor,
2000 1068 2226 1131 scilicet
2258 1070 2319 1132 in
2351 1070 2591 1135 sinistra
2626 1070 2831 1132 Rheni
2864 1068 3011 1149 ripa,
3043 1088 3115 1129 ex

508 1177 574 1238 iis
608 1177 922 1256 omnibu5‚
957 1197 1117 1257 quae
1150 1195 1288 1240 actu
1323 1179 1399 1241 ad
1433 1178 1596 1240 illam
1623 1176 1971 1239 Dioecesim
2004 1176 2329 1257 pertinent,
2353 1194 2411 1238 et
2432 1176 2746 1258 provincia
2766 1174 3119 1241 Trevirensi

506 1284 913 1345 continentur.
1005 1286 1175 1346 Tum
1220 1305 1369 1346 vero
1417 1306 1489 1345 ex
1535 1304 1605 1344 ea
1653 1303 2012 1364 suppressae
2053 1303 2223 1345 nunc
2257 1284 2569 1347 Dioecesis
2602 1282 3119 1364 Aquisgranensis

509 1408 691 1473 parte,
727 1412 886 1472 quae
923 1393 986 1454 in
1008 1393 1404 1455 Confluentia
1426 1392 1745 1455 Provincia
1777 1392 2172 1454 continentur
2205 1393 2483 1454 videlicet
2514 1392 2749 1455 civitate
2780 1392 2909 1473 ipsa
2942 1392 3117 1453 Con·

509 1500 816 1578 fluentiae,
853 1517 911 1562 et
947 1501 1228 1564 Ecclesiis
1260 1502 1712 1564 Cantonalibus
1746 1500 2150 1582 nuncupatis:
2187 1501 2470 1578 Adenau,
2491 1499 2855 1576 Ahrweiler‚
2876 1498 3118 1563 Ander-

509 1611 686 1686 nach,
739 1611 1041 1691 ssoppard‚
1089 1611 1463 1684 Castellaun,
1511 1611 1811 1683 Cochem,
1862 1610 2245 1684 Creuznach,
2291 1608 2723 1690 Kaysersesch‚
2763 1607 3117 1687 Kirchberg,

512 1718 686 1787 Kirn,
735 1718 1079 1793 Lutzerath,
1129 1719 1376 1798 Mayen,
1414 1716 1987 1799 Munstermayfeld,
2022 1717 2464 1791 Niederzissen,
2496 1716 2876 1793 Oberwesel,
2911 1717 3122 1791 Polch,

513 1825 879 1895 punderich,
927 1826 1262 1905 Remagen‚
1312 1826 1672 1902 Rubenach,
1709 1826 2040 1903 Simmern,
2073 1826 2508 1895 Sobernbeim,
2544 1825 2629 1887 St.
2664 1826 2852 1901 Goar,
2884 1823 3121 1885 Strom-

513 1934 677 2013 berg,
711 1931 944 2003 Treiss,
977 1933 1227 2007 Ulmen‚
1265 1934 1665 2004 Wanderath,
1709 1949 1767 1994 et
1799 1933 1947 2005 zell,
1993 1953 2137 1994 cum
2170 1933 2300 1995 suis
2332 1933 2810 2005 succursalibus‚
2843 1948 2901 1993 et
2931 1933 3121 1994 adne-

513 2043 615 2103 xis.
649 2042 840 2103 Porro
890 2056 1099 2102 autem
1150 2061 1220 2101 ex
1273 2058 1523 2103 centum
1574 2041 1814 2120 triginta
1866 2041 2107 2102 duabus
2142 2041 2436 2102 Paraeciis
2481 2056 2615 2101 tum
2661 2040 3124 2113 Cantonalibus,

512 2164 649 2209 tum
694 2148 1161 2220 succursalibus,
1209 2167 1348 2209 cum
1398 2148 1526 2209 suis
1569 2148 1844 2223 adnexis
1876 2168 2034 2229 quae
2068 2148 2130 2209 in
2164 2147 2729 2227 circumscriptione
2780 2148 2947 2209 Anni
2981 2149 3123 2209 mil-

513 2255 707 2315 lesimi
761 2254 1255 2333 octingentesimi
1303 2255 1483 2335 primi
1516 2254 1794 2317 Dioecesi
1831 2255 2090 2316 Metensi
2126 2254 2364 2316 fuerant
2395 2255 2736 2330 attributae,
2787 2274 2855 2315 ac
2900 2255 3123 2316 deinde

513 2361 916 2442 temporariae
979 2361 1486 2423 administrationi
1539 2362 1762 2422 Vicarii
1814 2361 2183 2442 Capitularis
2230 2361 2615 2423 Trevirensis
2663 2364 2739 2421 ab
2789 2362 3125 2441 apostolica

515 2469 657 2528 sede
707 2468 1093 2531 commissae.
1171 2469 1238 2530 ln
1291 2469 1495 2529 dextra
1550 2488 1694 2530 vero
1730 2469 1935 2530 Rheni
1989 2469 2115 2549 ripa
2166 2489 2239 2530 ex
2286 2470 2522 2530 cunctis
2556 2468 2842 2530 Ecclesiis
2876 2469 3126 2530 ditionis

518 2575 888 2651 Borussicae,
920 2596 1079 2655 quae
1113 2576 1349 2656 pridem
1382 2577 1458 2637 ad
1482 2558 1675 2656 ipsaffn
1698 2576 2132 2638 Trevirensem
2155 2576 2498 2638 Dioecesim
2530 2579 2903 2657 spectabant,
2937 2596 3123 2656 quae-

517 2701 639 2762 que
674 2701 780 2762 per
811 2680 1274 2745 Gallicanarum
1297 2683 1689 2745 Dioecesium
1726 2685 2360 2765 circumscriptionem
2391 2703 2563 2746 anno
2585 2683 2915 2745 millesimo
2934 2683 3126 2746 octin-

516 2789 861 2871 gentesimo
910 2791 1111 2870 primo
1159 2812 1190 2851 a
1224 2792 1422 2852 Nobis
1468 2790 1686 2851 factam
1719 2793 1794 2851 ab
1827 2790 1926 2851 illa
1962 2791 2199 2852 fuerant
2231 2791 2723 2866 dismembratae‚
2757 2810 2827 2851 ac
2859 2790 2919 2852 in
2952 2810 3127 2872 prae-

519 2917 656 2958 sens
701 2918 736 2958 a
768 2897 1009 2959 Vicario
1041 2900 1406 2978 Apostolico
1453 2899 1516 2960 in
1561 2899 1792 2979 oppido
1828 2899 2346 2963 Ehrenbreitstein
2381 2900 2684 2960 residente
2718 2900 2793 2960 ad
2830 2900 3127 2960 Nostrum

521 3004 969 3083 beneplacitum
1004 3005 1525 3067 administrantur.
1588 3006 1873 3067 Tandem
1916 3025 2060 3066 vero
2100 3021 2261 3067 extra
2296 3007 2673 3086 praedictum
2708 3008 3128 3069 Paraeciarutn

521 3127 873 3172 sexcentum
927 3112 1172 3194 triginta
1224 3130 1493 3193 quatuor
1543 3133 1897 3188 numerum,
1956 3115 2278 3194 Regnique
2332 3116 2637 3176 Borussici
2692 3115 2844 3177 fines
2895 3116 3132 3178 cunctis

523 3217 658 3292 illis,
708 3238 865 3298 quae
913 3219 976 3280 in
1007 3220 1356 3282 Territoriis
1391 3221 1746 3301 Principum
1782 3221 2226 3302 Coburgensis‚
2260 3220 2774 3300 Homburgensis,
2806 3240 2863 3284 et
2891 3223 3133 3285 Olden-

524 3325 844 3405 burgensis
877 3326 1278 3389 inveniuntur
1311 3328 1430 3405 jam
1465 3327 1581 3409 ipsi
1617 3327 1899 3389 Dioecesi
1931 3329 2283 3389 Trevirensi
2317 3330 2777 3409 pertinentibus.

738 3434 999 3510 (XXIX.)
1050 3435 1396 3496 Dioecesim
1433 3435 1816 3516 Episcopalis
1851 3436 2344 3497 Monasterie
2365 3438 2532 3497 nsis
2565 3437 2868 3499 Ecclesiae
2902 3438 3134 3499 Suffra-

524 3561 718 3618 ganae
752 3543 1258 3620 Metropolitanae
1292 3542 1689 3604 Coloniensis
1722 3543 2140 3603 efformabunt
2175 3542 2522 3603 biscentum
2554 3544 2868 3622 octoginta
2900 3559 3137 3625 septem

528 3649 838 3710 Paraeciae
890 3650 1047 3710 intra
1097 3649 1252 3710 fines
1287 3650 1483 3729 Regni
1522 3649 1834 3710 Borussici
1881 3648 2028 3709 sitae
2073 3664 2132 3709 et
2178 3648 2327 3709 aliae
2374 3669 2629 3729 quoque
2663 3666 2824 3710 extra
2857 3649 3135 3728 ejusdem

527 3758 730 3836 Regni
763 3757 913 3819 fines
946 3756 1007 3817 in
1039 3759 1260 3818 eodem
1297 3757 1682 3818 Dioecesano
1714 3755 2059 3817 Territorio
2091 3772 2228 3817 actu
2261 3758 2763 3838 comprehensae,
2799 3760 2875 3819 de
2909 3758 3137 3838 quibus

531 3867 592 3927 in
636 3866 803 3927 aliud
852 3882 1097 3946 tempus
1144 3864 1516 3944 disponendi
1551 3864 1767 3940 Nobis,
1815 3878 1873 3923 et
1909 3863 2208 3925 Romanis
2242 3863 2649 3926 Pontificibus
2681 3864 3138 3926 successoribus

531 3973 770 4035 Nostris
818 3990 1002 4054 prout
1054 3988 1486 4054 opportunum
1534 3972 1597 4033 in
1633 3971 1911 4033 Domino
1958 3971 2324 4049 judicabitur
2360 3973 2706 4033 facultatem
2738 3991 3139 4034 reservamus,

533 4081 947 4160 Adiungimus
995 4096 1299 4163 praeterea
1335 4080 1645 4159 Regiones
1692 4094 2093 4160 nuncupataS‚
2144 4079 2834 4158 Recklinghausensem,
2868 4077 3141 4139 Sterkra-

531 4191 832 4262 thensem,
885 4205 942 4249 et
999 4189 1395 4264 Reesensem,
1448 4188 1684 4268 pridem
1735 4187 2024 4268 antiquae
2070 4187 2466 4249 Coloniensis
2514 4186 2845 4262 Dioecesis‚
2899 4185 3142 4247 exclusa

532 4311 737 4356 tamen
788 4296 862 4355 ab
911 4290 1024 4356 hac
1077 4311 1384 4375 postrema
1435 4295 1713 4374 Regione
1765 4294 2042 4355 Paraecia
2090 4294 2320 4356 Oeffelt
2368 4297 2485 4357 sub
2516 4295 2878 4376 Temporali
2919 4294 3143 4374 Belgici

537 4402 735 4482 Regni
782 4400 1065 4461 dominio
1113 4401 1426 4478 existente,
1476 4421 1589 4462 nec
1637 4421 1765 4463 non
1811 4422 1885 4462 ex
1934 4400 2213 4462 Dioecesi
2262 4401 2750 4482 Aquisgranensi
2798 4420 2965 4462 nunc
2996 4421 3144 4482 sup-

537 4528 737 4589 pressa
770 4509 1147 4571 Cantonales
1191 4509 1493 4570 Ecclesias
1540 4523 1961 4589 nuncupatas:
2011 4508 2244 4586 Calcat,
2278 4508 2488 4586 Cleve,
2522 4509 2953 4587 Cranenburg,
2988 4509 3143 4570 Dul-

537 4621 672 4696 ken,
704 4616 998 4693 Geldern‚
1030 4616 1230 4693 Goch,
1265 4617 1549 4697 Kempen
1586 4618 1814 4694 Meurs,
1853 4616 2227 4695 Rheinberg,
2263 4618 2602 4693 Wanltum,
2629 4616 2857 4690 Wesel,
2889 4631 2947 4676 et
2980 4617 3148 4676 Xan-

536 4739 657 4800 ten,
708 4743 852 4783 cum
899 4724 1029 4784 suis
1075 4723 1547 4800 succursalibuS,
1596 4739 1656 4784 et
1686 4724 1955 4798 adnexis,
1988 4723 2249 4804 exceptis
2283 4739 2488 4784 tamen
2523 4723 2592 4784 iis
2627 4723 2927 4785 Dominio
2962 4723 3148 4802 Regis

537 4832 863 4911 Belgarum
915 4832 977 4892 in
1024 4833 1467 4913 temporalibus
1512 4831 1818 4909 subjectis.
1887 4831 2304 4911 Adiungimus
2352 4832 2605 4913 insuper
2646 4831 2954 4893 Paraecias
2989 4851 3149 4892 nun-

539 4955 807 5020 cupataS,
863 4939 1040 4999 Elten
1092 4955 1150 5000 et
1202 4939 1577 5015 Emmerich,
1627 4959 1771 5000 cum
1818 4961 1929 5000 sua
1978 4938 2144 5000 filiali
2195 4940 2317 5000 huc
2367 4959 2563 5020 usque
2600 4941 2715 4998 sub
2750 4938 3149 5000 missionibus
