3684 5416
381 1505 432 1538 to

385 2041 432 2084 ¹5

379 2579 437 2611 20

383 3117 435 3160 25

387 3650 443 3697 30

390 4184 440 4228 35

388 4720 446 4761 40

1122 337 1387 390 Potestas
1428 335 1807 391 ecclesiastica
1848 349 1905 391 et
1941 336 2244 408 imperium
2283 337 2458 393 civile.
2983 358 3087 411 257

485 520 692 581 ficium
723 539 834 580 seu
867 518 1316 601 praeiudicium
1351 520 1535 581 etiam
1567 519 1901 580 minimum
1933 520 2215 599 afferunt,
2245 539 2350 584 aut
2379 521 2623 601 inferre,
2658 543 2767 585 seu
2802 523 3098 600 intulisse,

485 643 542 687 et
572 626 718 688 alias
749 645 992 705 nocere,
1030 646 1140 687 seu
1173 626 1458 687 nocuisse
1490 628 1951 707 quoquomodo
1982 628 2120 705 dici,
2152 629 2426 709 intelligi,
2460 631 2794 711 praetendi,
2826 630 2921 691 vel
2953 649 3094 692 cen-

483 733 598 793 seri
646 746 914 814 possent,
963 750 1108 793 cum
1157 732 1456 793 omnibus
1487 731 1633 793 inde
1665 732 1890 794 secutis
1922 749 1981 794 et
2011 735 2541 817 quandocumque
2571 737 2928 817 sequendis,
2961 737 3098 819 ipso

483 838 613 899 iure
647 839 833 915 nulla,
879 837 1059 916 irrita,
1103 838 1393 915 invalida,
1440 837 1674 919 iniqua,
1709 838 1954 919 iniusta,
1990 842 2293 920 damnata,
2325 845 2665 924 reprobata,
2696 843 2920 922 inania,
2955 844 3098 906 viri-

486 948 730 1026 busque
781 960 838 1006 et
871 943 1091 1007 effectu
1123 964 1314 1006 vacua
1346 945 1609 1006 omnino
1643 944 1851 1023 fuisse,
1885 966 2017 1007 esse
2048 963 2107 1008 et
2138 962 2437 1029 perpetuo
2470 949 2619 1028 fore,
2652 950 3097 1031 neminemque

485 1053 562 1113 ad
607 1052 876 1130 illorum,
923 1067 981 1113 et
1025 1051 1352 1113 cuiuslibet
1396 1071 1635 1132 eorum,
1685 1053 1921 1115 etiamsi
1967 1054 2318 1117 iuramento
2351 1056 2566 1118 vallata
2597 1057 2736 1135 sint,
2766 1059 3098 1118 observan-

483 1160 629 1221 tiam
677 1160 887 1238 teneri,
934 1179 1140 1240 neque
1186 1179 1259 1221 ex
1302 1159 1423 1221 illis
1454 1160 1750 1242 cuiquam
1781 1162 2039 1243 aliquod
2069 1163 2187 1242 ius,
2223 1163 2321 1224 vel
2354 1164 2678 1243 actionem,
2713 1178 2817 1225 aut
2845 1163 3098 1225 titulum

486 1267 849 1341 coloratum,
897 1267 994 1328 vel
1039 1286 1287 1328 causam
1334 1269 1807 1347 praescribendi,
1854 1270 2089 1331 etiamsi
2122 1271 2469 1350 longissimi
2501 1287 2560 1333 et
2596 1269 3098 1333 immemerabilis

486 1373 782 1455 temporis
814 1376 1140 1456 possessio,
1185 1396 1297 1437 seu
1328 1377 1510 1457 quasi
1542 1378 1868 1459 possessio,
1915 1379 2100 1441 etiam
2133 1379 2278 1440 citra
2314 1379 2503 1441 ullam
2536 1378 3099 1462 interpellationem

484 1499 595 1541 seu
631 1480 1145 1561 interruptionem
1178 1485 1611 1564 subsequatur,
1656 1484 2030 1565 acquisitum
2065 1485 2272 1566 fuisse,
2319 1505 2434 1547 nec
2466 1507 2615 1563 esse,
2649 1487 2935 1549 minusve
2968 1485 3099 1546 ullo

484 1603 763 1669 tempore
813 1590 1047 1670 acquiri
1097 1605 1157 1651 et
1205 1606 1554 1672 competere
1601 1610 1802 1672 posse,
1851 1611 2055 1673 neque
2103 1592 2226 1654 ulla
2273 1593 2472 1655 ullum
2517 1608 2744 1656 statum
2778 1593 2970 1654 facere
3002 1591 3099 1652 vel

487 1694 720 1772 fecisse,
755 1710 965 1776 atque,
1000 1698 1255 1778 perinde
1288 1717 1358 1758 ac
1388 1697 1439 1757 si
1472 1717 1876 1778 nequaquam
1908 1715 2313 1777 emanassent,
2359 1720 2472 1782 pro
2501 1719 2637 1762 non
2669 1699 3012 1762 extantibus
3043 1714 3102 1760 et

486 1823 615 1865 non
669 1803 837 1865 factis
871 1822 1171 1887 perpetuo
1204 1805 1415 1866 haberi
1448 1805 1689 1883 debere,
1734 1822 1950 1867 tenore
1982 1807 2345 1868 earumdem
2378 1808 2791 1889 praesentium
2822 1805 3101 1868 decerni-

489 1930 649 1972 mus.
712 1911 788 1972 Et
834 1912 1266 1989 nihilominus,
1314 1912 1389 1972 ad
1438 1913 1955 1974 abundantiorem
2001 1914 2319 1992 cautelam,
2364 1931 2421 1977 et
2466 1932 2770 1996 quatenus
2813 1934 2974 1996 opus
3005 1914 3099 1986 sit,

490 2019 776 2081 articulos
824 2019 1149 2100 praefatos»,
1197 2019 1438 2099 aliaque
1485 2019 1834 2099 praemissa,
1884 2036 1951 2082 ut
1997 2021 2353 2102 praefertur,
2399 2022 2871 2103 praeiudicialia,
2900 2038 3097 2099 motu,

485 2125 755 2204 scientia,
804 2126 1239 2188 deliberatione
1287 2141 1345 2187 et
1389 2126 1699 2207 potestatis
1745 2127 2131 2208 plenitudine
2163 2129 2432 2209 paribus,
2466 2130 2837 2191 damnamus
2870 2149 3083 2211 repro-

487 2235 726 2311 bamus,
771 2233 1102 2311 irritamus,
1138 2251 1469 2313 cassamus,
1504 2233 1926 2312 annullamus,
1960 2234 2320 2317 viribusque
2354 2251 2413 2296 et
2446 2236 2665 2297 effectu
2707 2254 3097 2312 evacuamUS,

487 2354 547 2399 et
577 2354 790 2402 contra
820 2340 941 2414 illa,
974 2340 1177 2420 deque
1211 2359 1431 2401 eorum
1464 2339 1765 2416 nullitate,
1801 2360 2009 2402 coram
2044 2342 2181 2402 Deo
2213 2356 2614 2423 potestamur.
2667 2343 2757 2421 Et,
2791 2357 3100 2424 quatenus

487 2445 696 2507 itidem
747 2466 908 2528 opus
957 2447 1053 2522 sit,
1104 2447 1351 2507 easdem
1396 2446 1623 2507 Sedem
1671 2448 2115 2529 Apostolicam,
2160 2449 2635 2531 Romanamque
2682 2466 2741 2511 et
2785 2449 3101 2511 inferiores

490 2552 788 2631 ecclesias,
820 2573 889 2615 ac
922 2554 1232 2634 quaelibet
1263 2554 1401 2615 loca
1434 2552 1534 2635 pia
1567 2567 1626 2614 et
1658 2572 2087 2634 quascumque
2119 2574 2415 2635 personas
2435 2555 2866 2617 ecclesiasticas
2885 2556 3099 2616 adver-

493 2677 598 2720 sus
629 2659 732 2721 illa
766 2661 832 2722 in
865 2659 1195 2742 integrum,
1231 2680 1301 2722 ac
1332 2660 1683 2743 pristinum,
1718 2677 1778 2723 et
1809 2681 1958 2723 eum
1989 2662 2055 2724 in
2076 2681 2227 2752 quo,
2259 2678 2399 2724 ante
2422 2663 2812 2745 praedictam,
2837 2676 2894 2724 et
2915 2681 3101 2743 quas·

493 2786 762 2847 cumque
806 2769 953 2829 alias
1003 2785 1276 2846 assertaS,
1328 2788 1439 2829 seu
1487 2784 1840 2849 praetensas
1887 2769 2220 2831 anteriores
2266 2770 2727 2848 transactiones,
2763 2770 3100 2851 pactiones,

492 2892 602 2933 seu
635 2875 1077 2937 conventiones
1109 2876 1263 2936 circa
1297 2875 1627 2957 praemissa
1661 2876 2043 2957 ubicumque
2077 2877 2677 2958 quomodocumque
2709 2876 2912 2957 factas,
2932 2893 3103 2937 erant

493 2995 720 3041 statum
751 2982 1147 3060 restituimuS,
1183 2983 1540 3063 reponimus
1571 3003 1640 3044 ac
1674 2984 1945 3064 plenarie
1980 2985 2446 3064 reintegramus.

707 3097 736 3157 s
768 3109 828 3167 4.
891 3090 1244 3151 Praesentes
1276 3109 1530 3171 quoque
1563 3091 1810 3171 litteraS,
1853 3111 1994 3152 cum
2030 3091 2322 3153 omnibus
2356 3106 2415 3152 et
2446 3091 2705 3173 singulis
2737 3092 2801 3154 in
2836 3091 2921 3154 eis
2954 3111 3103 3152 con-

493 3195 692 3274 tentiS,
738 3196 924 3257 etiam
968 3217 1040 3258 ex
1084 3217 1180 3276 e0,
1235 3197 1408 3277 quod
1454 3196 1724 3279 praefati,
1759 3214 1816 3258 et
1853 3199 2236 3279 quicumque
2269 3199 2392 3275 alii,
2430 3198 2611 3260 etiam
2644 3198 2891 3281 speciali
2926 3218 3104 3259 men-

492 3301 661 3362 tione
712 3318 770 3363 et
818 3304 1209 3385 expressione
1260 3303 1453 3383 digni,
1507 3319 1565 3363 et
1611 3304 1673 3364 in
1719 3305 2070 3385 praemissis
2115 3325 2226 3366 seu
2274 3325 2493 3367 eorum
2546 3306 2759 3385 aliquo
2810 3306 3101 3367 interesse

496 3410 807 3488 habenteS,
856 3431 967 3472 seu
1014 3413 1236 3473 habere
1285 3411 1759 3492 quomodolibet
1790 3413 2276 3493 praetendentes,
2309 3414 2426 3474 illis
2459 3414 2813 3474 nullatenus
2845 3431 3106 3473 consen—

496 3516 696 3596 serint,
727 3537 840 3578 nec
872 3520 949 3579 ad
982 3539 1051 3580 ea
1086 3519 1297 3597 vocati,
1331 3519 1491 3579 citati
1524 3518 1619 3578 vel
1652 3517 1864 3596 auditi,
1897 3519 2180 3580 minusve
2217 3540 2453 3597 causae,
2500 3535 2750 3600 propter
2783 3538 2938 3599 quas
2970 3538 3105 3579 eae-

496 3622 640 3683 dem
686 3642 1037 3705 praesentes
1069 3641 1455 3702 emanarunt,
1489 3624 1805 3702 deductae,
1851 3625 2208 3705 verificatae,
2255 3646 2362 3687 seu
2398 3625 2543 3686 alias
2575 3625 2969 3699 sufficienter,
3003 3641 3106 3685 aut

498 3730 679 3791 etiam
712 3732 841 3792 ullo
874 3733 1065 3794 modo
1100 3733 1454 3794 iustificatae
1488 3732 1731 3810 fuerint,
1768 3733 1946 3794 nullo
1981 3752 2260 3813 unquam
2279 3750 2556 3814 tempore
2575 3733 2650 3794 de
2671 3732 3107 3813 subreptioniS,

498 3838 894 3919 obreptioniS,
944 3839 1256 3911 nullitatis,
1305 3855 1410 3900 aut
1458 3838 1846 3899 invaliditatis
1896 3838 2064 3917 viti0,
2117 3858 2225 3899 seu
2277 3838 2637 3900 intentionis
2690 3853 2955 3916 nostrae,
3003 3852 3108 3898 aut

497 3944 618 4006 alio
652 3945 873 4025 quovis
905 3946 1358 4026 quantumlibet
1390 3966 1637 4027 magnO,
1669 3945 2080 4026 inexcogitato
2113 3962 2169 4006 et
2200 3945 2580 4007 substantiali
2612 3944 2876 4021 defectu,
2910 3960 3015 4005 aut
3035 3965 3106 4005 ex

498 4051 722 4131 quovis
753 4053 872 4113 alio
907 4054 1120 4134 capite,
1156 4075 1188 4114 a
1222 4053 1355 4114 iure
1388 4053 1483 4114 vel
1515 4053 1695 4131 factO,
1731 4070 1834 4114 aut
1867 4068 2116 4131 statuto,
2153 4053 2246 4113 vel
2279 4042 2726 4114 consuetudine
2760 4053 3110 4128 resultante,

498 4173 604 4218 aut
635 4178 710 4218 ex
742 4179 1146 4241 quocumque
1180 4161 1301 4221 alio
1333 4160 1562 4237 colore,
1598 4176 1931 4241 praetextu,
1967 4180 2147 4221 causa
2180 4175 2238 4221 et
2268 4159 2616 4241 occasione,
2651 4159 2870 4238 notari,
2902 4159 3108 4241 impu-

498 4265 693 4343 gnari,
726 4266 1064 4342 invalidari,
1100 4267 1423 4347 retractari,
1457 4268 1524 4327 in
1557 4266 1651 4328 ius
1685 4268 1781 4328 vel
1814 4267 2293 4328 controversiam
2328 4267 2619 4347 revocari,
2655 4284 2759 4328 aut
2790 4269 2867 4328 ad
2899 4268 3107 4329 termi-

501 4390 616 4433 nos
650 4372 798 4434 iuris
830 4358 1042 4435 reduci
1076 4373 1380 4434 ullatenus
1413 4393 1613 4454 posse,
1645 4374 1753 4434 sed
1785 4373 1919 4434 illas
1951 4393 2195 4455 semper
2229 4372 2457 4434 validas
2478 4390 2536 4434 et
2557 4373 2834 4435 efficaces
2855 4374 3105 4435 existere

501 4492 558 4538 et
589 4478 739 4557 fore,
773 4499 1049 4561 suosque
1082 4481 1387 4562 plenarios
1419 4495 1478 4541 et
1509 4481 1778 4560 integros
1811 4481 2064 4542 effectus
2097 4480 2301 4541 sortiri
2333 4496 2391 4542 et
2423 4481 2722 4560 obtinere,
2757 4501 2827 4542 ac
2858 4483 2933 4541 ab
2967 4500 3105 4542 om-

502 4585 685 4646 nibus
718 4601 776 4646 et
804 4587 1082 4666 singulis,
1117 4588 1194 4648 ad
1225 4605 1386 4668 quos
1417 4602 1644 4669 spectat
1677 4604 1734 4648 et
1762 4588 2057 4669 spectabit
2078 4607 2207 4668 quo
2230 4588 2707 4667 quomodolibet
2725 4588 2791 4648 in
2812 4588 3109 4665 futurum,

499 4692 929 4754 inviolabiliter
958 4694 1285 4757 observari.

716 4811 745 4871 S
786 4823 838 4882 5.
893 4802 1117 4882 Sicque
1152 4819 1211 4864 et
1240 4820 1371 4863 non
1404 4801 1573 4863 aliter
1603 4801 1669 4863 in
1701 4800 2045 4882 praemissis
2078 4800 2375 4862 omnibus
2407 4818 2463 4862 et
2495 4800 2754 4881 singulis
2787 4820 2896 4879 per
2917 4819 3107 4880 quos-

504 4929 774 4990 cumque
819 4908 1053 4970 iudices
1101 4909 1449 4970 ordinarios
1497 4926 1554 4970 et
1599 4909 1928 4989 delegatOS,
1976 4908 2157 4969 etiam
2186 4908 2392 4991 palatii
2424 4907 2744 4989 apostolici
2777 4907 3107 4986 auditoreS,

717 5028 1011 5073 Galante:
1055 5029 1222 5072 Fontes
1250 5028 1332 5081 jur.
1362 5041 1458 5071 can.
2768 5025 2827 5079 17
