3684 5416
373 1525 423 1556 to

377 2060 420 2103 ¹5

375 2596 430 2627 20

369 3664 427 3710 30

369 4736 428 4775 40

1113 343 1376 424 Potestas
1415 343 1792 399 ecclesiastica
1834 358 1891 399 et
1930 346 2228 416 imperium
2270 347 2453 402 civile.
2979 369 3077 422 225

474 526 794 587 nicationis
842 546 1041 607 poena
1091 528 1449 589 mandantes
1501 548 1578 589 ne
1630 528 1902 590 Henrico
1951 531 2074 608 regi
2123 531 2385 612 eiusque
2419 532 2844 613 complicibus,
2879 532 3077 594 fauto-

474 633 662 707 ribus,
715 634 1201 712 adhaerentibus,
1250 637 1701 697 consultoribus
1745 653 1803 697 et
1849 639 2218 717 sequacibus
2264 639 2358 699 vel
2390 658 2608 700 eorum
2644 639 2841 713 alicui,
2878 660 2986 721 per
3016 660 3080 701 se

473 739 570 799 vel
613 739 803 801 alium
849 760 959 802 seu
1004 742 1174 818 alios,
1226 744 1467 823 publice
1503 743 1596 803 vel
1629 744 1886 816 occulte,
1923 744 2146 805 directe
2180 746 2272 807 vel
2307 745 2614 815 indirecte,
2646 746 2817 807 tacite
2851 747 2946 808 vel
2979 766 3082 808 ex-

473 866 698 926 presse,
742 847 920 909 etiam
970 851 1084 910 sub
1119 865 1426 930 praetextu
1466 850 2086 912 confoederationum
2121 867 2227 913 aut
2257 852 2748 931 obbligationum
2784 872 3081 933 quarum-

473 973 761 1034 cumque,
807 956 986 1015 etiam
1035 956 1385 1017 iuramento
1432 973 1533 1017 aut
1580 959 1794 1036 quavis
1826 958 1943 1019 alia
1975 957 2257 1020 firmitate
2292 962 2717 1020 roboratarum
2751 975 2810 1020 et
2842 960 3083 1041 saepius

473 1061 946 1142 geminatarum‚
995 1084 1027 1123 a
1078 1064 1307 1144 quibus
1353 1063 1605 1143 quidem
1642 1064 2128 1143 obligationibus
2161 1081 2219 1126 et
2253 1066 2607 1126 iuramentis
2639 1067 2934 1127 omnibus
2968 1086 3084 1129 nos

472 1187 582 1229 eos
628 1187 685 1229 et
729 1188 947 1230 eorum
992 1168 1293 1248 singulos,
1343 1171 1571 1231 eisdem
1620 1171 1976 1233 auctoritate
2020 1189 2077 1232 et
2111 1171 2407 1233 sententia
2440 1192 2509 1233 ac
2542 1173 2853 1253 potestatis
2888 1174 3082 1254 pleni-

475 1275 705 1350 tudine,
736 1295 846 1356 per
878 1294 1224 1357 praesentes
1255 1279 1654 1354 absolvimus,
1676 1279 1963 1359 ipsasque
1984 1278 2559 1341 confoederationes
2581 1296 2639 1340 et
2658 1279 3084 1357 obligationeS,

475 1398 597 1442 tam
634 1382 816 1444 factas
849 1402 1039 1463 quam
1073 1384 1133 1445 in
1168 1400 1483 1464 posterum
1519 1384 1847 1464 faciendas,
1888 1405 2043 1466 quas
2075 1402 2282 1447 tamen
2316 1385 2402 1463 (in
2435 1403 2739 1466 quantum
2774 1388 3085 1449 Henricus

476 1508 579 1550 rex
624 1504 684 1550 et
730 1490 1080 1571 complices,
1127 1491 1414 1566 fautores,
1460 1494 1884 1570 adhaerentes»,
1932 1494 2320 1555 consultores
2365 1510 2423 1555 et
2468 1511 2761 1574 sequaces
2793 1493 3082 1573 praedicti

476 1595 631 1656 circa
679 1598 1005 1677 praemissa
1051 1597 1145 1658 vel
1193 1617 1415 1659 eorum
1446 1599 1700 1679 aliquod
1736 1618 1800 1660 se
1833 1600 2059 1660 directe
2093 1600 2190 1660 vel
2222 1599 2514 1661 indirecte
2549 1600 2755 1662 invare
2791 1602 3083 1679 possent),

476 1707 590 1765 sub
622 1704 836 1765 eadem
873 1723 1090 1786 poena,
1126 1703 1256 1764 fieri
1287 1706 1713 1785 prohibemus,
1747 1706 1980 1767 nullius
2014 1706 2252 1766 roboris
2274 1705 2370 1766 vel
2391 1707 2714 1781 momenti,
2740 1706 3084 1787 nullasque,

477 1809 690 1886 irritas,
736 1830 950 1878 cassas,
998 1811 1234 1890 inanes,
1286 1831 1355 1872 ac
1403 1831 1514 1892 pro
1563 1811 1797 1873 infectis
1846 1813 2160 1873 habendas
2208 1812 2338 1872 fore
2372 1813 2764 1874 decernimus
2798 1829 2855 1874 et
2886 1814 3088 1874 decla-

477 1937 706 1995 ramus,
741 1917 1087 1994 consilinm,
1109 1919 1410 1980 auxilium
1430 1919 1525 1980 vel
1549 1918 1822 1980 favorem
1849 1917 2326 1998 quomodolibet
2348 1934 2682 1998 praestent;
2720 1919 3087 1999 quinimmO,

477 2025 527 2085 si
573 2026 683 2105 qui
732 2025 848 2086 illis
893 2041 997 2086 aut
1048 2045 1268 2087 eorum
1322 2026 1505 2087 alicui
1549 2027 1624 2087 ad
1675 2045 1962 2107 praesens
1996 2026 2472 2105 quomodolibet
2503 2027 2801 2099 assistant,
2834 2028 2909 2087 ab
2944 2027 3088 2107 ipsis

478 2132 740 2193 omnino
773 2148 830 2193 et
861 2153 1004 2194 cum
1040 2133 1256 2195 effectu
1294 2134 1596 2195 recedant.
1663 2133 1858 2209 Quod
1891 2134 1941 2194 si
1975 2153 2103 2194 non
2136 2132 2404 2206 fecerint,
2437 2148 2768 2214 postquam
2801 2153 3087 2214 praesen-

478 2254 568 2299 tes
614 2238 951 2319 publicatae
998 2256 1056 2301 et
1089 2241 1435 2303 executioni
1483 2243 1887 2302 demandatae
1936 2240 2182 2318 fuerint,
2227 2256 2285 2301 et
2318 2240 2457 2301 dicti
2492 2241 2735 2302 termini
2771 2241 2921 2321 lapsi
2956 2240 3087 2301 fue-

482 2346 619 2420 rint,
659 2365 876 2407 omnes
927 2363 984 2407 et
1028 2349 1302 2427 singulas
1348 2349 1635 2422 civitates,
1684 2365 1893 2424 terras,
1942 2349 2192 2429 oppida,
2241 2363 2450 2425 castra,
2499 2347 2668 2408 villas
2713 2364 2773 2408 et
2810 2347 2923 2407 alia
2958 2349 3088 2409 loca

483 2453 568 2513 eis
611 2453 883 2515 subiecta
929 2455 1109 2516 simili
1145 2456 1552 2517 ecclesiastico
1586 2455 1913 2518 interdicto
1947 2455 2403 2537 supponimus;
2454 2455 2726 2515 volentes
2762 2455 2963 2535 ipsum
2999 2455 3088 2515 in-

483 2561 831 2637 terdictum,
876 2563 1077 2623 donec
1108 2562 1224 2644 ipsi
1259 2562 1561 2643 principes
1594 2584 1626 2620 a
1660 2562 1937 2638 consilio,
1978 2562 2207 2624 auxilio
2239 2578 2296 2623 et
2330 2562 2534 2623 favore
2570 2561 2839 2623 Henrico
2873 2561 3001 2640 regi
3032 2577 3091 2621 et

483 2668 903 2750 complicibuS,
952 2669 1313 2746 fautoribuS,
1363 2669 1860 2746 adhaerentibuS,
1907 2668 2368 2730 consultoribus
2415 2685 2471 2730 et
2517 2668 2885 2749 sequacibus
2918 2687 3089 2750 prae-

482 2775 659 2837 dictis
694 2778 1025 2857 prestando
1061 2776 1413 2847 destiterint,
1448 2777 1791 2858 perdurare.

695 2893 725 2953 s
771 2886 862 2947 16.
931 2886 1206 2965 Insuper,
1255 2899 1379 2945 tam
1433 2885 1741 2965 principes
1794 2884 2138 2965 praedictos
2191 2902 2381 2963 quam
2435 2902 2874 2963 quoscumque
2921 2883 3090 2955 alios,

481 2991 659 3052 etiam
694 2993 771 3053 ad
804 2992 1101 3072 stipendia
1149 3011 1698 3072 quorumcumque
1731 2991 2220 3052 christifidelium
2257 2989 2601 3065 militanteS,
2637 3008 2693 3049 et
2725 2990 2873 3050 alias
2906 3010 3087 3070 quas-

404 3131 422 3142 ν
483 3117 751 3179 cumque
786 3118 1099 3180 personas,
1130 3113 1253 3159 tam
1292 3118 1396 3180 per
1428 3118 1594 3160 mare
1628 3117 1817 3179 quam
1853 3118 1961 3180 per
1993 3114 2179 3159 terras
2213 3098 2548 3175 armigeros
2584 3099 2891 3175 habenteS,
2924 3097 3091 3158 simi-

482 3204 614 3266 liter
647 3207 966 3267 hortamur
997 3222 1055 3267 et
1088 3207 1474 3287 requirimus,
1522 3222 1580 3266 et
1613 3206 2022 3268 nihilominus
2058 3207 2142 3266 eis
2176 3206 2236 3265 in
2270 3206 2491 3265 virtute
2524 3222 2766 3267 sanctae
2799 3206 3092 3266 obedien-

482 3311 596 3372 tiae
648 3314 1006 3374 mandantes
1057 3330 1362 3394 quatenus
1424 3330 1635 3375 contra
1688 3314 2026 3374 Henricum
2094 3332 2321 3392 regern,
2387 3312 2737 3391 complices,
2806 3311 3089 3385 fautoreS,

482 3420 896 3496 adhaerenteS,
932 3422 1315 3482 consultores
1347 3437 1406 3481 et
1438 3440 1731 3500 sequaces
1766 3419 2127 3501 praedictOS,
2160 3420 2311 3485 dum
2344 3419 2407 3478 in
2442 3417 2750 3479 erroribus
2772 3419 3093 3498 praedictis

481 3544 550 3586 ac
600 3528 889 3588 adversus
921 3526 1148 3589 Sedem
1199 3528 1573 3609 praedictam
1623 3527 1956 3587 rebellione
2011 3525 2477 3607 permanserint,
2525 3525 2708 3585 armis
2756 3525 3092 3607 insurgant,

481 3654 711 3715 eosque
757 3649 814 3695 et
860 3652 1077 3695 eorum
1125 3635 1405 3715 singulos
1455 3650 1919 3716 persequantur,
1967 3652 2036 3693 ac
2069 3634 2145 3693 ad
2182 3633 2480 3693 unitatem
2516 3632 2818 3692 Ecclesiae
2853 3648 2911 3691 et
2943 3633 3090 3693 obe-

481 3742 770 3803 dientiam
803 3741 994 3803 dictae
1028 3742 1203 3803 Sedis
1235 3743 1428 3804 redire
1460 3757 1682 3821 cogant
1714 3756 1772 3801 et
1791 3740 2199 3821 compellant3
2235 3755 2293 3800 et
2312 3755 2436 3800 tam
2459 3757 2583 3811 eOS,
2606 3758 2791 3818 quam
2817 3740 3093 3819 ipsorum

480 3850 755 3912 subditos
788 3867 845 3911 et
875 3850 1188 3927 vassaIIOS,
1220 3869 1288 3909 ac
1319 3850 1652 3927 civitatum,
1675 3865 1992 3921 terrarum,
2016 3864 2374 3920 castrorum,
2395 3846 2791 3926 oppidorum,
2813 3845 3093 3906 villarum

480 3973 539 4017 et
582 3957 864 4018 locorum
913 3976 1173 4019 suorum
1221 3957 1454 4018 incolas
1488 3973 1545 4019 et
1579 3956 1969 4032 habitatores,
2005 3954 2273 4034 aliasque
2307 3971 2526 4015 omnes
2559 3968 2617 4013 et
2648 3953 2921 4031 singulas
2957 3972 3091 4033 per-

480 4084 683 4142 sonas,
731 4064 1094 4145 supradictis
1143 4063 1450 4124 mandatis
1503 4064 1744 4139 nostris,
1798 4079 1863 4123 ut
1915 4060 2266 4142 praefertur,
2316 4079 2447 4120 non
2494 4062 3006 4139 obtemperanteS,
3039 4076 3095 4118 et

402 4199 421 4227 a
480 4193 639 4255 quae
686 4173 1020 4254 praefatum
1057 4171 1394 4232 Henricum
1449 4190 1677 4250 regem,
1713 4186 2045 4250 postquam
2080 4188 2368 4229 censuras
2400 4183 2458 4227 et
2492 4185 2721 4245 poenas
2756 4166 3093 4246 praedictas

481 4281 820 4357 incurrerit,
854 4281 918 4340 in
951 4280 1280 4341 dominum
1313 4280 1805 4360 quomodolibet,
1858 4279 2037 4338 etiam
2073 4279 2147 4337 de
2181 4277 2356 4349 facto,
2391 4274 2880 4355 recognoverint,
2913 4274 3007 4334 vel
3040 4273 3095 4334 ei

481 4388 702 4468 quovis
751 4389 944 4449 modo
990 4389 1413 4468 obtemperare
1448 4386 1987 4467 praesumpserint,
2022 4401 2128 4445 aut
2160 4384 2267 4463 qui
2301 4403 2442 4445 eum
2478 4402 2548 4442 ac
2580 4382 2928 4463 complices,
2964 4382 3094 4442 fau-

479 4514 665 4574 tores,
711 4496 1124 4564 adhaerentes,
1172 4494 1566 4565 consultores,
1613 4512 1910 4573 sequaces
1945 4513 2014 4553 ac
2048 4493 2203 4552 alios
2237 4511 2363 4551 non
2397 4493 2891 4570 obtemperantes
2924 4509 3095 4569 prae-

482 4605 678 4666 dictos
727 4624 798 4665 ex
849 4622 1043 4680 regno
1093 4619 1150 4663 et
1199 4602 1491 4662 dominiis
1539 4601 1881 4681 praedictis,
1931 4616 1997 4660 ut
2048 4600 2399 4679 praefertur,
2433 4596 2731 4677 expellere
2766 4596 3092 4669 noluerint,

484 4712 864 4792 ubicumque
910 4731 1017 4771 eos
1064 4710 1427 4785 invenerint,
1476 4726 1819 4788 eorumque
1857 4710 2018 4768 bona
2055 4706 2300 4767 mobilia
2335 4721 2391 4765 et
2424 4703 2782 4779 immobilia,
2817 4722 3092 4763 mercan-

484 4821 612 4890 tias,
644 4818 954 4901 pecunias,
988 4817 1241 4896 navigia,
1275 4817 1520 4891 credita,
1557 4835 1654 4877 res
1686 4831 1745 4876 et
1777 4814 2085 4884 animalia,
2135 4814 2315 4872 etiam
2349 4828 2509 4872 extra
2545 4810 2919 4871 territorium
2953 4809 3094 4869 dicti

484 4928 732 4989 Henrici
768 4926 924 5005 regis
957 4925 1212 4986 ubilibet
1246 4923 1660 4998 consistentia,
1696 4922 1954 5003 capiant.

696 5050 736 5094 G
756 5052 847 5092 ala
867 5058 988 5092 nte:
1038 5048 1205 5091 Fontes
1236 5046 1317 5091 iur.
1346 5059 1441 5088 can.
2751 5039 2807 5090 ¹5
