3684 5416
295 1593 344 1626 to

293 2127 339 2172 ¹5

289 2716 343 2748 20

293 3158 345 3203 ²5

294 3604 348 3649 30

296 4050 347 4094 35

294 4940 348 4985 45

394 504 445 510 -
1466 428 1637 483 Curia
1682 444 1942 483 romana.
2911 453 3010 507 533

398 629 510 691 pro
556 609 655 671 illa
702 611 1040 672 obtinenda
1088 611 1318 673 fuerint
1363 614 1437 674 ad
1477 613 1765 695 proprios
1798 614 2038 675 Judices
2070 617 2327 694 remissi,
2360 634 2419 680 et
2449 620 2764 701 probabile
2798 620 3012 680 mortis

398 717 745 800 periculum
793 719 854 779 in
902 719 1115 781 itinere
1163 722 1614 801 pertimescant,
1664 722 1884 803 poterit
1918 724 2117 802 Major
2161 725 2690 806 poenitentiarius,
2737 728 2814 788 ad
2861 749 3006 791 con-

396 844 624 904 gruum
659 840 923 906 tempus,
955 828 1030 888 ab
1066 826 1203 908 ipso
1238 847 1351 909 pro
1385 827 1753 889 huiusmodi
1784 829 2017 891 itineris
2050 832 2441 894 confectione
2474 834 2911 914 arbitrandum,
2946 837 3010 897 in

399 933 565 995 Foro
597 934 1009 995 conscientiae
1042 950 1285 997 tantum
1316 937 1742 1018 absolvere,‚et
1774 938 2007 998 absolvi
2041 939 2363 1012 mandare;
2416 960 2560 1002 cum
2594 941 3007 1020 reincidentia,

396 1042 602 1102 statim
634 1063 704 1103 ac
735 1043 967 1103 itineris
999 1043 1335 1104 terminum
1368 1044 1650 1125 attigerit.

610 1157 640 1218 S
675 1171 732 1229 9.
781 1150 1138 1212 Haereticos
1184 1151 1483 1225 occultOS‚
1531 1151 1636 1231 qui
1686 1151 1941 1229 nemini,
1990 1167 2049 1212 et
2094 1172 2239 1213 cum
2274 1153 2524 1214 nemine
2557 1175 2699 1216 suas
2732 1156 3013 1217 haereses

399 1257 1014 1334 communicaverint,
1064 1257 1257 1340 possit
1304 1258 1470 1318 idem
1520 1257 1722 1334 Major
1769 1258 2277 1321 poenitentiarius
2312 1261 2375 1321 in
2412 1261 2575 1322 Foro
2607 1263 3012 1324 conscientiae

399 1378 658 1441 tantum,
708 1367 941 1444 absque
975 1365 1098 1426 ulla
1133 1364 1516 1444 abjuratione
1550 1384 1759 1426 coram
1791 1364 2141 1443 Ordinatio,
2188 1366 2282 1427 vel
2315 1366 2682 1448 Inquisitore
2715 1369 3010 1448 facienda,

400 1470 734 1550 absolvere,
784 1473 879 1533 vel
926 1471 1161 1532 absolvi
1214 1474 1541 1534 mandare:
1592 1472 1764 1552 quod
1812 1472 2035 1554 pariter
2080 1472 2196 1554 ipsi
2231 1472 2410 1533 liceat
2441 1475 2694 1553 quando
2728 1473 3013 1556 praedicti

399 1579 702 1640 Haeretici
748 1579 971 1641 occulti
1017 1578 1265 1661 aliquos
1313 1595 1483 1641 actus
1517 1580 1887 1642 extrinsecos
1921 1582 2189 1658 fecerint,
2221 1602 2291 1642 ex
2325 1582 2551 1662 quibus
2585 1581 2865 1664 dignosci
2899 1603 3012 1664 po-

397 1687 654 1747 tuissent
699 1707 812 1768 pro
859 1687 1209 1761 haereticis;
1261 1688 1612 1748 dummodo
1659 1688 1912 1749 eosdem
1959 1704 2147 1761 actus,
2194 1689 2476 1768 quamvis
2521 1690 2597 1751 de
2645 1710 2754 1750 sua
2799 1706 3010 1752 natura

400 1792 744 1870 noscibiles,
794 1813 903 1854 seu
950 1795 1025 1855 ad
1076 1794 1357 1855 notitiam
1406 1795 1804 1872 deducibiles,
1854 1795 2081 1872 nullus,
2131 1814 2320 1876 quem
2356 1796 2472 1877 ipsi
2504 1798 2714 1876 sciant,
2746 1814 2852 1859 aut
2885 1818 3010 1859 cre-

399 1898 563 1977 dant,
595 1900 914 1976 notaverit,
950 1899 1045 1961 vel
1077 1901 1345 1962 advertit.

612 2014 642 2075 S
688 2026 779 2068 10.
847 2007 1137 2069 Publicos
1185 2027 1332 2071 vero
1380 2009 1759 2086 HaereticOS,
1804 2028 1915 2071 seu
1950 2014 2275 2090 Apostatas
2321 2031 2354 2070 a
2402 2010 2549 2071 Fide
2583 2011 2919 2089 Catholica,
2952 2012 3012 2073 in

402 2111 563 2173 Foro
595 2114 1005 2175 conscientiae
1038 2131 1302 2192 tantum,
1335 2117 1670 2194 absolvere,
1702 2136 1810 2176 seu
1834 2117 2091 2194 absolvi,
2111 2118 2406 2178 mandare
2427 2117 2634 2198 possit,
2655 2118 2718 2179 in
2738 2117 2810 2179 iis
2830 2118 3013 2179 dum-

399 2235 555 2280 taxat
606 2220 862 2299 casibuS,
911 2221 977 2283 in
1025 2222 1255 2302 quibus
1308 2243 1557 2285 necesse
1605 2243 1736 2285 non
1782 2240 1872 2284 est
1917 2224 2248 2306 complices
2294 2224 2692 2298 denuntiare;
2756 2226 3012 2306 quando

401 2447 546 2501 sque
590 2431 747 2502 gravi
790 2431 1049 2503 periculo
1094 2431 1214 2487 fieri
1256 2446 1526 2504 nequeat,
1566 2447 1846 2490 renovato
1890 2451 2174 2490 consensu
2224 2433 2378 2505 juxta
2418 2434 2644 2505 regulas
2685 2450 2717 2486 a
2757 2432 3013 2504 probatis

402 2522 751 2578 Auctoribus
798 2522 1062 2579 traditas:
1118 2538 1344 2579 remota
1385 2524 1690 2581 occasione
1731 2524 2025 2596 peccandi,
2067 2542 2135 2580 ac
2175 2524 2426 2596 injuncta
2466 2523 2624 2595 gravi
2663 2522 3014 2595 poenitentia

401 2611 645 2676 salutari,
688 2625 745 2667 et
787 2612 1173 2669 Confessione
1214 2613 1623 2670 Sacramentali
1663 2615 1841 2671 semel
1883 2614 1940 2669 in
1981 2632 2180 2669 mense
2219 2631 2322 2685 per
2362 2627 2589 2686 tempus
2618 2612 3015 2685 Dispensantis

402 2700 634 2759 arbitrio
662 2701 1049 2760 statuendum.

611 2792 753 2846 Item
791 2791 862 2847 de
888 2791 1119 2862 speciali
1148 2804 1204 2846 et
1231 2810 1496 2861 expressa
1525 2792 1838 2865 apostolica
1865 2793 2204 2850 auctoritate
2230 2794 2413 2849 Vobis
2443 2794 2773 2849 facultatem
2799 2809 3013 2848 conce-

403 2879 587 2935 dimus
628 2881 997 2953 dispensandi
1025 2899 1199 2953 super
1225 2881 1381 2938 dicto
1412 2883 1643 2938 occulto
1672 2881 2108 2953 impediment⁰‚
2148 2899 2248 2938 seu
2276 2882 2698 2954 impedimentis
2727 2881 3014 2936 affinitatis

402 2989 470 3027 ex
514 2972 719 3044 copula
759 2971 945 3027 illicita
990 2973 1163 3028 etiam
1208 2973 1264 3028 in
1308 2972 1682 3028 matrimoniis
1725 2973 2150 3043 contrahendis,
2176 2973 2657 3046 dispensandique
2684 2972 3015 3028 facultatem

404 3062 832 3132 subdelegandi,
860 3061 1033 3117 etiam
1058 3062 1437 3132 habitualiter,
1464 3064 1728 3134 parochis
1748 3064 1990 3119 Vestrae
2018 3064 2314 3134 dioecesiS,
2340 3066 2575 3138 quando
2604 3077 2796 3120 tamen
2819 3063 3015 3120 omnia

402 3163 595 3222 parata
636 3150 747 3205 sint
774 3151 846 3205 ad
875 3151 1119 3222 nuptiaS,
1147 3169 1258 3207 nec
1285 3152 1718 3208 matrimonium
1749 3171 1932 3225 usque
1964 3155 2103 3209 dum
2130 3156 2201 3210 ab
2230 3154 2566 3226 Apostolica
2592 3154 2744 3210 Sede
2772 3152 3019 3208 obtineri

404 3241 584 3312 possit
623 3240 973 3314 dispensatio
1017 3244 1238 3315 absque
1281 3243 1538 3314 periculo
1567 3243 1752 3315 gravis
1780 3243 2030 3298 scandali
2059 3243 2270 3299 differri
2297 3257 2497 3316 queat:
2538 3257 2761 3298 remota
2789 3260 3019 3314 semper

405 3330 711 3386 occasione
739 3332 1034 3403 peccandi,
1073 3345 1129 3387 et
1158 3331 1321 3387 firma
1350 3345 1617 3387 manente
1646 3332 1997 3397 conditione,
2036 3334 2195 3405 quod
2225 3334 2430 3404 copula
2458 3333 2649 3388 habita
2677 3350 2808 3387 cum
2837 3344 3017 3386 matre

409 3419 656 3475 mulieris
697 3419 862 3491 hujus
905 3420 1257 3478 nativitatem
1304 3439 1427 3477 non
1468 3422 1799 3476 antecedat:
1839 3422 2088 3493 injuncta
2128 3423 2185 3476 in
2220 3421 2477 3494 quolibet
2505 3439 2640 3476 casu
2668 3420 3018 3492 poenitentia

403 3508 646 3563 salutari.

617 3599 732 3653 XII.
766 3598 1144 3670 Dispensandi
1173 3616 1349 3671 super
1374 3599 1609 3655 occulto
1638 3598 1885 3654 criminis
1914 3597 2347 3670 impedimento,
2369 3597 2689 3651 dummodo
2709 3595 2779 3650 sit
2800 3597 3018 3667 absque

405 3688 515 3743 ulla
543 3688 966 3743 machinatione
996 3702 1051 3744 et
1078 3702 1285 3761 agatur
1311 3690 1380 3744 de
1409 3688 1778 3745 matrimonio
1807 3688 1922 3762 jam
1951 3700 2285 3744 contracto:
2325 3685 2558 3742 monitis
2584 3684 2794 3758 putatis
2816 3684 3017 3757 conju-

404 3778 569 3847 gibus
596 3778 666 3831 de
694 3778 1014 3833 necessaria
1042 3796 1359 3834 consensus
1386 3791 1604 3834 secreta
1632 3778 2025 3834 renovatione.

616 3870 758 3922 Item
784 3886 855 3924 ex
883 3871 1089 3923 eadem
1118 3869 1350 3941 speciali
1377 3882 1432 3924 et
1460 3887 1725 3941 expressa
1745 3868 2082 3940 Apostolica
2103 3866 2442 3922 auctoritate
2463 3865 2672 3937 pariter
2691 3865 3019 3921 facultatem

406 3957 777 4013 concedimus
806 3958 1175 4030 dispensandi
1203 3977 1377 4031 super
1401 3961 1610 4015 eodem
1641 3958 1872 4014 occulto
1901 3958 2336 4029 impediment0‚
2359 3956 2680 4011 dummodo
2706 3956 2775 4010 sit
2802 3957 3020 4025 absque

406 4045 516 4101 ulla
545 4047 989 4115 machinatione,
1015 4047 1191 4103 etiam
1218 4048 1274 4103 in
1303 4049 1680 4105 matrimoniis
1711 4047 2128 4111 contrahendi&
2166 4047 2223 4103 in
2253 4037 2475 4101 casibus
2504 4058 2696 4100 tamen
2723 4043 3019 4115 urgentio-

407 4135 579 4199 ribus,
620 4135 675 4190 in
717 4136 927 4207 quibus
973 4150 1202 4208 tempus
1233 4154 1351 4192 non
1380 4150 1649 4209 suppetat
1676 4136 2003 4192 recurrendi
2030 4138 2103 4192 ad
2129 4137 2189 4193 S.
2217 4136 2461 4206 Sedem3
2501 4133 2748 4208 injuncta
2775 4134 2831 4188 in
2858 4145 3020 4188 utro-

405 4243 518 4298 que
559 4242 694 4281 casu
741 4227 900 4298 gravi
957 4227 1312 4300 poenitentia
1355 4228 1584 4282 salutari
1628 4241 1684 4282 et
1725 4227 2093 4283 confessione
2135 4224 2532 4282 sacramentali
2573 4224 2750 4280 semel
2788 4223 3022 4295 singulis

408 4317 699 4372 mensibus
728 4335 832 4390 per
858 4330 1087 4389 tempus
1118 4318 1510 4390 Dispensantis
1538 4318 1769 4373 arbitrio
1798 4318 2183 4373 statuendum.

618 4407 737 4461 NB.
794 4409 957 4463 Mens
1005 4420 1201 4462 nostra
1248 4422 1351 4477 est,
1405 4413 1458 4463 1⁰
1485 4420 1547 4463 ut
1589 4407 1634 4463 si
1680 4407 1833 4463 forte
1876 4426 1944 4463 ex
1985 4407 2275 4463 oblivione
2317 4406 2405 4461 vel
2443 4405 2853 4463 inadvertentia
2879 4405 3022 4460 ultra

407 4495 759 4567 praedictum
787 4497 1097 4553 terminum
1125 4496 1209 4551 his
1238 4496 1601 4552 facultatibus
1630 4499 1752 4553 Vos
1782 4496 1863 4552 uti
1889 4497 2202 4568 contingat,
2243 4495 2635 4551 absolutiones
2663 4514 2765 4550 seu
2792 4495 3021 4566 dispen-

406 4586 658 4641 sationes
688 4587 891 4642 exinde
918 4586 1243 4659 impertitae
1272 4600 1427 4642 ratae
1455 4587 1565 4642 sint
1594 4601 1650 4642 et
1675 4587 1927 4658 validae,
1969 4593 2026 4640 2⁰
2053 4600 2115 4641 ut
2142 4585 2410 4659 injunctio
2432 4586 2812 4641 confessionis
2833 4602 3022 4639 sacra-

412 4675 692 4747 mentaliS,
732 4678 803 4732 de
845 4696 958 4750 qua
1000 4680 1106 4733 sub
1150 4696 1232 4732 nr.
1261 4678 1331 4739 X,
1368 4678 1442 4732 XI
1472 4690 1527 4731 et
1554 4679 1654 4733 XII
1697 4695 1815 4733 non
1841 4678 1914 4732 sit
1940 4681 2238 4744 e‘rritatt'va,
2277 4678 2379 4732 sed
2406 4689 2630 4731 tantum
2651 4678 2987 4748 praeceptiva
3003 4695 3026 4738 ,-

408 4776 467 4839 30
494 4778 557 4820 ut
582 4766 667 4821 his
698 4766 1060 4823 facultatibus
1088 4784 1208 4823 non
1237 4767 1428 4822 solum
1454 4767 1778 4838 singillatim
1806 4768 1908 4822 sed
1937 4767 2107 4823 etiam
2133 4771 2454 4822 cumulatim
2479 4767 2533 4821 in
2558 4784 2674 4822 uno
2698 4766 3023 4837 eodemque

410 4871 543 4907 casu
576 4854 655 4908 uti
681 4855 929 4926 possitis·

621 4947 837 5002 Datum
864 4948 1083 5002 Romae
1112 4964 1180 5001 ex
1207 4945 1461 5001 Aedibus
1492 4945 1714 5000 Nostris
1743 4958 1847 5000 etc.
1890 4945 1942 5016 [1.
1973 4964 2017 5003 c.
2046 4963 2176 5018 pag.
2203 4946 2453 5018 92-99,]
