3684 5416
313 1678 361 1710 to

310 2192 355 2236 Ι5

302 2589 357 2622 ²0

302 3213 353 3257 ²5

297 3755 352 3799 30

294 4287 348 4332 35

1415 327 1686 410 Pontifex
1724 344 2018 384 romanus.
2925 351 3030 410 433

418 529 560 590 ceps
605 528 845 584 omnes,
890 525 949 570 et
993 509 1279 589 singulos
1310 511 1671 572 Cardinales
1716 511 1902 573 etiam
1949 516 2253 594 absentes,
2304 533 2652 597 praesentes
2684 534 2743 581 et
2776 520 3043 599 futuros,

416 633 476 677 et
520 618 672 680 alios
717 636 1159 698 quoscumque
1205 635 1483 698 quorum
1528 618 1793 696 interest,
1840 622 1937 682 vel
1982 623 2276 686 interesse
2308 626 2531 707 poterit
2563 627 3040 707 quomodolibet

414 725 476 786 in
525 727 825 805 futurum,
871 726 1135 804 afficere,
1181 741 1241 788 et
1287 727 1495 806 ligare,
1541 728 1914 810 nullumque
1950 749 2162 792 earum
2197 732 2610 811 ignorantiam
2643 734 3037 814 praetendere

414 851 614 912 posse,
642 853 715 893 ac
747 832 799 892 si
832 831 918 893 eis
952 832 1358 913 personaliter
1389 832 1699 895 intimatae
1735 835 1961 914 forent,
1997 838 2348 917 praemissis
2381 857 2451 900 ac
2483 839 2614 901 aliis
2647 840 3035 903 constitutio·

415 940 618 1017 nibus,
664 954 724 1000 et
769 939 1270 1001 ordinationibus
1303 940 1697 1022 Apostolicis,
1745 943 2091 1023 ceterisque
2137 946 2457 1007 contrariis
2490 967 2621 1009 non
2654 949 3037 1011 obstantibus

414 1045 931 1126 quibuscumque.

625 1162 654 1222 s
693 1173 794 1235 32.
846 1153 1016 1214 Nulli
1048 1171 1198 1233 ergo
1230 1154 1497 1218 omnino
1531 1156 1864 1218 hominum
1895 1157 2077 1220 liceat
2107 1159 2270 1221 hanc
2307 1175 2420 1222 etc.

567 1367 579 1380 ⁹
628 1277 857 1340 Datum
892 1280 1128 1342 Romae
1161 1283 1327 1363 apud
1364 1282 1422 1344 S.
1444 1283 1713 1360 Petrum,
1749 1289 1943 1345 Anno
1975 1284 2416 1348 lucarnationis
2441 1287 2806 1350 Dominicae
2852 1291 3036 1370 1562.

413 1384 676 1465 septimo
709 1383 851 1445 ldus
883 1384 1189 1465 Octobris,
1223 1386 1622 1450 pontificatus
1654 1388 1846 1451 nostri
1877 1395 2070 1451 Anno
2102 1389 2298 1454 tertio.
2380 1390 2436 1473 [1.
2468 1413 2518 1456 c.
2554 1414 2690 1476 pag.
2728 1389 3032 1474 97—99.l

1088 1651 1215 1706 190.
1265 1650 1711 1710 GREGomUs
1749 1654 1880 1710 XV.
1921 1652 2359 1726 (mm—1623).

1217 1796 1317 1849 De
1354 1794 1745 1851 electione
1784 1796 2217 1854 Pontificis.

624 1916 653 1945 ‘
691 1917 1007 1971 Bullarium
1046 1920 1376 1976 Romanum.
1418 1921 1520 1974 Ed.
1560 1920 1948 1976 ‘saut-inensiS.
1987 1923 2163 1977 Tom.
2204 1921 2321 1977 ΧΠ.
2352 1940 2405 1995 p.
2433 1923 2554 1996 619.
2606 1923 2891 1991 Ranke,
2929 1929 3036 1981 Die

410 2001 546 2050 rom.
587 1997 797 2066 Pdpste.
836 1998 1011 2053 Tom.
1039 1998 1100 2052 11.
1152 2015 1207 2070 p.
1237 2017 1341 2069 2¹4
1377 2017 1537 2072 segg.
1577 2001 2071 2066 Wahrmund,
2110 2005 2232 2057 Das
2259 2004 2904 2074 Ausschliessungsrecht
2925 2010 3034 2072 (ius

408 2079 744 2138 exclusivae).
788 2076 959 2132 Wien
995 2077 1140 2132 1888.
1203 2079 1276 2133 ld
1295 2097 1401 2136 em
1418 2122 1432 2144 ,
1468 2084 1721 2153 Beitn'ige
1758 2099 1856 2153 zur
1897 2083 2222 2137 Gesclcichte
2257 2085 2351 2137 des
2390 2085 2912 2139 Ex.-lustbnsrecl1tes
2952 2090 3039 2140 bei

409 2159 510 2210 den
549 2157 925 2228 Papstwalzlen
981 2160 1491 2230 (Sitfungsbertkhte
1545 2165 1644 2216 der
1678 2165 1725 2216 k.
1766 2165 1813 2216 k.
1852 2165 2152 2217 Akademie
2187 2165 2288 2217 der
2334 2165 2821 2237 thssenscbqften.
2865 2166 3034 2222 Phil.-

410 2237 606 2292 histor.
648 2236 845 2292 Classe
873 2237 1095 2293 CXXII.
1139 2239 1309 2295 Wien
1346 2240 1519 2314 1890).
1588 2244 1818 2308 Idem,
1859 2245 1963 2297 Die
1998 2246 2159 2297 Bulla
2199 2246 2456 2298 «Aeterni
2478 2249 2663 2316 patris
2686 2250 2878 2316 filius»
2921 2251 3038 2303 und

409 2323 509 2374 der
542 2319 828 2373 staatliclze
849 2322 1092 2388 Einfluss
1129 2322 1248 2391 auf
1272 2325 1361 2376 die
1399 2324 1792 2396 Papstwalzlen.
1834 2326 2060 2391 (Archiv
2069 2327 2191 2396 fur
2211 2326 2414 2380 kathol.
2441 2328 2844 2382 Kirchenreclzt.
2881 2328 3029 2401 1894

408 2419 467 2473 p.
494 2419 589 2457 201
639 2416 800 2471 segg.
876 2399 1342 2471 Siigmllller,
1394 2408 1512 2458 Das
1548 2407 1723 2459 Reclzt
1756 2408 1857 2459 der
1893 2408 2170 2461 Exclustbe
2207 2410 2263 2460 in
2304 2410 2407 2461 der
2440 2408 2758 2479 Papstwahl
2791 2409 3033 2475 (ibidem

419 2480 566 2553 1895.
607 2498 659 2552 p.
697 2497 789 2552 193
830 2485 1018 2551 segg.)
1098 2482 1420 2552 Pivano,
1474 2487 1524 2538 Il
1559 2499 1690 2542 veto
1745 2489 1818 2539 od
1867 2486 2145 2542 esclusiva
2198 2490 2572 2559 nell'elezione
2622 2491 2713 2542 del
2762 2492 3036 2561 Pontefice

411 2566 596 2627 (Studi
632 2603 817 2620 .....
846 2568 902 2620 in
941 2582 1102 2619 onore
1138 2568 1200 2618 di
1245 2568 1300 2619 V.
1329 2569 1579 2621 Scialoia.
1638 2567 1852 2622 Milano
1887 2571 2064 2639 1905).
2130 2567 2576 2636 Hinschiu5‚
2615 2569 3024 2625 Kirchenrecht.

422 2646 596 2701 Tom.
625 2647 661 2700 1.
691 2663 747 2719 p.
778 2664 897 2720 274
941 2646 1396 2720 Friedberg‚
1433 2647 1729 2702 Lehrbuch.
1770 2649 1806 2718 ἓ
1833 2666 1918 2721 59.
1971 2647 2434 2719 Sagmuller,
2473 2650 2770 2705 Lehrbuclz.
2811 2652 2846 2720 ξ
2874 2650 2960 2723 87.

406 2823 852 2907 Gregorius
884 2826 1365 2906 Episcopus,
1410 2843 1690 2886 servus
1736 2843 2161 2887 servorum
2198 2825 2376 2903 Dei,
2426 2826 2516 2887 ad
2564 2844 3030 2910 perpetuam

1402 2930 1515 2992 rei
1564 2932 2045 2994 memoriam.

619 3077 868 3138 Aeterni
905 3076 1093 3138 Patris
1124 3076 1333 3153 Filius,
1369 3076 1657 3155 magister
1687 3092 1745 3137 et
1776 3076 2086 3157 legislator
2119 3093 2346 3156 noster,
2382 3076 2666 3139 Christus
2706 3077 3031 3156 Dominus,

408 3180 586 3245 cuius
632 3184 838 3245 omnis
889 3183 1045 3244 actio
1096 3199 1301 3245 nostra
1348 3199 1436 3245 est
1480 3183 1817 3260 instructiO,
1862 3184 2001 3244 licet
2033 3200 2298 3263 portaret
2332 3185 2543 3245 omnia
2575 3186 2764 3245 verbo
2797 3186 3032 3248 virtutis

407 3310 576 3367 suae,
618 3310 733 3352 nec
765 3305 920 3353 esset
949 3290 1288 3371 quicquam
1324 3290 1757 3352 absconditum
1791 3292 1866 3351 ab
1899 3291 2282 3368 oculiseius,
2316 3307 2523 3352 tamen
2557 3292 2920 3372 priusquam
2954 3294 3029 3354 ad

406 3398 782 3479 apostolatus
828 3416 1060 3461 munus
1105 3398 1440 3459 duodecim
1486 3398 1803 3478 apostolos
1851 3396 2098 3475 eligeret
2144 3412 2204 3458 et
2248 3399 2618 3473 nominaret,
2664 3399 2837 3478 quod
2885 3400 3031 3461 alias

405 3524 692 3585 unquam
730 3504 938 3567 fecisse
971 3506 1033 3566 in
1064 3504 1379 3587 scripturis
1412 3523 1542 3565 non
1576 3504 1859 3583 legimus,
1892 3519 2251 3584 pernoctare
2284 3504 2482 3564 voluit
2508 3505 2571 3564 in
2591 3505 2874 3565 oratione
2895 3505 3028 3583 Dei,

406 3626 465 3672 et
508 3628 840 3692 antequam
887 3614 1063 3673 beato
1098 3612 1280 3673 Petro
1327 3612 1541 3673 ovium
1574 3629 1827 3673 suarum
1864 3629 2077 3672 curam
2111 3610 2538 3687 committeret,
2569 3612 2820 3672 tertium
2853 3631 3029 3692 repe-

404 3718 509 3778 tita
560 3719 1058 3799 interrogatione,
1106 3719 1328 3779 trinam
1382 3732 1581 3779 extare
1634 3718 1860 3779 aeterni
1908 3717 2134 3779 amoris
2182 3718 2314 3779 eius
2359 3717 2843 3798 professionem;
2912 3739 3026 3780 nos

405 3824 631 3886 scilicet
675 3825 979 3901 erudiens,
1026 3841 1255 3907 quanta
1301 3825 1636 3905 diligentia,
1686 3826 1975 3886 cautione
2009 3840 2067 3885 et
2099 3844 2246 3886 cura
2279 3825 2343 3885 in
2377 3825 2672 3884 omnium
2705 3840 3025 3905 pastorum

405 3932 701 3994 electione
747 3933 939 3994 adniti
985 3934 1340 4009 debeamuS,
1388 3948 1452 3992 ut
1501 3933 1650 3993 boni
1699 3933 2004 4011 eligantur
2035 3947 2094 3992 et
2126 3931 2361 4009 fideleS,
2391 3932 2745 4012 praesertim
2785 3950 2931 3990 vero
2964 3930 3029 3990 in

406 4039 565 4100 beati
599 4040 755 4101 Petri
786 4058 1232 4117 successorem,
1277 4040 1386 4119 qui
1436 4038 1606 4100 orbis
1641 4054 1728 4101 est
1759 4040 1992 4118 lumen,
2025 4039 2243 4099 doctor
2274 4039 2555 4118 gentium
2592 4055 2648 4099 et
2681 4051 2890 4119 pastor
2922 4057 3028 4117 pa-

405 4162 665 4209 storum.
728 4146 1124 4229 Quapropter
1155 4149 1299 4208 satis
1331 4148 1514 4208 etiarn
1548 4148 1983 4223 admonemur,
2017 4147 2170 4208 nihil
2203 4165 2444 4221 eorum,
2477 4165 2637 4226 quae
2671 4145 2747 4205 ad
2781 4142 3026 4204 electio-

407 4252 503 4315 nis
536 4255 807 4315 Romani
830 4255 1138 4316 pontificis
1173 4256 1492 4334 negotium
1528 4256 1769 4315 cautius
1803 4269 1864 4315 et
1896 4255 2116 4315 melius
2149 4254 2619 4333 transigendum
2642 4253 3028 4329 conducunt,

406 4361 604 4422 omitti
637 4362 894 4423 debere:
930 4362 1093 4422 salus
1126 4362 1293 4423 enim
1326 4380 1459 4424 non
1491 4361 1680 4423 unius
1702 4361 1983 4435 membri,
2003 4362 2110 4421 sed
2130 4360 2320 4421 totius
2343 4361 2618 4442 corporis
2640 4360 2861 4440 agitur,
2884 4377 3028 4419 cum

407 4468 484 4529 de
529 4468 724 4547 capite
771 4470 1134 4530 consulitur.
1202 4469 1407 4550 lgitur,
1454 4470 1563 4531 etsi
1605 4469 1858 4530 diversis
1891 4467 2080 4528 felicis
2115 4468 2557 4529 recordationis
2590 4470 3026 4528 Romanorum

406 4577 784 4639 Pontificum
829 4579 1377 4660 praedecessorum
1413 4592 1772 4638 nostrorum
1807 4592 1866 4638 et
1896 4593 2248 4636 sanctorum
2288 4590 2531 4655 patrum
2568 4575 2829 4635 decretis
2861 4575 3027 4635 salu-

404 4685 587 4747 briter
619 4684 938 4767 provisum
974 4701 1081 4764 est,
1117 4701 1185 4746 ut
1216 4685 1345 4746 eius
1381 4684 1595 4744 electio
1629 4682 1741 4744 rite
1774 4698 1833 4743 et
1865 4699 2025 4743 recte
2060 4698 2406 4761 peragatur,
2439 4698 2498 4742 et
2532 4683 2597 4742 in
2631 4702 2701 4742 ea
2735 4699 2864 4741 non
2886 4698 3027 4741 caro

406 4808 463 4853 et
493 4793 768 4873 sanguis,
802 4808 910 4854 aut
943 4794 1218 4854 humana
1250 4791 1564 4873 sapientia.
1597 4810 1759 4871 quae
1793 4789 2045 4851 stultitia
2079 4806 2168 4850 est
2200 4789 2366 4869 apud
2391 4789 2617 4867 Deum,
2653 4787 3027 4865 dominetur,

403 4902 510 4961 sed
545 4899 812 4981 Spiritus
845 4900 1047 4962 Sancti
1078 4901 1266 4979 gratia
1299 4899 1511 4961 omnia
1545 4898 1888 4977 dirigantur
1919 4911 1977 4957 et
2007 4898 2463 4975 gubernentur:
2501 4895 2924 4974 nihilominus,
2959 4907 3028 4956 ut

619 5019 916 5064 Galante:
960 5020 1128 5064 Fontes
1157 5019 1239 5071 jur.
1267 5032 1365 5062 can.
2670 4996 2737 5050 28
