3684 5416
330 983 353 1027 5

310 2060 356 2104 ι5

303 2594 357 2626 20

1482 338 1652 393 Curia
1693 357 1952 395 romana.
2918 363 3022 416 529

626 535 655 595 S
690 528 748 588 6.
819 525 1142 586 Postremo
1198 540 1264 584 ut
1310 523 1374 584 in
1408 523 1751 601 Signaturis
1797 540 1924 585 tam
1958 525 2220 603 Gratiae,
2254 545 2443 607 quam
2477 526 2752 588 Justitiae
2783 527 3030 589 liberior

412 634 487 697 sit
532 651 858 695 causarum
903 631 1225 709 discussi0,
1275 647 1331 692 et
1376 646 1668 692 votorum
1716 631 1995 713 prolati0‚
2047 633 2452 713 prohibemus
2485 635 2783 696 omnibus
2815 652 2871 696 et
2904 635 3029 696 sin-

408 741 572 820 gulis
602 756 728 800 tam
762 739 1147 815 VotantibuS,
1183 757 1374 818 quam
1406 738 1536 798 aliis
1568 738 2074 820 quibuscumque
2107 740 2172 801 in
2206 740 2436 802 eisdem
2470 740 2811 822 Signaturis
2842 742 3030 802 inter-

411 847 818 942 venientibus,
865 865 935 905 ac
977 864 1196 907 eorum
1232 844 1663 922 Auditoribus,
1707 862 1766 907 et
1809 846 2160 907 studiorum
2192 846 2678 908 Coadiutoribus
2724 864 2866 909 vota
2898 849 3029 931 ipsa

410 954 702 1034 cuiquam
747 953 914 1014 alteri
963 952 1146 1013 etiam
1193 951 1438 1033 speciali
1473 952 1867 1033 expressione
1900 953 2094 1031 digno
2128 954 2370 1032 referre,
2403 971 2507 1014 aut
2540 956 2859 1036 propalare
2891 976 3028 1017 ore-

409 1076 608 1136 tenus,
653 1060 747 1120 vel
794 1060 858 1120 in
896 1060 1131 1142 scriptis
1165 1078 1271 1140 per
1302 1080 1366 1120 se
1400 1059 1587 1141 ipsos„
1621 1060 1715 1119 vel
1748 1060 1902 1122 alios
1935 1079 2344 1141 quacumque
2380 1061 2599 1139 forma,
2634 1077 2693 1122 et
2724 1063 3028 1143 exquisito

413 1168 625 1244 mod0,
660 1170 776 1229 sub
810 1187 1009 1249 poena
1042 1166 1488 1246 indignationis
1520 1181 1784 1228 nostrae.

626 1284 654 1344 s
692 1294 747 1353 7.
797 1274 1213 1335 Decernentes
1258 1288 1604 1355 praesentes
1656 1274 1879 1335 litteras
1927 1274 2172 1352 validas,
2219 1289 2277 1335 et
2308 1272 2587 1338 efficaces
2621 1276 2891 1355 existere,
2923 1297 3028 1338 su-

413 1400 609 1463 osque
658 1381 984 1463 plenarios,
1033 1397 1091 1443 et
1122 1382 1396 1461 integros
1429 1380 1681 1442 effectus
1714 1381 1934 1457 sortiri,
1968 1397 2025 1441 et
2058 1381 2355 1459 obtinere,
2389 1400 2460 1442 ac
2491 1384 2566 1443 ab
2601 1383 2916 1463 omnibuS,
2949 1384 3027 1446 ad

413 1509 575 1569 quos
621 1504 869 1571 spectat,
917 1506 975 1549 et
1019 1488 1311 1571 spectabit
1355 1488 1421 1548 in
1468 1487 1747 1549 futurum
1796 1487 2221 1549 inviolabiliter
2268 1489 2607 1550 observari:
2661 1490 2886 1571 Sicque
2920 1510 3031 1572 per

411 1616 845 1676 quoscumque
876 1596 1121 1657 Judices
1154 1595 1336 1656 etiam
1368 1613 1692 1655 causarum
1715 1595 1922 1655 Palatii
1945 1595 2285 1675 Apostolici
2309 1595 2662 1673 Auditores,
2685 1617 2753 1658 ac
2773 1597 3028 1661 Sanctae

414 1704 732 1765 Romanae
768 1702 1070 1764 Ecclesiae
1115 1701 1491 1780 Cardinales,
1535 1702 1771 1763 sublata
1819 1702 1924 1778 eis,
1973 1717 2031 1762 et
2080 1721 2298 1763 eorum
2334 1702 2580 1764 cuilibet
2614 1704 2831 1784 quavis
2861 1705 3031 1766 aliter

411 1810 744 1890 judicandi,
792 1826 851 1871 et
900 1809 1338 1890 interpretandi
1394 1808 1695 1885 facultate,
1740 1824 1799 1869 et
1830 1809 2218 1885 auctoritate,
2251 1807 2528 1887 judicari,
2559 1826 2617 1871 et
2649 1810 2889 1872 definiri
2921 1813 3029 1873 de-

412 1920 587 1979 bere:
638 1917 877 1978 irritum
928 1935 1203 1997 quoque,
1252 1931 1310 1977 et
1355 1915 1555 1994 inane,
1602 1916 1651 1976 si
1686 1934 1865 1976 secus
1896 1934 2081 1995 super
2113 1916 2207 1975 his
2241 1937 2274 1976 a
2308 1936 2632 1996 quoquam
2667 1919 2885 1998 quavis
2917 1939 3028 1980 au-

398 2024 686 2087 ctoritate
718 2025 996 2102 scienter,
1032 2023 1128 2084 vel
1159 2023 1514 2102 ignoranter
1547 2023 1872 2101 contigerit
1902 2023 2197 2085 attentari.

626 2141 656 2202 S
691 2134 748 2193 8.
796 2132 943 2194 Non
977 2132 1362 2194 obstantibus
1395 2131 1762 2214 praemissiS,
1794 2151 1865 2192 ac
1898 2145 2208 2211 quatenus
2243 2150 2404 2211 opus
2437 2131 2513 2191 sit
2533 2147 2759 2209 nostra,
2782 2148 2840 2192 et
2861 2133 3028 2194 Can-

411 2239 682 2300 cellariae
715 2241 1108 2321 Apostolicae
1154 2240 1362 2318 regula
1401 2239 1477 2300 de
1512 2238 1720 2319 gratiis
1755 2258 1884 2299 non
1917 2237 2342 2298 concedendis
2376 2237 2666 2315 adinstar,
2700 2257 2769 2298 ac
2805 2238 2901 2301 fel.
2934 2259 3026 2300 re-

410 2365 534 2407 cor.
572 2346 660 2406 Pii
693 2347 887 2427 Papae
920 2347 1017 2408 IV.
1051 2346 1535 2428 praedecessoris
1585 2345 1777 2406 nostri
1823 2345 1900 2405 de
1952 2340 2161 2426 gratiis
2196 2343 2487 2405 interesse
2523 2345 2820 2406 Camerae
2853 2349 3026 2425 Apo-

409 2453 658 2514 stolicae
720 2453 1197 2534 quomodolibet
1259 2453 1776 2514 concernentibus
1829 2452 1895 2512 in
1946 2450 2250 2532 praedicta
2303 2452 2562 2513 Camera
2614 2450 3025 2531 registrandis,

412 2561 668 2641 aliisque
703 2559 1291 2637 Constitutionibus,
1345 2574 1403 2619 et
1453 2558 1951 2619 ordinationibus
1985 2556 2380 2637 Apostolicis,
2431 2576 2498 2617 ac
2545 2558 2841 2618 omnibus
2887 2557 3024 2635 illis,

412 2688 570 2750 quae
602 2668 854 2752 praefati
888 2669 1382 2751 praedecessores
1415 2667 1474 2729 in
1508 2667 1681 2729 dictis
1699 2666 2240 2729 constitutionibus
2261 2665 2591 2727 voluerunt
2613 2684 2745 2728 non
2766 2668 3028 2745 obstare,

352 2772 358 2777 ’
412 2778 787 2857 caeterisque
819 2775 1138 2838 contrariis
1158 2777 1678 2856 quibuscumque.
1713 2774 1886 2835 Nulli
1908 2793 2057 2855 ergo
2079 2773 2343 2835 omnino
2366 2773 2697 2834 hominum
2720 2773 2894 2835 liceat
2914 2790 3024 2834 etc.

301 3254 353 3298 ²5

304 3894 355 3939 30

300 4580 351 4624 35

628 2883 852 2945 Datum
888 2883 1123 2944 Romae
1172 2884 1336 2962 apud
1372 2882 1432 2943 S.
1467 2882 1726 2944 Mariam
1761 2879 2064 2957 Maiorem
2098 2886 2288 2942 Anno
2334 2880 2772 2941 Incarnationis
2805 2879 3026 2941 Domi-

413 3008 516 3050 cae
563 2992 742 3069 ¹659-
780 2990 989 3052 Idibus
1020 2990 1183 3052 Junii
1217 2990 1394 3051 Pont.
1432 2988 1643 3050 Nostri
1676 3008 1841 3050 anno
1877 2988 2123 3070 quinto.

1049 3216 1177 3272 212.
1225 3216 1707 3272 BENEDICTUS
1744 3215 1913 3270 xlv.
1952 3214 2384 3283 (nm—1748).

410 3362 476 3421 a)
513 3359 955 3415 Facultates
983 3357 1294 3412 maioris
1322 3356 1931 3411 poenitentiarii
1958 3368 2027 3411 et
2055 3354 3025 3411 officiiPoenitentiariae.

624 3503 652 3534 ¹⁸¹
708 3503 1046 3571 Bangen‚
1100 3503 1204 3554 Die
1256 3505 1394 3554 νόηι.
1447 3501 1633 3553 Kurie.
1688 3514 1817 3568 pag.
1863 3514 1965 3568 557
2006 3514 2127 3568 seq.
2216 3497 2528 3549 Bullarium
2566 3496 2840 3547 Benedicti
2875 3494 2960 3544 XI
2968 3494 3022 3545 V.

412 3582 628 3637 Romae
664 3600 811 3654 1754.
852 3582 1025 3635 Tom.
1055 3580 1091 3634 1.
1135 3581 1336 3634 Const.
1369 3596 1455 3651 95.
1506 3576 1955 3640 Hinschiu3‚
1994 3575 2410 3631 Kirchenrecht.
2449 3575 2621 3629 Tom.
2651 3574 2688 3626 1.
2729 3590 2783 3642 p.
2807 3589 2929 3643 429·

468 3712 840 3774 Benedictus
862 3714 1177 3794 episcopus
1212 3730 1422 3770 servus
1454 3729 1762 3770 servorum
1786 3708 1938 3781 Dei,
1970 3708 2058 3768 ad
2071 3712 2434 3787 perpetuam
2469 3706 2567 3763 rei
2595 3704 2971 3763 memoriam.

626 3848 837 3909 Pastor
869 3850 1073 3909 bonus
1106 3845 1391 3907 Christus
1424 3845 1732 3906 Dominus
1768 3890 1781 3903 .
1819 3891 1832 3904 .
1873 3890 1886 3903 .
1923 3889 1938 3903 .

624 3964 652 4024 s
688 3957 744 4017 6.
779 3955 1197 4016 Concedimus
1232 3954 1440 4034 itaque
1472 3955 1722 4029 Nostr0‚
1756 3966 1814 4011 et
1848 3969 1960 4032 pro
1992 3965 2273 4028 tempore
2308 3946 2581 4007 existenti
2618 3942 2832 4020 Majori
2871 3945 3025 4003 Poe-

411 4061 777 4139 nitentiario,
813 4079 880 4123 ut
912 4081 1149 4139 omneS,
1183 4078 1240 4122 et
1273 4060 1556 4140 singulos
1590 4056 2044 4135 cujuscumque
2078 4050 2403 4133 qualitatis,
2437 4048 2765 4127 dignitatis,
2800 4063 2856 4108 et
2886 4067 3024 4126 gra-

623 4307 651 4335 ‘
690 4305 1144 4369 Schneider,
1186 4305 1375 4359 Fontes
1411 4306 1551 4358 iuris
1588 4303 1939 4356 ecclesalzstiei
1973 4300 2261 4352 novissimi.
2303 4294 2669 4362 Ratisbonae,
2709 4293 2834 4346 Neo
2868 4292 3024 4346 Ebo-

409 4386 523 4442 raci
548 4400 604 4442 et
631 4386 970 4443 Cincinnati.
1018 4387 1166 4457 1895.
1207 4404 1263 4456 p.
1289 4384 1356 4455 98
1385 4402 1505 4455 seq.

438 4535 785 4598 Facultates
818 4559 854 4596 a
888 4538 953 4597 S.
990 4536 1485 4597 Poent'tentiaria
1505 4542 1629 4613 pro
1641 4534 1795 4610 soro
1829 4532 2070 4589 interno
2104 4526 2432 4607 Episcopis
2464 4523 2719 4584 concedi
2746 4520 2981 4581 solitae.

624 4659 690 4712 N.
718 4658 788 4712 N.
830 4657 1061 4728 (plenus
1088 4655 1309 4717 titulus)
1350 4653 1453 4708 Ss‘.
1483 4654 1551 4707 D.
1583 4652 1648 4705 N.
1677 4652 1872 4722 Papae
1901 4661 1957 4702 et
1985 4647 2042 4702 S.
2072 4644 2236 4700 Sedis
2264 4642 2632 4715 Apostolicae
2659 4638 2845 4711 Major
2873 4640 3024 4692 Poe-

408 4749 779 4805 nitentiarius.

626 4838 805 4893 Vobis
832 4836 1156 4893 Venerabili
1183 4836 1238 4890 in
1267 4833 1495 4889 Christo
1524 4831 1678 4886 Patri
1708 4831 1773 4884 N.
1804 4831 1872 4884 N.
1902 4828 2196 4900 Episcopo
2226 4823 2512 4879 Ecclesiae
2541 4823 2606 4875 N.
2637 4818 3024 4889 infrascriptas

409 4927 707 4984 facultates
725 4927 797 4980 ad
816 4925 1289 4999 Quinquennium
1308 4925 1607 4978 duraturas
1626 4917 2144 4986 communicamus,
2161 4913 2386 4987 quibuS,
2401 4929 2520 4967 non
2538 4912 2807 4965 obstante
2825 4910 3024 4963 Const.

622 5035 919 5079 Galantc:
951 5035 1116 5078 Fontes
1145 5034 1224 5087 jur.
1256 5046 1352 5076 can.
2674 5020 2744 5075 34
