3684 5416
502 1529 555 1560 10

504 2063 553 2107 ⁸5

497 2604 555 2636 20

495 3138 552 3182 25

498 3674 556 3718 30

496 4352 554 4394 ⁴35

494 4884 556 4924 ,40

599 349 709 421 638
1474 346 1720 403 Ordines
1759 359 1816 401 et
1856 345 2355 417 congregationes.

605 534 855 604 anxius:
908 552 1039 595 non
1070 532 1146 595 sit
1178 532 1411 593 nimius
1442 549 1501 593 et
1531 532 1906 603 obstinatus;
1957 550 2089 593 non
2118 531 2196 592 sit
2225 531 2567 613 zelotypus,
2608 546 2668 593 et
2699 531 2886 593 nimis
2918 533 3220 616 suspicio-

606 659 745 711 sus:
799 640 943 722 quia
994 658 1318 720 nunquam
1366 639 1722 720 requiescet.
1787 638 1856 699 In
1904 639 2048 720 ipsis
2081 638 2353 719 imperiis
2385 638 2513 700 suis
2546 639 2619 701 sit
2652 640 2948 720 providus
2979 656 3042 702 et
3071 656 3220 702 con-

608 749 939 810 sideratus:
990 747 1114 808 sive
1161 747 1507 808 secundum
1553 746 1873 808 saeculum
1920 745 2057 808 sint.
2120 746 2329 827 Opera
2377 765 2534 826 quae
2580 745 2869 829 injungit,
2904 748 3225 826 discernat,

608 871 664 914 et
709 870 1022 936 temperet,
1070 854 1346 938 cogitans
1392 853 1825 915 discretionem
1859 853 1919 916 S.
1949 851 2164 914 Jacobi
2203 853 2492 914 dicentis:
2543 854 2618 915 Si
2634 874 2865 935 greges
2893 874 3056 916 meos
3078 855 3223 937 plus

609 961 673 1020 in
709 960 1077 1021 ambulando
1088 962 1306 1040 secero
1339 958 1647 1033 laborare,
1679 963 2022 1021 morientur
2052 962 2264 1021 cuncti
2291 982 2414 1022 una
2446 962 2560 1022 die.
2594 962 2763 1023 Haec
2794 981 2944 1043 ergo
2975 960 3214 1043 aliaque

608 1066 956 1129 testimonia
988 1066 1377 1129 discretionis
1408 1066 1617 1128 matris
1650 1067 1946 1128 virtutum
1977 1087 2251 1145 sumenS,
2305 1068 2391 1129 sic
2422 1067 2634 1130 omnia
2667 1084 2980 1151 temperet,
3014 1086 3086 1131 ut
3117 1071 3212 1147 sit,

609 1176 784 1256 quod
832 1191 891 1237 et
938 1175 1124 1236 fortes
1157 1175 1428 1255 cupiant,
1462 1191 1521 1234 et
1553 1172 1780 1235 infirmi
1814 1194 1946 1236 non
1980 1174 2298 1255 refugiant.
2363 1176 2436 1237 Et
2470 1176 2795 1258 praecipue
2829 1191 2897 1237 ut
2926 1194 3216 1257 praesen-

607 1299 733 1343 tem
769 1284 1070 1363 Regulam
1119 1282 1182 1341 in
1228 1281 1524 1342 omnibus
1570 1298 1922 1343 conservet:
1976 1300 2040 1343 ut
2091 1283 2244 1344 dum
2279 1285 2435 1344 bene
2469 1282 2915 1361 ministraverit,
2949 1283 3158 1344 audiat
3190 1304 3222 1344 a

613 1389 919 1461 Domino;
970 1390 1140 1468 quod
1188 1407 1400 1449 servus
1448 1390 1668 1462 bonus,
1717 1389 1827 1469 qui
1863 1390 2135 1469 erogavit
2166 1389 2430 1450 triticum
2467 1391 2776 1452 conservis
2809 1390 2937 1452 suis
2970 1391 3032 1451 in
3066 1407 3222 1451 tem-

609 1515 761 1577 pore
794 1515 941 1556 suo:
994 1496 1187 1555 Amen
1222 1496 1358 1555 dico
1391 1494 1581 1564 vobis,
1614 1495 1713 1567 ait,
1750 1505 1935 1577 super
1964 1498 2167 1557 omnia
2199 1496 2355 1557 bona
2387 1518 2497 1558 sua
2529 1500 2864 1558 constituet
2889 1518 3040 1558 eum.

825 1604 974 1684 Cap.
1008 1601 1271 1662 LXVIII.
1329 1602 1401 1661 Si
1434 1604 1635 1677 fratri
1663 1602 2077 1685 impossibilia
2110 1603 2536 1684 injungantur.
2599 1603 2661 1664 Si
2695 1604 2794 1665 cui
2830 1604 2988 1665 fratri
3023 1604 3225 1685 aliqua

612 1710 770 1770 forte
803 1710 1007 1791 gravia
1040 1727 1143 1770 aut
1177 1710 1575 1791 impossibilia
1609 1709 2039 1789 injunguntur,
2089 1712 2380 1793 suscipiat
2411 1711 2666 1792 quidem
2717 1711 2982 1790 jubentis
3027 1713 3224 1792 impe-

611 1816 770 1877 rium
821 1836 962 1877 cum
998 1818 1171 1879 omni
1208 1818 1681 1878 mansuetudine
1716 1833 1773 1879 et
1805 1818 2172 1879 obedientia.
2226 1818 2418 1894 Quod
2451 1819 2499 1879 si
2533 1819 2796 1881 omnino
2828 1819 3050 1881 virium
3083 1838 3224 1881 sua-

610 1942 748 1984 rum
804 1944 1161 1985 mensuram
1213 1925 1427 1985 viderit
1475 1925 1722 2005 pondus
1768 1927 2081 2003 excedere,
2145 1924 2651 2007 impossibilitatis
2695 1946 2841 1987 suae
2890 1946 3102 1988 causas
3146 1926 3221 2001 ei,

611 2030 717 2110 qui
750 2031 863 2091 sibi
899 2047 1153 2111 praeest,
1188 2031 1480 2112 patienter
1511 2048 1567 2091 et
1600 2048 1951 2114 opportune
1983 2049 2286 2114 suggerat,
2325 2052 2452 2094 non
2485 2032 2922 2115 superbiendo.
2955 2048 3059 2094 aut
3079 2033 3224 2093 resi-

610 2139 832 2199 stendo
865 2139 958 2198 vel
993 2138 1490 2198 contradicendo.
1542 2136 1734 2212 Quod
1767 2138 1818 2197 si
1852 2156 1990 2219 post
2020 2141 2483 2219 suggestionem
2514 2160 2694 2202 suam
2729 2142 2793 2200 in
2834 2160 2941 2201 sua
2975 2156 3222 2201 senten—

610 2246 689 2305 tia
723 2245 949 2305 Prioris
997 2244 1328 2326 imperium
1375 2245 1811 2324 perduraverit,
1850 2245 1996 2306 sciat
2044 2245 2254 2324 junior
2284 2247 2364 2308 ita
2394 2247 2508 2307 sibi
2543 2248 2846 2328 expedire,
2882 2264 2940 2308 et
2971 2268 3043 2309 ex
3077 2246 3221 2308 cha-

612 2351 783 2412 ritate
817 2350 1140 2412 confidens
1175 2352 1249 2411 de
1282 2349 1589 2427 adjutorio
1625 2351 1738 2412 Dei
1770 2352 2035 2413 obediat.
2190 2331 2199 2341 ’

824 2459 975 2539 Cap.
1009 2458 1220 2519 LXIX.
1290 2457 1375 2519 Ut
1418 2461 1482 2518 in
1503 2459 1899 2520 .Monasterio
1932 2481 2050 2521 non
2070 2467 2438 2542 praesumat
2465 2461 2622 2521 alter
2651 2460 2844 2522 alium
2878 2461 3214 2539 defendere.

611 2566 1112 2627 Praecavendum
1163 2579 1272 2641 est,
1332 2583 1407 2624 ne
1458 2563 1674 2644 quavis
1719 2564 2044 2627 occasione
2090 2583 2436 2647 praesumat
2482 2566 2628 2629 alter
2673 2566 2863 2627 alium
2895 2566 3224 2628 defendere

613 2673 995 2735 Monachum
1042 2671 1105 2732 in
1160 2670 1560 2748 Monasterio,
1607 2685 1713 2732 aut
1760 2672 1934 2751 quasi
1981 2672 2176 2748 tueri;
2246 2670 2481 2732 etiamsi
2532 2670 2802 2751 qualibet
2851 2671 3222 2753 consangui-

605 2779 807 2841 nitatis
854 2777 1308 2861 propinquitate
1353 2776 1703 2855 jungantur.
1771 2778 1902 2838 Nec
1950 2778 2227 2858 quolibet
2273 2779 2467 2840 modo
2513 2778 2573 2838 id
2609 2799 2641 2838 a
2677 2779 3004 2839 Monachis
3049 2798 3222 2860 prae-

607 2903 923 2959 sumatur;
974 2886 1118 2966 quia
1166 2884 1387 2946 exinde
1436 2883 1794 2964 gravissima
1827 2885 2069 2947 occasio
2103 2886 2539 2946 scandalorum
2571 2885 2715 2947 oriri
2749 2901 2964 2966 potest.
3026 2881 3221 2960 Quod

610 2992 660 3053 si
692 2993 831 3071 quis
865 2993 1015 3052 haec
1047 3007 1458 3073 transgressus
1492 2990 1691 3067 fuerit,
1727 2990 1926 3052 acrius
1958 3000 2325 3053 coerceatur.

826 3100 977 3180 Cap.
1013 3098 1199 3159 LXX.
1236 3097 1321 3159 Ut
1348 3117 1469 3158 non
1485 3104 1856 3179 praesumat
1882 3100 2201 3180 quisquam
2234 3099 2426 3160 alium
2457 3101 2733 3174 caedere,
2766 3107 2873 3161 aut
2886 3119 3224 3161 excommu-

612 3209 840 3267 nicare.
875 3205 961 3268 Ut
992 3205 1212 3266 vitetur
1232 3206 1296 3265 in
1319 3204 1701 3266 Monasterio
1723 3206 1928 3268 omnis
1945 3206 2470 3288 praesumptionis
2487 3206 2750 3284 occasio,
2774 3207 3224 3280 constituimus,

611 3330 679 3376 ut
715 3314 872 3375 nulli
903 3315 1078 3375 liceat
1110 3332 1496 3394 quemquam
1532 3315 1789 3375 fratrum
1821 3332 2085 3376 suorum
2118 3313 2653 3376 excommunicare
2672 3331 2778 3376 aut
2797 3315 3066 3390 caedere,
3102 3313 3221 3374 nisi

611 3421 710 3482 cui
746 3436 1010 3502 potestas
1057 3423 1132 3482 ab
1164 3424 1402 3483 Abbate
1437 3422 1575 3482 data
1610 3413 1805 3483 ¹fuerit.
1876 3423 2198 3483 peccantes
2230 3437 2436 3482 autem
2470 3440 2680 3483 coram
2706 3420 3009 3483 omnibus
3039 3438 3222 3498 argu-

608 3545 809 3606 antur,
861 3546 927 3589 ut
973 3528 1192 3589 caeteri
1235 3544 1476 3589 metum
1512 3529 1792 3589 habeant.
1872 3526 2214 3588 Infantibus
2244 3547 2393 3589 vero
2426 3547 2626 3608 usque
2658 3528 2734 3589 ad
2766 3527 3224 3609 quintumdeci-

613 3654 786 3696 mum
818 3655 1055 3697 annum
1089 3635 1297 3697 aetatis
1329 3634 1687 3717 disciplinae
1720 3633 2035 3712 diligentia
2066 3634 2445 3713 adhibeatur,
2478 3651 2537 3696 et
2569 3635 2845 3696 custodia
2878 3635 2953 3697 sit
2984 3637 3060 3696 ab
3081 3653 3218 3696 om-

613 3743 815 3805 nibus.
879 3742 999 3803 Sed
1048 3759 1104 3803 et
1154 3744 1273 3804 hoc
1319 3762 1459 3803 cum
1510 3742 1680 3803 omni
1715 3760 2009 3802 mensura
2044 3756 2101 3802 et
2132 3743 2386 3804 ratione.
2450 3743 2611 3803 Nam
2646 3744 2708 3804 in
2742 3742 2979 3804 fortiori
3010 3755 3219 3818 aetate,

612 3851 721 3930 qui
758 3851 1233 3931 praesumpserit
1263 3850 1653 3929 aliquatenus
1683 3848 1816 3909 sine
1851 3866 2180 3930 praecepto
2202 3851 2475 3929 AbbatiS‚
2503 3851 2600 3911 vel
2634 3850 2696 3911 in
2717 3851 2864 3930 ipsis
2884 3848 3223 3910 infantibus

611 3958 745 4018 sine
779 3957 1147 4018 discretione
1180 3958 1471 4017 exarserit
1500 3955 1857 4037 discipliuae
1894 3956 2184 4036 Regulari
2216 3956 2554 4035 subjaceam
2595 3957 2738 4036 quia
2769 3956 3064 4036 scriptum
3098 3971 3219 4015 est:

614 4065 805 4144 Quod
834 4064 954 4125 tibi
981 4085 1100 4126 non
1134 4067 1227 4125 vis
1251 4063 1425 4139 sieri,
1458 4063 1580 4124 alii
1606 4084 1681 4124 ne
1691 4066 1950 4142 seceris.

1274 4324 1404 4380 270.
1449 4323 1918 4380 ALEXANDER
1957 4326 2073 4380 111.
2115 4324 2547 4396 (1159—1181).

647 4461 1076 4518 Alexander
1115 4462 1225 4515 111.
1266 4461 1335 4516 in
1375 4459 1728 4517 Concilio
1770 4460 2216 4514 Lateranen.
2259 4460 2370 4514 111.
2422 4462 2705 4533 (1179)c.
2746 4477 2797 4531 9.
2836 4482 2905 4504 =
2943 4475 2989 4513 c.
3033 4476 3078 4531 3.
3118 4458 3186 4512 X.

1122 4545 1187 4597 de
1216 4545 1523 4614 privilegiis
1560 4547 1617 4596 et
1647 4543 1954 4595 excessibus
1981 4543 2477 4612 privilegiatorum.
2516 4541 2585 4599 V.
2627 4560 2709 4616 33.

826 4678 851 4699 ¹·
896 4670 1109 4740 Corpus
1146 4671 1255 4725 ίαν.
1293 4685 1414 4722 can.
1455 4668 1543 4721 ed.
1584 4665 2022 4737 Friedberg.
2062 4666 2235 4720 Tom.
2276 4665 2337 4720 11.
2390 4665 2499 4720 col.
2542 4666 2842 4738 849—850.
2920 4662 3224 4735 Hefele,

614 4751 1219 4822 Conct'liengeschtchte.
1259 4751 1432 4805 Tom.
1472 4750 1540 4803 V.
1581 4765 1635 4820 p.
1674 4764 1799 4820 7¹3·

613 4858 880 4928 Religiosi
920 4857 1090 4913 etiarn
1131 4857 1381 4929 exempti
1418 4856 1685 4912 ecclesias
1725 4869 1781 4910 et
1820 4854 2071 4909 decimas
2110 4870 2231 4908 non
2271 4853 2485 4907 debent
2523 4871 2555 4907 a
2593 4852 2742 4908 laicis
2782 4852 3054 4924 recipere,
3091 4852 3213 4908 sine

612 4957 900 4996 consensu
929 4939 1422 4993 dioecesanorum.
1451 4937 1577 4991 Ho:
1605 4935 1740 4990 dicit
1768 4952 1952 5006 usque
1980 4935 2050 4988 ad
2079 4935 2131 5003 ξ.
2151 4933 2701 4989 Excommunicatos.
2729 4965 2794 4972 —
2823 4933 2860 5001 g
2895 4950 2937 4986 1.
2966 4932 3218 4986 Excorn-
