3684 5416
336 1554 399 1586 10

329 2090 390 2135 ¹5

326 2624 393 2657 20

326 3159 390 3203 25

326 3693 394 3739 30

332 4227 389 4273 35

330 4815 442 4899 40-

1092 384 1357 439 Potestas
1397 382 1777 439 ecclesiastica
1817 395 1875 438 et
1912 382 2217 454 imperium
2256 381 2434 437 civile.
2971 398 3061 442 101,

454 585 595 629 tuae
639 566 973 629 hominum
1018 587 1153 649 pars
1200 585 1304 630 est.
1365 568 1602 629 Omnes
1647 585 1853 629 tamen
1900 567 1962 627 in
1996 583 2121 629 tam
2154 566 2378 648 dispari
2409 585 2669 627 munere
2704 581 2762 627 et
2793 580 2952 626 statu
2985 584 3058 625 ex

456 690 515 736 te
561 673 852 756 pendent,
897 689 1077 734 tuum
1123 688 1350 734 nutum
1384 672 1735 755 respiciunt,
1782 689 1839 733 te
1874 672 1985 733 sibi
2019 691 2230 751 regem
2264 671 2562 733 diuinitus
2594 672 2807 733 datum
2839 691 3064 751 agnos-

458 798 608 844 cunt
639 797 697 843 et
725 780 1086 860 gloriantur.
1150 781 1281 842 Hac
1314 781 1595 841 varietate
1629 780 1811 841 etiam
1846 779 2127 841 delectari
2160 779 2499 840 existimare
2520 779 2706 840 debes
2726 778 3062 861 principem

457 905 517 950 et
566 889 1022 950 moderatorem
1072 887 1261 948 huius
1309 886 1736 949 vniuersitatiS.
1807 887 2012 950 Aliam
2077 887 2340 954 formam
2391 885 2705 964 religionis
2754 884 2885 945 vult
2934 905 3064 946 esse

456 995 621 1078 apud
641 993 1000 1077 AegyptiOS,
1033 992 1215 1055 aliam
1247 994 1411 1076 apud
1434 994 1723 1069 GraecOS,
1754 992 1938 1055 aliam
1970 993 2135 1075 apud
2168 992 2375 1073 Syros.
2408 993 2627 1072 Neque
2662 1007 2866 1053 tamen
2897 993 3062 1073 apud

456 1103 646 1184 Syros
692 1101 856 1183 ipsos
888 1120 1007 1162 vna
1040 1101 1324 1162 omnium
1363 1118 1471 1179 est,
1519 1101 1625 1162 sed
1659 1100 1816 1162 alius
1848 1099 1962 1162 alia
1995 1100 2092 1160 vel
2124 1100 2420 1180 religione
2451 1115 2689 1161 tenetur
2720 1098 2815 1159 vel
2847 1118 3063 1180 super-

454 1210 701 1272 stitione
733 1207 1135 1270 conflictatur.

669 1317 740 1379 In
786 1315 1004 1398 amplis
1053 1314 1294 1379 familiis
1341 1315 1511 1376 liberi
1557 1331 1722 1392 sunt,
1755 1330 1812 1375 et
1845 1314 2040 1375 serui:
2091 1327 2149 1374 et
2181 1314 2411 1374 horum
2444 1312 2505 1374 in
2539 1291 2803 1393 utroque
2836 1297 3061 1394 genere

455 1425 800 1488 mirabilem
834 1421 1095 1504 reperire
1117 1421 1255 1483 licet
1275 1421 1745 1503 appetitionum,
1769 1420 2162 1500 iudiciorum,
2186 1436 2243 1480 et
2263 1418 2662 1500 ingeniorum
2683 1418 3059 1480 varietatem:

454 1552 613 1614 quae
665 1546 909 1592 tantum
953 1530 1139 1606 abest,
1190 1544 1251 1589 vt
1296 1530 1560 1590 domum
1593 1529 1936 1601 dedecoret,
1969 1527 2061 1587 vel
2096 1527 2429 1588 dominum
2462 1525 2754 1604 offendat,
2788 1541 2849 1586 vt
2881 1525 3062 1587 etiam

455 1641 688 1702 mirum
719 1638 783 1698 in
813 1636 1077 1698 modum
1115 1635 1405 1697 familiam
1438 1650 1722 1711 exornet3
1769 1650 1828 1696 et
1862 1654 1991 1698 non
2024 1634 2400 1706 mediocrem
2432 1632 2725 1697 dominus
2759 1652 2829 1693 ex
2863 1652 2930 1693 ea
2963 1617 3064 1694 ca-*

451 1746 575 1830 piat
608 1745 1009 1826 voluptatem.
1057 1743 1222 1804 Tota
1254 1743 1405 1804 haec
1439 1742 1744 1818 machina,
1777 1761 1937 1822 quae
1958 1741 2151 1802 vltimi
2174 1740 2319 1802 caeli
2339 1737 2669 1822 complexu
2689 1741 3059 1818 continetur,

449 1873 642 1936 quem
687 1851 1007 1913 muudum
1033 1833 1315 1927 dicimus,
1365 1869 1585 1930 magna
1618 1850 1924 1931 quaedam
1959 1850 2185 1911 domus
2218 1837 2326 1927 est,
2357 1848 2455 1909 cui
2489 1862 2722 1930 praeest
2754 1863 3060 1929 praestan-

447 1961 680 2022 tissima
711 1974 942 2036 natura,
974 1971 1032 2017 et
1063 1959 1138 2020 ab
1172 1957 1346 2049 omni
1380 1957 1668 2035 contagio
1703 1956 1988 2020 materiae
2020 1972 2352 2036 segregata,
2385 1974 2576 2037 quem
2600 1953 2924 2014 notissimo
2947 1973 3061 2034 no-

449 2069 619 2130 mine
651 2067 859 2128 Deum
889 2064 1286 2146 appellamus.
1323 2064 1441 2125 Hic
1473 2066 1548 2125 ab
1571 2065 1858 2125 vniuerso
1882 2063 2213 2125 hominum
2235 2081 2476 2143 genere,
2495 2061 2661 2121 velut
2682 2060 2905 2121 familia
2927 2082 3057 2139 sua,

447 2174 567 2237 sibi
614 2189 674 2234 vt
717 2173 977 2234 domino
1023 2171 1404 2236 sanctissime
1451 2157 1744 2232 deseruiri
1789 2170 1951 2235 vult:
2000 2170 2085 2230 sic
2119 2185 2326 2230 tamen
2360 2185 2420 2228 vt
2453 2166 2687 2228 nemini
2719 2165 3057 2228 libertatem

449 2281 684 2363 eripiat,
717 2278 1057 2360 quominus
1087 2297 1205 2340 suo
1237 2279 1503 2359 quisque
1538 2293 1734 2339 vtatur
1767 2277 2040 2360 ingeni0,
2073 2277 2267 2338 immo
2298 2265 2716 2355 gratissimum
2748 2288 2807 2334 et
2835 2274 3058 2355 iucun-

449 2386 810 2450 dissimum
794 2386 916 2468 ipsi
929 2385 1021 2464 sit,
1045 2385 1248 2446 videre
1269 2385 1569 2448 infinitam
1591 2385 1920 2447 hominum
1943 2383 2423 2458 multitudinem,
2442 2396 2573 2443 toto
2592 2396 2890 2440 terrarum
2911 2382 3059 2441 orbe

449 2513 741 2580 sparsam,
775 2493 1046 2554 certatim
1080 2493 1145 2554 in
1176 2512 1294 2554 suo
1327 2511 1643 2573 quemque
1676 2507 1735 2552 et
1768 2491 1992 2587 dispari
2024 2509 2249 2570 genere
2282 2490 2357 2550 ad
2379 2488 2475 2550 sui
2497 2487 2732 2560 cultum
2755 2505 3060 2548 conncur-

450 2621 616 2663 rere:
668 2615 726 2661 et
771 2600 891 2661 hoc
936 2600 1049 2661 sibi
1089 2601 1165 2661 ad
1197 2599 1456 2679 gloriam
1491 2614 1549 2659 et
1579 2597 1983 2679 magnificum
2016 2599 2206 2658 decus
2240 2595 2593 2657 mirabiliter
2623 2589 2835 2676 aptum
2870 2609 3055 2675 putet.

667 2707 893 2784 Quae
878 2706 1063 2789 igitur
1094 2705 1405 2769 dementia
1437 2722 1546 2784 est,
1584 2706 1644 2768 id
1678 2725 1879 2788 agere,
1913 2720 1976 2766 vt
2010 2724 2228 2766 omnes
2262 2693 2553 2765 homines
2574 2701 2793 2764 iisdem
2812 2697 3059 2783 opinio-

449 2816 635 2878 nibus
682 2812 858 2876 inuiti
905 2814 1303 2876 imbuantur?
1355 2814 1529 2894 quod
1576 2833 1781 2893 neque
1828 2812 1960 2873 fieri
2009 2826 2224 2894 potest,
2270 2829 2475 2890 neque
2521 2810 2571 2871 si
2619 2809 2828 2891 possit,
2863 2809 3059 2872 debet.

449 2924 590 2985 Tua
622 2922 954 3004 sapientior
986 2922 1138 2983 ratio
1172 2920 1279 2997 est,
1314 2921 1665 3002 Imperator,
1698 2920 1806 3001 qui
1841 2919 2077 2981 nemini
2113 2918 2476 3000 opinionem
2500 2932 2828 2997 extorques
2859 2934 3056 2992 suarn,

449 3032 559 3092 sed
606 3029 830 3092 iudicia
874 3028 1174 3109 relinquis
1220 3029 1439 3100 libera;
1471 3035 1639 3090 'cum
1673 3047 1761 3089 ¹eo
1807 3043 2032 3102 tamen,
2078 3042 2141 3087 vt
2186 3045 2265 3087 ne
2298 3044 2406 3106 per
2437 3043 2669 3086 nomen
2702 3038 2761 3084 et
2792 3022 3057 3104 speciem

449 3137 787 3216 religionis,
834 3136 931 3197 vel
979 3155 1244 3196 caussae·
1277 3134 1724 3217 perturbandae
1771 3134 1921 3215 reip.
1955 3134 2046 3201 vel
2081 3133 2345 3194 latebrae
2376 3130 2636 3213 peccatis
2668 3143 3059 3211 quaerantur.

450 3244 627 3305 Hanc
657 3262 773 3323 ego
804 3242 1005 3322 legem
1039 3242 1535 3304 commodiorem
1568 3241 1751 3303 etiam
1781 3241 2012 3318 iudico,
2054 3254 2114 3301 et
2145 3239 2451 3300 vtiliorem
2482 3256 2763 3300 summae
2799 3236 3056 3318 reipubl.

449 3369 643 3430 quarn
693 3349 915 3411 foedus
959 3350 1134 3430 quod
1181 3368 1326 3411 cum
1373 3349 1642 3411 barbaris
1675 3368 1878 3430 nuper
1907 3365 1999 3410 est
2029 3347 2240 3409 ictum.
2305 3346 2581 3407 Foedere
2615 3344 2780 3405 enim
2817 3344 2933 3405 isto
2966 3364 3059 3405 as·

441 3457 788 3537 sequimur,
835 3472 897 3517 vt
942 3474 1087 3518 cum
1133 3456 1404 3518 barbaris
1436 3471 1494 3517 et
1526 3455 1884 3535 alienigenis
1916 3474 1995 3517 ne
2028 3454 2491 3533 belligeremus:
2540 3467 2644 3511 tua
2675 3450 2808 3530 lege
2842 3469 3060 3511 omnes

446 3562 782 3625 seditiones
831 3579 890 3624 et
934 3582 1184 3646 pugnae
1231 3562 1570 3641 intestinae,
1616 3562 1847 3642 quibus
1879 3563 2337 3634 laborabamus,
2369 3558 2637 3620 sublatae
2670 3573 2834 3620 sunt.
2897 3558 3057 3618 Nam

447 3670 765 3752 superiore
798 3684 1098 3751 tempore,
1133 3670 1308 3750 quod
1341 3672 1532 3751 probe
1579 3669 1758 3747 nosti,
1806 3669 2125 3748 grauiores
2173 3686 2419 3728 eramus
2465 3665 2582 3746 ipsi
2627 3664 2825 3741 nobis,
2871 3683 3059 3744 quam

448 3776 657 3838 omnis
689 3776 997 3857 equitatus
1029 3792 1087 3837 et
1118 3775 1422 3857 peditatus
1456 3775 1733 3837 hostium
1763 3791 2196 3837 externorum:
2246 3772 2570 3853 magisque
2602 3789 2796 3852 remp.
2831 3769 3059 3832 afflixe-

448 3898 594 3944 runt
638 3883 992 3961 delationes,
1039 3882 1269 3963 quibus
1315 3903 1434 3945 vna
1466 3882 1680 3963 religio
1714 3883 2015 3944 aduersus
2046 3882 2297 3943 alteram
2327 3882 2731 3963 grassabatur,
2776 3896 2965 3958 quam
2999 3876 3061 3937 in

448 3988 800 4070 prouincias
833 4005 1074 4051 nostras
1103 3989 1489 4051 incursiones
1534 3989 1827 4052 omnium
1873 3991 2294 4051 barbarorum.
2361 3987 2813 4063 Quamobrem,
2860 3984 3061 4064 Impe-

448 4111 630 4173 rator,
665 4097 795 4157 sine
830 4095 1079 4178 paribus
1111 4097 1377 4178 pendere
1410 4096 1630 4158 libram
1666 4097 2072 4158 examinatam
2085 4086 2488 4176 ponderibus,
2521 4111 2726 4174 neque
2748 4090 3060 4154 committe

447 4218 512 4263 vt
557 4202 806 4264 alteram
849 4203 1087 4265 lancem
1133 4204 1440 4285 impellas:
1490 4219 1553 4264 vt
1586 4204 1837 4285 paribus
1871 4220 1929 4265 et
1960 4203 2380 4266 concordibus
2414 4202 2576 4264 votis
2609 4219 2826 4263 omnes
2859 4197 3063 4260 homi-

448 4328 579 4388 nes,
624 4329 1022 4391 quacumque
1068 4310 1362 4390 religione
1409 4325 1673 4388 vtantur,
1724 4308 2211 4374 incolumitatem
2255 4331 2290 4373 a
2322 4309 2457 4371 Deo
2506 4324 2564 4369 et
2596 4306 3058 4369 diuturnitatem

445 4417 707 4499 imperio
738 4434 850 4479 tuo
884 4435 1221 4498 precentur.
1286 4416 1343 4496 [l.
1376 4437 1427 4479 c.
1462 4437 1598 4499 pag.
1647 4415 2030 4497 189—197.]

599 4597 694 4657 25.
753 4598 1290 4667 CONSTANTIU&
1329 4597 1788 4669 anunm,
1826 4597 2458 4667 VALENTINIANUS‚
2498 4594 2904 4661 BONORIUs,

1284 4686 1690 4756 Altonum,
1729 4687 2229 4777 Tnnonosu’S.

661 4802 689 4831 ⁸
739 4802 1150 4857 Theodosianus.
1188 4802 1225 4855 Ι.
1255 4802 1356 4857 Ed.
1385 4801 1814 4857 Mommsen.
1869 4799 2365 4871 Crivellucci,
2392 4803 2573 4855 Storia
2612 4801 2749 4854 delle
2786 4802 2883 4854 rel
2868 4815 3060 4870 mone,

452 4883 641 4954 I.ca.p
670 4881 1642 4953 6—9.Schu1tze‚Geschichte
1677 4881 1773 4935 des
1819 4882 2264 4952 Untergangs.1.
2308 4880 2624 4979 p-68-——96‚
2650 4879 2946 4951 208—297.
2999 4879 3060 4933 11.

449 4980 504 5035 p.
542 4981 761 5035 12—52.
815 4962 1169 5031 Galante‚
1209 4962 1343 5017 Cose
1367 4981 1546 5018 sacre.
1583 4978 1636 5033 p.
1662 4980 1889 5034 40—47.
2404 5012 2410 5016 .
