3684 5416
299 2242 351 2287 ⁸5

298 3293 353 3338 ²5

294 4361 352 4408 35

1051 394 1317 448 Potestas
1355 391 1735 449 ecclesiastica
1774 405 1830 448 et
1868 392 2175 465 imperium
2213 392 2390 449 civile.
2924 411 3010 466 ¹5¹

564 595 894 671 [Formula
924 598 1302 657 sacramenti
1328 617 1365 655 a
1382 597 1716 677 pontifices
1749 595 2115 657 electoribus
2144 595 2445 658 Romanis
2461 596 2852 678 praestandi.
2848 597 2892 672 ]

627 721 927 782 Promitto
972 740 1090 803 ego
1122 719 1220 782 ille
1253 739 1362 802 per
1394 721 1600 782 Deum
1634 720 2128 802 omnipotentem
2161 736 2221 782 et
2252 740 2361 804 per
2389 719 2501 782 ista
2531 739 2698 783 sacra
2732 736 3025 801 quattuor

412 826 731 908 euangelia
763 840 823 890 et
853 846 962 909 per
993 829 1155 889 hanc
1186 845 1433 889 crucem
1465 826 1707 890 domini
1740 826 1933 889 nostri
1965 827 2101 890 lesu
2135 825 2361 890 Christi
2394 843 2453 889 et
2484 846 2593 910 per
2624 846 2851 910 corpus
2882 830 3023 889 bea-

413 932 631 995 tissimi
662 934 822 995 Petri
867 932 1155 1017 principis
1200 934 1648 1016 apostolorum,
1682 935 1860 1016 quod
1894 937 1968 996 ab
2002 936 2118 997 hac
2148 933 2246 997 die
2278 935 2342 996 in
2375 934 2653 997 futurum
2689 934 2885 996 fidelis
2917 954 3024 997 ero

414 1039 685 1102 dominis
736 1040 960 1104 nostris
1007 1040 1482 1121 imperatoribus
1532 1041 1889 1104 Hludovico
1940 1058 1998 1103 et
2029 1041 2314 1104 Hlotario
2364 1042 2583 1104 diebus
2626 1040 2784 1102 vitae
2830 1059 3023 1120 meae,

412 1148 579 1210 iuxta
608 1148 766 1211 vires
798 1163 857 1209 et
888 1147 1268 1209 intellectum
1300 1165 1535 1225 meum,
1566 1149 1698 1210 sine
1732 1147 1945 1211 fraude
1979 1164 2164 1229 atque
2196 1149 2362 1210 malo
2393 1146 2670 1228 ingenio,
2702 1147 2865 1210 salva
2904 1146 3024 1209 fide

413 1273 605 1336 quam
651 1253 973 1336 repromisi
1018 1255 1279 1317 domino
1327 1255 1704 1336 apostolico:
1757 1271 1816 1317 et
1862 1255 2035 1337 quod
2083 1276 2216 1318 non
2247 1255 2626 1319 consentiam
2659 1271 2729 1318 ut
2758 1252 2928 1317 aliter
2960 1254 3025 1316 in

412 1362 530 1422 hac
577 1361 722 1422 sede
772 1380 1029 1424 romana
1079 1360 1183 1423 fiat
1232 1361 1449 1423 electio
1494 1360 1819 1444 pontificis,
1869 1361 1986 1424 nisi
2032 1362 2327 1424 canonice
2372 1379 2430 1424 et
2476 1362 2629 1424 iuste
2676 1361 3026 1425 secundum

412 1467 571 1530 vires
617 1484 674 1529 et
719 1467 1094 1532 intellectum
1142 1488 1392 1540 meum,·
1442 1484 1500 1531 et
1532 1468 1633 1530 ille
1665 1469 1774 1550 qui
1807 1470 2038 1532 electus
2072 1468 2252 1532 fuerit
2282 1488 2382 1532 me
2416 1470 2843 1532 consentiente
2875 1486 3025 1530 con-

411 1590 681 1637 secratus
715 1573 990 1658 pontifex
1022 1595 1153 1638 non
1185 1574 1305 1654 fiat,
1350 1575 1714 1657 priusquam
1756 1576 1874 1638 tale
1906 1592 2361 1638 sacramentum
2391 1575 2566 1638 faciat
2598 1574 2662 1638 in
2695 1574 3028 1658 praesentia

412 1681 585 1743 missi
628 1682 868 1744 domini
914 1682 1299 1765 imperatoris
1332 1697 1391 1744 et
1426 1683 1664 1765 populi,
1695 1702 1842 1745 cum
1876 1683 2242 1751 iuramento,
2280 1683 2464 1764 quale
2496 1682 2792 1746 dominus
2824 1682 3029 1763 Euge-

412 1789 558 1851 nius
590 1791 751 1873 Papa
796 1806 1016 1874 sponte
1063 1810 1177 1871 pro
1224 1790 1686 1854 conservatione
1740 1791 2031 1854 omnium
2079 1791 2309 1854 factum
2356 1791 2537 1852 habet
2569 1809 2678 1872 per
2710 1789 3026 1871 scriptum.

413 1895 471 1978 [L
505 1917 556 1959 c·
591 1918 727 1980 pag·
767 1896 1156 1980 322—324]

519 2107 601 2188 b)
666 2111 1135 2194 Capitulare
1184 2111 1659 2173 Olonnense
1710 2110 2363 2174 ecclesiasticum
2418 2111 2757 2194 primum
2793 2112 2915 2193 825

1443 2228 1710 2271 mense
1763 2209 1991 2274 Maio,

625 2337 657 2371 '⁸'
723 2336 1062 2409 Capitularia
1099 2338 1313 2409 Regum
1351 2337 1708 2392 Francorum.
1748 2337 1837 2391 ed.
1880 2336 1971 2392 cit.
2013 2325 2079 2391 n.⁸
2103 2338 2217 2411 163.
2257 2352 2312 2409 p.
2340 2336 2639 2410 326—527.
2689 2334 3027 2400 Simson‚

409 2416 762 2488 Jahrbilcher
797 2417 893 2471 des
912 2417 1285 2487 srdnh‘schen
1321 2417 1548 2473 Reiches
1582 2420 1747 2473 unter
1780 2418 2006 2488 Ludwig
2041 2417 2165 2472 dem
2203 2417 2508 2473 Frommen.
2546 2416 2840 2472 Muncben
2875 2414 3027 2488 1876.

415 2499 452 2554 1.
481 2515 535 2568 p.
564 2514 684 2571 237.
735 2496 995 2561 Savio,
1031 2498 1138 2554 Gli
1166 2498 1377 2553 anhelii
1405 2500 1614 2553 vescovi
1641 2499 1879 2554 d'ltalia
1935 2498 1976 2553 1.
2014 2499 2066 2553 Il
2087 2498 2373 2554 Piemonte.
2401 2496 2626 2554 Torino
2663 2495 2813 2569 1898.
2839 2513 2894 2569 p.
2923 2514 3029 2570 3¹4

413 2596 538 2652 seq.
569 2581 654 2646 (de
677 2581 979 2650 Dungalo).

414 2713 649 2795 Incipit
676 2711 947 2795 capitula
979 2713 1145 2794 quod
1173 2712 1428 2773 domnus
1462 2713 1798 2794 imperator
1827 2719 1996 2775 sexto
2027 2732 2189 2774 anno
2222 2714 2475 2794 imperii
2501 2713 2606 2774 sui
2629 2712 2719 2773 ad
2734 2708 3029 2792 generale

1132 2819 1440 2900 placitum
1473 2820 1749 2880 instituit
1775 2826 1950 2881 curte
1978 2818 2288 2882 Holonna.

629 2943 878 3020 Placuit,
914 2941 1094 3005 nobis
1127 2958 1192 3002 ut
1223 2942 1274 3003 si
1309 2961 1423 3024 pro
1455 2941 1836 3023 quibuslibet
1867 2942 2063 3025 culpis
2094 2958 2281 3024 atque
2300 2942 2660 3005 criminibus
2691 2961 3029 3024 quaecum-

412 3070 539 3133 que
586 3068 847 3133 persona
891 3049 1117 3111 totiens
1163 3048 1346 3110 fuerit
1377 3065 1675 3131 correpta,
1709 3064 1780 3111 ut
1810 3051 1998 3112 etiam
2029 3050 2669 3113 excommunicatione
2700 3048 3029 3132 episcopali

413 3178 530 3241 pro
579 3171 939 3240 contemptu
990 3156 1218 3237 dignus
1261 3157 1579 3235 habeatur,
1630 3156 1922 3218 comitem
1969 3175 2154 3220 suum
2201 3157 2527 3239 episcopus
2557 3156 2671 3217 sibi
2703 3156 3029 3236 consociet,

414 3282 474 3326 et
518 3282 627 3347 per
671 3266 1000 3326 amborum
1045 3280 1423 3325 consensum
1472 3264 1912 3327 huiuscemodi
1944 3264 2340 3344 distringatur
2371 3278 2775 3345 contemptor,
2807 3279 2873 3324 ut
2906 3263 3027 3325 ius-

413 3370 694 3433 sionibus
725 3369 995 3453 episcopi
1025 3369 1121 3431 sui
1153 3370 1494 3435 oboediens
1525 3371 1769 3447 existat;
1804 3371 1856 3432 si
1889 3390 2037 3432 vero
2069 3390 2390 3433 assensum
2428 3389 2560 3431 non
2593 3370 2846 3447 dederit,
2878 3373 3029 3431 ban·

415 3496 572 3540 num
604 3493 889 3539 nostrum
922 3477 1103 3539 nobis
1134 3479 1459 3559 persolvat,
1506 3479 1682 3559 quod
1714 3478 1766 3538 si
1798 3479 2004 3541 adhuc
2036 3493 2367 3540 contumax
2399 3476 2741 3559 perstiterit,
2771 3493 2921 3539 tunc
2953 3479 3028 3537 ab

413 3583 707 3667 episcopo
751 3583 1337 3647 excommunicetur.
1413 3583 1478 3647 Si
1526 3604 1671 3647 vero
1717 3583 2286 3646 excommunicatus
2332 3584 2555 3663 corrigi
2599 3583 2961 3664 nequiverit,
2994 3603 3030 3644 a

414 3690 642 3753 comite
693 3690 955 3752 vinculis
1004 3690 1473 3771 constringatur,
1527 3710 1860 3773 quousque
1909 3707 2193 3753 nostrum
2236 3691 2287 3752 is
2320 3706 2711 3773 contemptor
2741 3688 3027 3772 suscipiat

413 3797 732 3859 iudicium.
793 3796 858 3859 Si
905 3816 1051 3860 vero
1096 3798 1164 3860 in
1207 3797 1429 3860 talibus
1474 3817 1687 3861 comes
1717 3813 1998 3879 repertus
2030 3797 2213 3861 fuerit
2248 3797 2492 3876 noxius,
2527 3817 2635 3879 per
2666 3796 3027 3878 episcopum

413 3904 546 3966 eius
591 3904 770 3966 nobis
816 3904 1147 3967 nuntietur.
1212 3904 1278 3967 Si
1322 3921 1529 3967 autem
1563 3905 1855 3967 vassallus
1888 3921 2099 3967 noster
2128 3905 2192 3967 in
2224 3906 2338 3966 hac
2370 3905 2551 3985 culpa
2582 3904 2790 3985 lapsus
2823 3902 3026 3980 fuerit,

413 4011 572 4073 sicut
600 4030 784 4092 supra
816 4031 926 4094 per
953 4011 1247 4073 comitem
1280 4012 1700 4093 distringatur;
1737 4012 1911 4093 quod
1942 4012 1991 4074 si
2026 4031 2158 4074 non
2176 4011 2458 4088 audierit,
2482 4011 2662 4073 nobis
2682 4010 3028 4072 innotesca-

413 4134 533 4196 tur,
564 4134 897 4200 antequam
927 4118 993 4180 in
1022 4118 1284 4180 vinculis
1316 4119 1605 4182 mittatur.

633 4247 688 4307 3.
749 4225 1060 4289 Volumus
1104 4241 1173 4287 ut
1204 4225 1589 4288 omnimodis
1620 4226 1991 4289 emunitates
2024 4225 2498 4308 progenitorum
2531 4240 2886 4287 nostrorum
2919 4243 3028 4285 seu

416 4349 660 4394 nostrae
692 4332 951 4415 pleniter
980 4352 1050 4394 ac
1083 4333 1238 4395 iuste
1271 4349 1733 4395 conserventur.

635 4461 690 4522 3.
727 4441 1035 4503 Volumus
1068 4457 1135 4501 ut
1166 4460 1262 4501 res
1294 4459 1454 4521 quae
1487 4462 1521 4502 a
1552 4441 1756 4502 liberis
1789 4440 2070 4522 personis
2102 4440 2251 4502 locis
2285 4440 2421 4501 Deo
2455 4439 2665 4501 dicatis
2698 4437 3031 4499 conferun-

413 4563 535 4624 tur,
601 4547 737 4609 licet
785 4547 929 4608 sibis
981 4546 1437 4609 usumfructum
1488 4562 1546 4608 et
1590 4546 2047 4609 ordinationem
2097 4547 2439 4608 earundem
2493 4565 2718 4623 rerum,
2765 4544 2814 4605 si
2858 4543 3029 4605 aliter

414 4653 530 4715 sibi
581 4653 894 4735 placuerit,
946 4670 1276 4733 reservent,
1328 4653 1379 4714 si
1428 4654 1600 4715 aliter
1646 4674 1747 4716 eas
1795 4673 1927 4716 non
1975 4654 2412 4730 ordinaverint,
2444 4653 2525 4715 ita
2559 4667 2844 4714 maneant
2876 4651 3031 4711 sicut

415 4760 586 4843 prius
617 4761 790 4823 datae
823 4761 1091 4822 fuerunt.

630 4888 690 4948 4.
752 4867 1023 4947 Singulis
1069 4866 1394 4949 episcopis,
1443 4868 1781 4947 abbatibus»,
1827 4867 2144 4929 abbatissis
2190 4869 2350 4930 duos
2395 4866 2794 4929 concedimus
2840 4864 3029 4925 advo—

416 4993 602 5052 catos,
632 4996 866 5057 eosque
898 4995 1088 5057 quam
1119 4975 1226 5037 diu
1259 4976 1732 5038 advocationem
1762 4975 2073 5037 tenuerint
2104 4978 2180 5036 ab
2227 4977 2402 5037 hoste
2436 4976 2797 5037 relaxamus,
