3684 5416
267 1554 325 1584 10

256 2786 318 2817 20

261 3803 324 3845 330

1025 381 1289 435 Potestas
1329 380 1711 437 ecclesiastica
1750 393 1807 435 et
1845 379 2146 450 imperium
2188 380 2362 434 civile.
2892 399 2993 452 209

379 579 742 624 nostrorum
792 563 1053 626 consilio
1100 581 1158 625 et
1189 565 1522 645 apostolice
1556 565 1870 644 potestatis
1901 565 2288 646 plenitudine
2323 584 2723 642 reservamUS‚
2756 566 2991 626 distric-

378 669 505 730 tius
535 669 886 731 inhibentes
918 671 1217 732 universis
1247 673 1524 752 ipsarum
1555 671 1951 733 ecclesiarum
1983 672 2261 753 capitulis
2295 687 2352 732 et
2388 672 2667 752 personis
2704 691 2818 751 pro
2838 688 2993 733 tem-

379 796 533 856 pore
580 777 999 854 existentibus,
1048 797 1127 838 ne
1174 778 1235 839 in
1281 779 1509 840 eisdem
1559 795 1667 840 aut
1710 798 1924 840 earum
1958 779 2161 860 aliqua
2197 778 2273 838 ad
2305 777 2671 840 electionem
2709 780 2994 840 nomina-

378 883 617 944 tionem
653 884 1130 963 postulationem
1163 905 1273 945 seu
1307 903 1730 965 quancunque
1763 886 1945 946 aliam
1980 887 2424 965 provisionem,
2461 905 2605 946 cum
2630 902 2687 946 et
2708 887 2998 967 quotiens

378 990 718 1051 vacationis
764 1010 940 1052 casus
987 991 1050 1052 in
1096 992 1184 1051 eis
1228 1008 1334 1053 aut
1380 1011 1594 1053 earum
1636 992 1839 1073 aliqua
1875 993 2176 1071 acciderit,
2212 1009 2315 1053 aut
2348 993 2396 1053 si
2432 992 2585 1053 forte
2620 994 2695 1053 de
2729 994 2994 1075 presenti

380 1098 724 1175 immineat,
754 1115 966 1160 contra
987 1100 1463 1162 reservationem
1486 1117 1759 1163 nostram
1782 1101 2145 1163 huiusmodi
2168 1103 2498 1181 procedere
2520 1120 2784 1181 quoquo
2807 1101 2998 1163 modo

382 1224 763 1286 presumant.
831 1207 963 1267 Nos
996 1208 1162 1268 enim
1199 1227 1272 1268 ex
1306 1227 1471 1269 nunc
1504 1208 1744 1269 irritum
1779 1209 2170 1270 decernimus
2203 1227 2261 1269 et
2295 1209 2495 1284 inane,
2532 1209 2579 1267 si
2616 1227 2792 1269 secus
2812 1228 3000 1288 super

383 1312 502 1373 hiis
549 1332 659 1392 per
703 1333 1118 1396 quoscunque
1165 1317 1383 1395 quavis
1429 1316 1785 1377 auctoritate
1830 1316 2093 1377 scienter
2139 1317 2232 1377 vel
2280 1316 2632 1397 ignoranter
2678 1316 2999 1391 contigerit

382 1421 748 1500 attemptari,
800 1441 928 1483 non
977 1423 1362 1484 obstantibus
1407 1423 1951 1485 constitutionibus
2002 1439 2059 1483 et
2109 1423 2601 1485 ordinationibus
2647 1422 2999 1503 apostolicis

382 1543 456 1585 ac
485 1526 871 1588 sinodalibus
904 1545 961 1589 et
992 1530 1485 1610 supradictarum
1520 1530 1913 1591 ecclesiarum
1949 1530 2300 1593 iuramento
2334 1530 2806 1593 confirmatione
2839 1552 2991 1612 apo-

383 1632 596 1693 stolica
648 1633 742 1693 vel
793 1654 1172 1715 quacunque
1219 1635 1498 1696 firmitate
1545 1636 1658 1697 alia
1705 1637 2009 1696 roboratis
2054 1637 2293 1698 statutis
2339 1653 2397 1697 et
2442 1638 2999 1699 consuetudinibus

382 1739 726 1820 ceterisque
777 1742 1094 1803 contrariis
1140 1743 1638 1823 quibuscunque.
1716 1742 1891 1804 Nulli
1936 1762 2085 1823 ergo
2130 1743 2397 1804 omnino
2431 1745 2762 1805 hominum
2796 1745 2991 1818 liceat,

382 1847 548 1907 hanc
595 1847 882 1926 paginam
931 1867 1135 1910 nostre
1170 1849 1599 1910 reservationis
1630 1866 1688 1909 et
1720 1849 2103 1910 inhibitionis
2138 1849 2473 1931 infringere
2505 1850 2598 1912 vel
2632 1852 2684 1911 ei
2719 1873 2873 1913 ausu
2904 1869 2993 1913 te-

381 1954 650 2016 merario
682 1955 997 2016 contraire.
1032 1957 1094 2017 Si
1115 1955 1259 2036 quis
1278 1972 1486 2017 autem
1507 1957 1624 2016 hoc
1646 1971 2002 2037 attemptare
2023 1958 2483 2037 presumpserit,
2503 1959 2995 2036 indignationem

294 2088 317 2130 5
384 2062 836 2142 omnipotentis
884 2065 981 2125 dei
1030 2081 1087 2125 et
1133 2068 1456 2126 beatorum
1491 2065 1646 2126 Petri
1693 2081 1752 2125 et
1785 2064 1956 2126 Pauli
2004 2061 2431 2145 apostolorum
2480 2065 2614 2125 eius
2660 2085 2724 2125 se
2764 2067 3003 2126 noverit

383 2168 801 2233 incursurum.
866 2170 1095 2232 Datum
1133 2171 1332 2232 Rome
1377 2170 1544 2253 apud
1591 2186 1875 2232 sanctum
1910 2172 2155 2232 Petrum
2205 2189 2372 2232 anno
2421 2171 2857 2233 incarnationis
2889 2173 3001 2233 do-

384 2275 610 2336 minice
673 2277 999 2339 millesimo
1063 2278 1684 2358 quadringentesimo
1746 2279 2227 2360 quadragesimo
2280 2279 2506 2358 quinto
2560 2278 2750 2358 pridie
2804 2298 3001 2341 nonas

381 2383 741 2453 februarias.
777 2384 1172 2465 pontificatus
1203 2386 1393 2446 nostri
1429 2405 1596 2446 anno
1631 2387 1855 2464 quinto
1891 2387 2151 2446 decim0.

1335 2516 1405 2571 Α.
1438 2510 1513 2570 de
1547 2509 1871 2571 Florentia.
1968 2511 2066 2584 [in
2087 2506 2300 2591 plica]
2334 2516 2406 2570 A.
2444 2509 2518 2569 de
2554 2509 2781 2586 Magio,

814 2762 906 2819 62.
960 2762 1519 2819 CONCORDATUM
1558 2763 1984 2819 VOENNBNSE
2023 2764 2108 2833 (a.
2141 2763 2278 2819 1448
2303 2764 2573 2834 initum).

603 2925 632 2954 ‘
688 2926 737 2978 K
755 2941 791 2978 o
810 2925 924 2988 ch,
963 2928 1154 2979 Sancti
1164 2928 1520 2997 pragmatica
1551 2926 1968 2980 Germanorum
1994 2928 2195 2980 illustr.
2236 2925 2608 2996 Argentorati
2643 2924 2791 2997 ¹789·
2820 2942 2875 2996 p.
2904 2943 3006 2981 21ο

378 3022 549 3076 seqq.
629 3005 673 3057 Ρ
690 3010 726 3058 u
744 3021 774 3058 c
792 3004 827 3058 k
846 3022 876 3058 e
895 3022 921 3057 r
937 3017 959 3059 t
977 3045 990 3067 ‚
1047 3007 1150 3058 Die
1203 3005 1605 3076 kurfilrstlzchc
1656 3006 1997 3059 Neutralitdt
2041 3005 2303 3060 wdhrend
2351 3007 2447 3059 des
2497 3007 2725 3060 Baseler
2777 3007 3005 3060 ConciIS.

379 3084 625 3156 Leipzig
660 3084 805 3154 1858.
847 3086 897 3139 H
915 3091 951 3138 ἱὶ
968 3086 1003 3138 b
1021 3084 1039 3138 l
1056 3102 1086 3138 e
1105 3104 1159 3147 r,
1199 3087 1300 3139 Die
1324 3087 1659 3156 Constanzer
1686 3086 2071 3157 Reformation
2109 3087 2225 3140 und
2244 3086 2330 3139 die
2356 3086 2700 3140 concordate
2724 3104 2821 3139 von
2852 3087 3005 3155 1418.

383 3164 623 3236 Leipzig
658 3163 803 3234 1867.
832 3181 883 3235 p.
914 3182 1032 3236 3²2·
1077 3165 1127 3218 G
1144 3182 1175 3220 e
1192 3165 1228 3218 b
1246 3165 1281 3218 h
1300 3182 1329 3217 a
1349 3182 1375 3217 r
1392 3165 1427 3217 d
1445 3177 1465 3218 t
1484 3205 1496 3227 ‚
1526 3167 1629 3218 Die
1664 3166 2011 3219 Gravamina
2038 3167 2138 3220 der
2162 3165 2454 3220 deutschen
2479 3166 2678 3220 Notion
2695 3184 2876 3236 gagen
2903 3168 3006 3220 den

294 3267 314 3289 =
380 3245 694 3300 ronzischen
732 3245 864 3315 qu.
919 3244 1152 3298 Breslau
1202 3244 1347 3315 1898.
1392 3262 1441 3300 2.
1468 3246 1556 3298 ed.
1635 3245 2096 3305 Bachmann,
2149 3246 2267 3299 Der
2315 3245 2609 3299 deutschen
2647 3248 2858 3316 Kc'im‘ge
2893 3248 3010 3300 und

379 3328 492 3380 der
529 3326 844 3395 Kutfilrstl.
879 3326 1228 3380 Neutralitci't.
1273 3324 1439 3378 Wien
1490 3325 1639 3395 1889.
1694 3325 1767 3378 ld
1786 3342 1815 3378 e
1835 3342 1894 3378 m
1913 3365 1925 3385 ‚
1964 3324 2021 3377 in
2062 3324 2262 3378 Archiv
2280 3326 2401 3394 fur
2438 3330 2634 3380 &stem
2662 3326 2989 3380 Geschichte

383 3406 565 3460 Tom.
594 3423 679 3476 75.
708 3423 760 3476 p.
799 3424 811 3458 1
850 3422 1010 3477 seqq.
1064 3405 1107 3458 P
1127 3423 1158 3458 a
1176 3418 1293 3459 sto
1313 3423 1352 3458 r.
1393 3405 1722 3459 Geschichtc
1746 3406 1849 3458 der
1875 3406 2068 3475 Pdpste
2092 3408 2165 3457 im
2191 3406 2529 3459 Mittelalter.
2570 3424 2621 3458 2.
2650 3405 2738 3458 ed.
2768 3406 2938 3459 Tom.
2969 3408 3006 3460 1.

384 3502 520 3557 pag.
549 3503 653 3556 297
680 3502 839 3557 seqq.
905 3484 1184 3539 Hinsch
1203 3484 1217 3539 i
1236 3503 1314 3539 us
1335 3526 1346 3548 ‚
1387 3485 1802 3538 Kirchcnrccht.
1842 3485 1911 3538 T.
1941 3484 2024 3537 ΙΙΙ.
2068 3501 2121 3555 p.
2163 3484 2274 3555 138,
2301 3502 2423 3553 4¹2·

607 3661 674 3721 lu
709 3660 960 3721 nomine
997 3660 1250 3722 Domini
1281 3679 1482 3720 amen.
1544 3664 1733 3719 Anno
1766 3680 1798 3717 a
1833 3656 2142 3718 nativitate
2174 3656 2454 3717 eiusdem
2487 3656 2816 3718 millesimo
2849 3678 3003 3737 qua-

385 3768 830 3849 drigentesimo
864 3766 1338 3847 quadragesimo
1369 3782 1589 3826 octavo
1623 3766 1722 3826 die
1754 3764 1992 3825 decima
2010 3763 2269 3845 septima
2291 3763 2521 3824 mensis
2544 3763 2829 3825 februarii
2852 3764 3003 3825 inter

385 3876 840 3938 sanctissimum
877 3875 941 3935 in
973 3873 1221 3935 Christo
1254 3888 1485 3954 patrem
1522 3891 1592 3933 ac
1626 3872 1955 3932 dominum
1993 3885 2278 3931 nostrum
2311 3869 2645 3931 dominum
2679 3870 3007 3931 Nicolaum

389 3984 595 4045 divina
629 3982 1008 4065 providentia
1043 4001 1267 4063 papam
1300 3981 1591 4061 quintum
1625 3979 2158 4061 apostolicamque
2191 3979 2404 4039 sedem
2438 3998 2507 4038 ac
2529 3978 2843 4038 nationem
2868 3978 3010 4038 Ala-

391 4091 702 4153 manicam
746 4089 1109 4151 sanctissimi
1142 4089 1380 4150 domini
1416 4088 1609 4149 nostri
1642 4104 1698 4147 et
1730 4087 1892 4147 sedis
1924 4087 2268 4147 eorundem
2306 4085 2669 4145 nominibus
2701 4104 2809 4166 per
2839 4103 3010 4146 reve-

392 4197 834 4259 rendissimum
879 4198 945 4257 in
978 4197 1228 4276 Christo
1277 4211 1510 4277 patrem
1555 4215 1624 4256 ac
1672 4194 2002 4256 dominum
2049 4193 2381 4255 dominum
2420 4192 2761 4252 Iohannem
2807 4210 3009 4252 sacro-

389 4320 603 4367 sancte
637 4304 920 4365 Romane
966 4302 1216 4364 ecclesie
1262 4302 1637 4364 cardinalem
1684 4302 1957 4381 legatum
2006 4301 2082 4361 ad
2118 4299 2433 4361 nationem
2467 4300 2901 4362 Germanicam
2935 4301 3011 4361 de

390 4414 580 4473 latere
633 4411 891 4471 missum
943 4410 1121 4491 plena
1172 4410 1233 4470 in
1280 4429 1347 4471 ea
1395 4425 1564 4492 parte
1610 4409 1965 4470 auctoritate
2013 4424 2071 4467 et
2120 4422 2415 4488 potestate
2460 4408 2771 4468 munitum
2809 4424 2867 4467 et
2901 4426 3011 4488 pro

391 4521 526 4601 ipsa
561 4518 810 4579 natione
833 4517 1191 4579 Alamanica
1223 4537 1333 4599 per
1362 4516 1880 4595 gloriosissimum
1915 4514 2256 4595 principem
2289 4534 2357 4574 ac
2380 4514 2706 4575 dominum
2727 4529 3011 4575 nostrum

393 4626 728 4688 dominum
764 4625 810 4686 F
814 4625 1143 4686 ridericum
1177 4625 1609 4686 Romanorum
1655 4643 1863 4703 regem
1910 4642 2155 4703 semper
2190 4637 2526 4700 augustum
2561 4638 2669 4683 etc.
2709 4621 3011 4702 plurimo-

394 4753 540 4796 rum
585 4733 740 4794 sacri
776 4732 1039 4795 Romani
1073 4732 1309 4813 imperii
1344 4732 1683 4793 electorum
1717 4730 2111 4808 aliorumque
2144 4729 2425 4790 eiusdem
2457 4728 2725 4789 nationis
2756 4744 2880 4787 tam
2914 4746 3010 4786 ec—

394 4841 876 4903 clesiasticorum
923 4860 1116 4920 quam
1162 4841 1532 4902 secularium
1567 4840 1916 4921 principum
1950 4838 2359 4899 consensibus
2391 4836 2827 4897 accedentibus
2861 4854 3010 4895 con-

395 4950 569 5010 clusa
601 4948 844 5009 laudata
877 4964 935 5008 et
967 4963 1271 5028 acceptata
1304 4964 1446 5008 sunt
1478 4947 1848 5008 concordata
1885 4946 2245 5026 subscripta.

561 5067 600 5111 G
618 5079 641 5108 a
659 5068 671 5109 l
687 5079 711 5108 a
728 5075 852 5110 nte:
886 5067 1053 5110 Fontes
1080 5065 1162 5117 jur.
1193 5078 1288 5109 can.
2670 5063 2728 5111 14
