3684 5416
716 384 813 438 ¹¹4
1333 369 1598 425 Potestas
1638 369 2021 425 ecclesiastica
2060 385 2118 426 et
2156 370 2463 443 imperium
2503 372 2678 428 civile.

704 557 854 608 saint
885 555 1103 609 Gelase.
1143 553 1180 608 1.
1222 555 1529 610 Bordeaux
1571 553 1717 612 1880.
1786 556 2168 628 Loening,
2205 559 2548 613 Geschichte.
2590 561 2624 615 1.
2666 578 2752 632 92.
2819 561 3314 634 Crivellucci,

704 635 887 689 Storia
911 636 1049 689 delle
1073 637 1342 705 relazioni.
1368 635 1430 689 ΙΙ.
1460 653 1513 707 p.
1542 654 1625 709 53.
1681 637 2272 708 Bardenliewer,
2310 639 2346 707 ὃ
2383 656 2493 708 ¹¹4·
2530 657 2570 695 1.

777 805 1006 878 Epist.
1047 805 1144 860 XII
1183 812 1420 877 (a.49‘4).
1461 806 1565 860 Ad
1603 805 2091 861 Anastasium
2128 809 2548 880 Augustum
2587 810 3247 881 [JaffessWattenbach

1796 915 1849 952 n.
1886 899 1992 971 632
2033 900 2229 972 (387JJ.

623 1081 644 1125 5
921 1078 973 1118 2.
1028 1057 1320 1119 Pietatem
1353 1072 1523 1118 tuam
1558 1076 1790 1138 precor,
1844 1076 1921 1117 ne
1960 1057 2367 1136 arrogantiam
2403 1056 2635 1133 judices
2666 1058 2902 1120 divinae
2937 1061 3189 1123 rationis
3221 1066 3311 1125 os-

701 1164 930 1226 ficium.
989 1163 1182 1238 Absit,
1213 1183 1465 1244 quaeso,
1498 1184 1529 1223 a
1566 1163 1857 1225 Romano
1891 1163 2182 1244 principe,
2222 1179 2288 1224 ut
2320 1163 2657 1224 intimatam
2691 1165 2817 1225 suis
2849 1167 3128 1229 sensibus
3162 1171 3313 1231 veri-

697 1288 886 1333 tatem
938 1271 1263 1332 arbitretur
1313 1268 1621 1348 injuriam.
1691 1271 1837 1332 Duo
1886 1269 2115 1351 quippe
2173 1286 2339 1344 sunt,
2388 1269 2717 1351 imperator
2762 1290 3041 1353 auguste,
3089 1276 3313 1354 quibus

700 1377 1111 1461 principaliter
1160 1376 1436 1437 mundus
1482 1376 1582 1437 hic
1630 1376 1892 1456 regitur:
1947 1376 2276 1437 auctoritas
2320 1392 2548 1438 sacrata
2584 1378 2972 1458 pontificum,
3006 1397 3066 1442 et
3099 1384 3312 1461 regalis

700 1500 983 1568 potestas.
1025 1483 1089 1544 In
1128 1483 1354 1564 quibus
1389 1498 1559 1544 tanto
1591 1483 1837 1561 gravius
1871 1498 1960 1543 est
1994 1484 2244 1565 pondus
2275 1484 2685 1561 sacerdotum,
2719 1503 2952 1566 quanto
2985 1490 3165 1551 etiam
3202 1512 3312 1572 pro

596 1617 646 1649 to
698 1591 843 1672 ipsis
890 1590 1137 1671 regibus
1184 1590 1511 1668 hominum
1559 1589 1622 1651 in
1669 1589 1881 1651 divino
1931 1589 2226 1651 reddituri
2258 1607 2403 1650 sunt
2437 1591 2715 1652 examine
2751 1594 3066 1657 rationem.
3138 1599 3310 1661 Nosti

698 1698 947 1774 etenim,
997 1697 1082 1758 fili
1130 1696 1623 1770 clementissime,
1671 1697 1845 1777 quod
1894 1696 2033 1757 licet
2067 1696 2409 1778 praesideas
2442 1699 2724 1760 humano
2755 1702 2965 1778 generi
2999 1703 3310 1784 dignitate,

699 1825 905 1867 rerum
951 1821 1158 1865 tamen
1207 1803 1588 1886 praesulibus
1634 1803 1983 1865 divinarum
2034 1804 2294 1866 devotus
2342 1804 2496 1865 colla
2528 1806 2855 1876 submittis,
2902 1824 3087 1889 atque
3119 1815 3194 1871 ab
3226 1812 3311 1872 eis

698 1934 912 1975 causas
943 1929 1085 1974 tuae
1118 1912 1327 1973 salutis
1360 1928 1688 1993 exspectaS,
1726 1911 1912 1992 inque
1945 1911 2265 1972 sumendis
2297 1911 2664 1972 coelestibus
2685 1916 3079 1977 sacramentis
3100 1918 3309 1997 eisque

698 2036 766 2082 ut
798 2019 1089 2101 competit
1137 2019 1553 2101 disponendis,
1599 2019 1780 2080 subdi
1812 2035 1871 2080 te
1905 2020 2128 2080 debere
2162 2019 2483 2098 cognoscis
2516 2020 2827 2099 religionis
2857 2022 3074 2084 ordine
3106 2025 3311 2104 potius

590 2152 636 2195 15
697 2147 886 2209 quam
936 2147 1232 2209 praeesse,
1282 2126 1487 2206 itaque
1535 2126 1691 2186 inter
1736 2125 1888 2187 haec
1935 2145 2006 2186 ex
2039 2125 2288 2186 illorum
2323 2141 2381 2185 te
2415 2127 2681 2207 pendere
2718 2126 2965 2202 judicio,
3014 2148 3141 2190 non
3172 2130 3309 2192 illos

695 2236 772 2297 ad
818 2251 992 2296 tuam
1037 2232 1194 2294 velle
1241 2233 1431 2313 redigi
1480 2232 1884 2294 voluntatem.
1948 2231 2011 2292 Si
2064 2231 2251 2310 enim,
2284 2248 2588 2313 quantum
2624 2233 2701 2293 ad
2734 2234 3014 2296 ordinem
3050 2237 3310 2317 pertinet

694 2343 974 2425 publicae
1022 2340 1392 2422 disciplinae.
1444 2355 1889 2419 cognoscentes
1933 2339 2262 2421 imperium
2307 2339 2414 2399 tibi
2448 2359 2709 2419 superna
2742 2341 3147 2422 dispositione
3179 2345 3309 2405 col—

690 2450 903 2527 latum,
951 2447 1192 2527 legibus
1236 2446 1358 2506 tuis
1403 2446 1516 2527 ipsi
1550 2465 1806 2526 quoque
1841 2460 2053 2526 parent
2087 2445 2397 2522 religionis
2429 2446 2741 2522 antistiteS,
2792 2467 2869 2509 ne
2903 2450 2997 2509 vel
3029 2450 3090 2512 in
3125 2455 3309 2511 rebus

691 2555 1024 2617 mundanis
1058 2554 1338 2615 exclusae
1372 2553 1694 2613 videantur
1725 2553 1972 2613 obviare
2006 2552 2369 2627 sententiae;
2420 2572 2569 2633 qu0,
2617 2573 2730 2615 oro
2763 2571 2843 2634 te,
2878 2556 3053 2616 decet
3085 2557 3305 2619 affectu

586 2686 637 2719 20
691 2662 777 2724 eis
810 2662 1081 2739 obedire,
1117 2661 1222 2743 qui
1257 2659 1690 2743 praerogandis
1724 2659 2172 2721 venerabilibus
2205 2674 2347 2720 sunt
2379 2659 2647 2722 attributi
2669 2662 3009 2744 mysteriis?
3043 2665 3306 2727 Proinde

692 2770 848 2831 sicut
879 2788 1006 2831 non
1038 2769 1170 2829 leve
1205 2768 1531 2829 discrimen
1565 2767 1866 2829 incumbit
1902 2766 2316 2848 pontificibuS‚
2352 2767 2588 2829 siluisse
2623 2788 2733 2850 pro
2759 2770 3095 2831 Divinitatis
3119 2772 3304 2849 cultu,

692 2876 864 2957 quod
898 2876 1213 2956 congruit3
1250 2876 1327 2936 ita
1364 2876 1476 2945 his,
1509 2874 1679 2955 quod
1715 2874 1885 2951 absit,
1921 2895 2048 2936 non
2085 2874 2395 2935 mediocre
2431 2875 2774 2955 periculum
2797 2891 2905 2953 est,
2940 2877 3067 2957 qui,
3104 2882 3300 2958 quum

693 3002 904 3065 parere
949 2982 1232 3056 debeant,
1283 2982 1643 3062 despiciunt.
1713 2983 1785 3042 Et
1818 2981 1866 3042 si
1901 2982 2138 3043 cunctis
2168 2982 2529 3061 generaliter
2566 2983 2986 3044 sacerdotibus
3019 3001 3178 3045 recte
3213 2985 3304 3045 di-

691 3090 833 3151 vina
866 3089 1263 3151 tractantibus
1294 3087 1573 3149 fidelium
1608 3089 1898 3150 convenit
1930 3090 2115 3150 corda
2150 3089 2447 3159 submitti,
2480 3105 2713 3169 quanto
2737 3091 2939 3171 potius
2960 3092 3120 3152 sedis
3142 3092 3304 3153 illius

584 3224 634 3267 25
690 3195 955 3279 praesuli
1003 3215 1339 3256 consensus
1386 3211 1474 3256 est
1512 3195 1920 3272 adhibendus,
1967 3215 2155 3276 quem
2191 3196 2430 3258 cunctis
2463 3198 2886 3259 sacerdotibus
2917 3215 2975 3260 et
3010 3200 3305 3261 Divinitas

691 3324 937 3366 summa
968 3303 1164 3365 voluit
1197 3303 1629 3385 praeeminere,
1680 3319 1740 3364 et
1771 3307 2157 3385 subsequens
2191 3305 2498 3367 Ecclesiae
2530 3306 2830 3386 generalis
2863 3306 3083 3387 jugiter
3117 3307 3305 3388 pietas

692 3410 1054 3472 celebravit?

908 3577 961 3638 3.
996 3556 1118 3620 Ubi
1153 3556 1340 3637 pietas
1359 3571 1464 3617 tua
1485 3556 1796 3617 evidenter
1815 3556 2091 3632 advertit,
2115 3576 2439 3638 nunquam
2462 3558 2740 3638 quolibet
2761 3546 3002 3639 penitu's
3026 3563 3305 3622 humano

692 3664 947 3727 consilio
995 3663 1229 3724 elevare
1275 3682 1339 3723 se
1385 3682 1767 3744 quemquam
1802 3683 1984 3745 posse
2016 3664 2178 3724 illius
2212 3664 2528 3744 privilegio
2563 3664 2656 3725 vel
2691 3664 3079 3733 confessioni,
3112 3686 3302 3746 quem

584 3795 637 3841 30
693 3772 918 3835 Christi
966 3791 1083 3833 vox
1134 3769 1417 3852 praetulit
1464 3769 1782 3845 universis,
1829 3789 2016 3850 quem
2052 3771 2320 3831 Ecclesia
2369 3772 2717 3832 veneranda
2752 3772 3029 3833 confessa
3061 3791 3307 3853 semper

690 3895 780 3940 est
830 3895 888 3940 et
938 3878 1121 3940 habet
1168 3878 1384 3938 devota
1436 3876 1775 3957 primatem.
1844 3876 2058 3958 Impeti
2092 3893 2349 3957 possunt
2383 3878 2669 3939 humanis
2704 3878 3304 3960 praesumptionibus

691 4006 850 4066 quae
898 3986 1104 4046 divino
1138 4000 1280 4045 sunt
1315 3983 1540 4059 judicio
1576 3984 1924 4062 constituta,
1958 3984 2115 4046 vinci
2149 4000 2355 4045 autem
2392 3985 2812 4064 quorumlibet
2845 3999 3137 4066 potestate
3172 3966 3304 4045 non

690 4108 966 4175 possunt.
1033 4098 1235 4171 Atque
1289 4091 1520 4151 utinam
1573 4090 1656 4150 sic
1710 4106 1920 4151 contra
1972 4091 2304 4152 nitentibus
2358 4092 2696 4173 pernicio>a
2748 4112 2872 4153 non
2920 4091 2994 4151 sit
3024 4090 3298 4161 audacia,

689 4200 1246 4281 quemadmodum,
1295 4197 1465 4277 quod
1512 4199 1588 4257 ab
1631 4197 1763 4277 ipso
1796 4217 2000 4258 sacrae
2033 4198 2342 4278 religionis
2375 4215 2623 4260 auctore
2658 4199 2995 4280 praefixum
3030 4213 3136 4273 est,
3171 4216 3302 4259 non

579 4329 628 4373 35
690 4322 890 4388 potest
939 4305 1059 4366 ulla
1112 4305 1329 4365 virtute
1377 4305 1672 4366 convelli!
1728 4304 2208 4367 Firmamentum
2242 4310 2402 4367 enim
2438 4307 2569 4368 Dei
2596 4313 2769 4367 stat!
2828 4305 3297 4386 Numquidnam

688 4433 885 4494 quum
921 4415 997 4474 ab
1029 4411 1336 4492 aliquibus
1369 4411 1648 4473 infestata
1682 4413 1895 4493 religio
1930 4429 2038 4490 est,
2073 4428 2551 4494 quantacunque
2587 4414 2785 4495 potuit
2819 4413 3082 4475 novitate
3115 4431 3302 4493 supe—

685 4519 820 4594 rari,
866 4535 924 4579 et
969 4538 1097 4580 non
1131 4519 1324 4596 magis
1358 4520 1477 4580 hoc
1511 4518 1731 4580 invicta
1765 4520 2115 4602 permansit,
2167 4539 2296 4599 quo
2330 4520 2642 4581 aestimata
2676 4536 2766 4581 est
2799 4540 2978 4600 posse
3012 4536 3301 4580 succum-

687 4629 867 4687 bere?
934 4625 1225 4687 Desinant
1271 4646 1438 4705 ergo,
1485 4646 1717 4706 quaeso
1763 4642 1839 4699 te,
1885 4627 2270 4708 temporibus
2315 4626 2435 4687 tuis
2481 4627 2738 4707 quidam
2774 4646 2880 4708 per
2912 4626 3301 4688 occasionem

687 4733 1158 4814 perturbationis
1205 4734 1640 4795 ecclesiasticae
1687 4733 2150 4816 praecipitanter
2195 4733 2446 4809 ambire,
2498 4753 2654 4814 quae
2703 4752 2828 4795 non
2859 4733 3076 4795 licent:
3129 4751 3206 4793 ne
3240 4748 3303 4793 et

576 4863 631 4904 40
685 4840 803 4918 illa,
849 4860 1009 4921 quae
1055 4841 1214 4901 male
1261 4856 1574 4922 appetunt,
1608 4840 1961 4902 nullatenus
1994 4840 2478 4922 apprehendant,
2526 4857 2583 4901 et
2616 4841 2879 4901 modum
2913 4858 3097 4900 suum
3131 4838 3299 4919 apud

690 4948 894 5007 Deum
944 4947 1354 5027 hominesque
1390 4967 1519 5008 non
1549 4963 1817 5009 teneant.
1888 4946 1946 5026 [1.
1980 4965 2028 5009 c.
2063 4966 2199 5028 pag.
2234 4944 2618 5028 350—352.]
