<?xml version="1.0" encoding="UTF-8"?>
<!DOCTYPE html PUBLIC "-//W3C//DTD XHTML 1.0 Transitional//EN"
    "http://www.w3.org/TR/xhtml1/DTD/xhtml1-transitional.dtd">
<html xmlns="http://www.w3.org/1999/xhtml" xml:lang="en" lang="en">
 <head>
  <title>
</title>
<meta http-equiv="Content-Type" content="text/html;charset=utf-8" />
  <meta name='ocr-system' content='tesseract 3.04.00' />
  <meta name='ocr-capabilities' content='ocr_page ocr_carea ocr_par ocr_line ocrx_word'/>
</head>
<body>
  <div class='ocr_page' id='page_1' title='image "./fontesiuriscano00unkngoog/fontesiuriscano00unkngoog_0123.png"; bbox 0 0 3684 5416; ppageno 0'>
   <div class='ocr_carea' id='block_1_1' title="bbox 343 1561 395 1592">
    <p class='ocr_par' dir='ltr' id='par_1_1' title="bbox 343 1561 395 1592">
     <span class='ocr_line' id='line_1_1' title="bbox 343 1561 395 1592; baseline -0.038 0"><span class='ocrx_word' id='word_1_1' title='bbox 343 1561 395 1592; x_wconf 73' lang='lat' dir='ltr'>lo</span> 
     </span>
    </p>
   </div>
   <div class='ocr_carea' id='block_1_2' title="bbox 343 2095 393 2138">
    <p class='ocr_par' dir='ltr' id='par_1_2' title="bbox 343 2095 393 2138">
     <span class='ocr_line' id='line_1_2' title="bbox 343 2095 393 2138; baseline 0 0"><span class='ocrx_word' id='word_1_2' title='bbox 343 2095 393 2138; x_wconf 78' lang='lat'>¹5</span> 
     </span>
    </p>
   </div>
   <div class='ocr_carea' id='block_1_3' title="bbox 327 3700 390 3744">
    <p class='ocr_par' dir='ltr' id='par_1_3' title="bbox 327 3700 390 3744">
     <span class='ocr_line' id='line_1_3' title="bbox 327 3700 390 3744; baseline 0 -15"><span class='ocrx_word' id='word_1_3' title='bbox 327 3700 390 3744; x_wconf 77' lang='lat'>30</span> 
     </span>
    </p>
   </div>
   <div class='ocr_carea' id='block_1_4' title="bbox 332 4234 390 4279">
    <p class='ocr_par' dir='ltr' id='par_1_4' title="bbox 332 4234 390 4279">
     <span class='ocr_line' id='line_1_4' title="bbox 332 4234 390 4279; baseline -0.017 0"><span class='ocrx_word' id='word_1_4' title='bbox 332 4234 390 4279; x_wconf 75' lang='lat'>35</span> 
     </span>
    </p>
   </div>
   <div class='ocr_carea' id='block_1_5' title="bbox 336 4768 400 4810">
    <p class='ocr_par' dir='ltr' id='par_1_5' title="bbox 336 4768 400 4810">
     <span class='ocr_line' id='line_1_5' title="bbox 336 4768 400 4810; baseline 0 -12"><span class='ocrx_word' id='word_1_5' title='bbox 336 4768 400 4810; x_wconf 73' lang='lat'>⁴0</span> 
     </span>
    </p>
   </div>
   <div class='ocr_carea' id='block_1_6' title="bbox 1090 385 3060 460">
    <p class='ocr_par' dir='ltr' id='par_1_6' title="bbox 1090 385 3060 460">
     <span class='ocr_line' id='line_1_6' title="bbox 1090 385 3060 460; baseline 0.001 -20"><span class='ocrx_word' id='word_1_6' title='bbox 1090 387 1354 441; x_wconf 82' lang='lat' dir='ltr'>Potestas</span> <span class='ocrx_word' id='word_1_7' title='bbox 1396 386 1777 444; x_wconf 87' lang='lat' dir='ltr'>ecclesiastica</span> <span class='ocrx_word' id='word_1_8' title='bbox 1819 401 1876 444; x_wconf 92' lang='lat' dir='ltr'>et</span> <span class='ocrx_word' id='word_1_9' title='bbox 1915 385 2215 458; x_wconf 88' lang='lat' dir='ltr'>imperium</span> <span class='ocrx_word' id='word_1_10' title='bbox 2256 386 2433 443; x_wconf 80' lang='lat' dir='ltr'>civile.</span> <span class='ocrx_word' id='word_1_11' title='bbox 2994 407 3060 460; x_wconf 77' lang='lat'>95</span> 
     </span>
    </p>
   </div>
   <div class='ocr_carea' id='block_1_7' title="bbox 448 569 3070 3116">
    <p class='ocr_par' dir='ltr' id='par_1_7' title="bbox 448 569 3063 1292">
     <span class='ocr_line' id='line_1_7' title="bbox 448 569 3062 654; baseline 0.002 -25"><span class='ocrx_word' id='word_1_12' title='bbox 448 569 851 638; x_wconf 84' lang='lat' dir='ltr'>decorentur;</span> <span class='ocrx_word' id='word_1_13' title='bbox 888 588 1029 650; x_wconf 91' lang='lat' dir='ltr'>prae</span> <span class='ocrx_word' id='word_1_14' title='bbox 1063 570 1357 632; x_wconf 89' lang='lat' dir='ltr'>omnibus</span> <span class='ocrx_word' id='word_1_15' title='bbox 1388 586 1597 632; x_wconf 90' lang='lat' dir='ltr'>autem</span> <span class='ocrx_word' id='word_1_16' title='bbox 1627 572 1940 634; x_wconf 81' lang='lat' dir='ltr'>licentiam</span> <span class='ocrx_word' id='word_1_17' title='bbox 1972 571 2306 633; x_wconf 86' lang='lat' dir='ltr'>tribuentes</span> <span class='ocrx_word' id='word_1_18' title='bbox 2340 573 2475 653; x_wconf 92' lang='lat' dir='ltr'>ipso</span> <span class='ocrx_word' id='word_1_19' title='bbox 2505 572 2888 634; x_wconf 87' lang='lat' dir='ltr'>sanctissimo</span> <span class='ocrx_word' id='word_1_20' title='bbox 2910 573 3062 654; x_wconf 88' lang='lat' dir='ltr'>patri</span> 
     </span>
     <span class='ocr_line' id='line_1_8' title="bbox 451 675 3062 761; baseline 0.002 -26"><span class='ocrx_word' id='word_1_21' title='bbox 451 687 666 736; x_wconf 82' lang='lat' dir='ltr'>nostro</span> <span class='ocrx_word' id='word_1_22' title='bbox 699 675 1030 751; x_wconf 84' lang='lat' dir='ltr'>SilvestriO,</span> <span class='ocrx_word' id='word_1_23' title='bbox 1067 676 1234 737; x_wconf 87' lang='lat' dir='ltr'>urbis</span> <span class='ocrx_word' id='word_1_24' title='bbox 1266 677 1505 738; x_wconf 83' lang='lat' dir='ltr'>Romae</span> <span class='ocrx_word' id='word_1_25' title='bbox 1536 678 1831 761; x_wconf 85' lang='lat' dir='ltr'>episcopo</span> <span class='ocrx_word' id='word_1_26' title='bbox 1863 694 1921 739; x_wconf 91' lang='lat' dir='ltr'>et</span> <span class='ocrx_word' id='word_1_27' title='bbox 1954 699 2162 760; x_wconf 89' lang='lat' dir='ltr'>papae,</span> <span class='ocrx_word' id='word_1_28' title='bbox 2194 694 2254 739; x_wconf 90' lang='lat' dir='ltr'>et</span> <span class='ocrx_word' id='word_1_29' title='bbox 2285 679 2597 749; x_wconf 85' lang='lat' dir='ltr'>omnibus,</span> <span class='ocrx_word' id='word_1_30' title='bbox 2631 680 2737 760; x_wconf 91' lang='lat' dir='ltr'>qui</span> <span class='ocrx_word' id='word_1_31' title='bbox 2762 696 2897 761; x_wconf 89' lang='lat' dir='ltr'>post</span> <span class='ocrx_word' id='word_1_32' title='bbox 2916 700 3062 741; x_wconf 87' lang='lat' dir='ltr'>eum</span> 
     </span>
     <span class='ocr_line' id='line_1_9' title="bbox 451 781 3063 868; baseline 0.002 -26"><span class='ocrx_word' id='word_1_33' title='bbox 451 781 515 843; x_wconf 91' lang='lat' dir='ltr'>in</span> <span class='ocrx_word' id='word_1_34' title='bbox 563 801 916 844; x_wconf 86' lang='lat' dir='ltr'>successum</span> <span class='ocrx_word' id='word_1_35' title='bbox 961 798 1020 844; x_wconf 89' lang='lat' dir='ltr'>et</span> <span class='ocrx_word' id='word_1_36' title='bbox 1067 784 1373 864; x_wconf 90' lang='lat' dir='ltr'>perpetuis</span> <span class='ocrx_word' id='word_1_37' title='bbox 1419 787 1804 867; x_wconf 86' lang='lat' dir='ltr'>temporibus</span> <span class='ocrx_word' id='word_1_38' title='bbox 1836 786 2214 863; x_wconf 81' lang='lat' dir='ltr'>advenerint,</span> <span class='ocrx_word' id='word_1_39' title='bbox 2254 786 2618 848; x_wconf 72' lang='lat' dir='ltr'>beatissimis</span> <span class='ocrx_word' id='word_1_40' title='bbox 2651 785 3063 868; x_wconf 75' lang='lat' dir='ltr'>pontificibus,</span> 
     </span>
     <span class='ocr_line' id='line_1_10' title="bbox 451 889 3063 975; baseline 0.003 -27"><span class='ocrx_word' id='word_1_41' title='bbox 451 907 564 969; x_wconf 88' lang='lat' dir='ltr'>pro</span> <span class='ocrx_word' id='word_1_42' title='bbox 596 890 837 952; x_wconf 85' lang='lat' dir='ltr'>honore</span> <span class='ocrx_word' id='word_1_43' title='bbox 868 906 927 950; x_wconf 90' lang='lat' dir='ltr'>et</span> <span class='ocrx_word' id='word_1_44' title='bbox 955 889 1150 970; x_wconf 84' lang='lat' dir='ltr'>gloria</span> <span class='ocrx_word' id='word_1_45' title='bbox 1182 890 1413 953; x_wconf 88' lang='lat' dir='ltr'>Christi</span> <span class='ocrx_word' id='word_1_46' title='bbox 1446 892 1544 952; x_wconf 91' lang='lat' dir='ltr'>dei</span> <span class='ocrx_word' id='word_1_47' title='bbox 1578 894 1766 954; x_wconf 88' lang='lat' dir='ltr'>nostri</span> <span class='ocrx_word' id='word_1_48' title='bbox 1800 893 1863 953; x_wconf 90' lang='lat' dir='ltr'>in</span> <span class='ocrx_word' id='word_1_49' title='bbox 1897 894 2114 954; x_wconf 90' lang='lat' dir='ltr'>eadem</span> <span class='ocrx_word' id='word_1_50' title='bbox 2147 911 2369 972; x_wconf 87' lang='lat' dir='ltr'>magna</span> <span class='ocrx_word' id='word_1_51' title='bbox 2401 893 2498 954; x_wconf 91' lang='lat' dir='ltr'>dei</span> <span class='ocrx_word' id='word_1_52' title='bbox 2518 893 2813 955; x_wconf 85' lang='lat' dir='ltr'>catholica</span> <span class='ocrx_word' id='word_1_53' title='bbox 2832 909 2890 955; x_wconf 90' lang='lat' dir='ltr'>et</span> <span class='ocrx_word' id='word_1_54' title='bbox 2911 914 3063 975; x_wconf 88' lang='lat' dir='ltr'>apo-</span> 
     </span>
     <span class='ocr_line' id='line_1_11' title="bbox 451 995 3063 1081; baseline 0.003 -26"><span class='ocrx_word' id='word_1_55' title='bbox 451 995 661 1056; x_wconf 91' lang='lat' dir='ltr'>stolica</span> <span class='ocrx_word' id='word_1_56' title='bbox 708 997 958 1058; x_wconf 84' lang='lat' dir='ltr'>ecclesia</span> <span class='ocrx_word' id='word_1_57' title='bbox 1005 1016 1080 1058; x_wconf 82' lang='lat' dir='ltr'>ex</span> <span class='ocrx_word' id='word_1_58' title='bbox 1112 1013 1321 1060; x_wconf 90' lang='lat' dir='ltr'>nostra</span> <span class='ocrx_word' id='word_1_59' title='bbox 1357 998 1641 1080; x_wconf 86' lang='lat' dir='ltr'>synclitu,</span> <span class='ocrx_word' id='word_1_60' title='bbox 1677 1018 1868 1080; x_wconf 89' lang='lat' dir='ltr'>quern</span> <span class='ocrx_word' id='word_1_61' title='bbox 1902 1000 2173 1081; x_wconf 87' lang='lat' dir='ltr'>placatus</span> <span class='ocrx_word' id='word_1_62' title='bbox 2206 1000 2455 1081; x_wconf 87' lang='lat' dir='ltr'>proprio</span> <span class='ocrx_word' id='word_1_63' title='bbox 2488 1000 2748 1062; x_wconf 87' lang='lat' dir='ltr'>consilio</span> <span class='ocrx_word' id='word_1_64' title='bbox 2782 1001 3063 1062; x_wconf 88' lang='lat' dir='ltr'>clericare</span> 
     </span>
     <span class='ocr_line' id='line_1_12' title="bbox 453 1101 3063 1185; baseline 0.002 -23"><span class='ocrx_word' id='word_1_65' title='bbox 453 1101 716 1164; x_wconf 88' lang='lat' dir='ltr'>voluerit</span> <span class='ocrx_word' id='word_1_66' title='bbox 764 1119 821 1163; x_wconf 90' lang='lat' dir='ltr'>et</span> <span class='ocrx_word' id='word_1_67' title='bbox 870 1103 934 1165; x_wconf 89' lang='lat' dir='ltr'>in</span> <span class='ocrx_word' id='word_1_68' title='bbox 982 1123 1250 1166; x_wconf 89' lang='lat' dir='ltr'>numero</span> <span class='ocrx_word' id='word_1_69' title='bbox 1296 1105 1730 1185; x_wconf 83' lang='lat' dir='ltr'>religiosorum</span> <span class='ocrx_word' id='word_1_70' title='bbox 1776 1106 2147 1168; x_wconf 88' lang='lat' dir='ltr'>clericorum</span> <span class='ocrx_word' id='word_1_71' title='bbox 2197 1126 2661 1180; x_wconf 83' lang='lat' dir='ltr'>connumerare,</span> <span class='ocrx_word' id='word_1_72' title='bbox 2710 1106 2952 1169; x_wconf 91' lang='lat' dir='ltr'>nullum</span> <span class='ocrx_word' id='word_1_73' title='bbox 2992 1128 3063 1169; x_wconf 86' lang='lat' dir='ltr'>ex</span> 
     </span>
     <span class='ocr_line' id='line_1_13' title="bbox 451 1210 1799 1292; baseline 0.002 -22"><span class='ocrx_word' id='word_1_74' title='bbox 451 1210 746 1271; x_wconf 86' lang='lat' dir='ltr'>omnibus</span> <span class='ocrx_word' id='word_1_75' title='bbox 778 1225 1277 1291; x_wconf 81' lang='lat' dir='ltr'>praesumentem</span> <span class='ocrx_word' id='word_1_76' title='bbox 1308 1212 1570 1292; x_wconf 88' lang='lat' dir='ltr'>superbe</span> <span class='ocrx_word' id='word_1_77' title='bbox 1603 1231 1799 1292; x_wconf 88' lang='lat' dir='ltr'>agere.</span> 
     </span>
    </p>

    <p class='ocr_par' dir='ltr' id='par_1_8' title="bbox 451 1301 3066 2468">
     <span class='ocr_line' id='line_1_14' title="bbox 678 1301 3048 1402; baseline 0.003 -25"><span class='ocrx_word' id='word_1_78' title='bbox 678 1301 768 1379; x_wconf 64' lang='lat'>1&#39;6.</span> <span class='ocrx_word' id='word_1_79' title='bbox 823 1316 1225 1379; x_wconf 87' lang='lat' dir='ltr'>Decrevimus</span> <span class='ocrx_word' id='word_1_80' title='bbox 1270 1319 1475 1399; x_wconf 87' lang='lat' dir='ltr'>itaque</span> <span class='ocrx_word' id='word_1_81' title='bbox 1523 1335 1579 1380; x_wconf 88' lang='lat' dir='ltr'>et</span> <span class='ocrx_word' id='word_1_82' title='bbox 1613 1320 1750 1398; x_wconf 91' lang='lat' dir='ltr'>hoc,</span> <span class='ocrx_word' id='word_1_83' title='bbox 1784 1336 1853 1382; x_wconf 89' lang='lat' dir='ltr'>ut</span> <span class='ocrx_word' id='word_1_84' title='bbox 1886 1321 2082 1381; x_wconf 87' lang='lat' dir='ltr'>isdem</span> <span class='ocrx_word' id='word_1_85' title='bbox 2116 1319 2478 1382; x_wconf 88' lang='lat' dir='ltr'>venerabilis</span> <span class='ocrx_word' id='word_1_86' title='bbox 2512 1338 2678 1402; x_wconf 89' lang='lat' dir='ltr'>pater</span> <span class='ocrx_word' id='word_1_87' title='bbox 2712 1337 2919 1383; x_wconf 91' lang='lat' dir='ltr'>noster</span> <span class='ocrx_word' id='word_1_88' title='bbox 2949 1321 3048 1383; x_wconf 88' lang='lat' dir='ltr'>Sil-</span> 
     </span>
     <span class='ocr_line' id='line_1_15' title="bbox 451 1425 3064 1508; baseline 0.003 -25"><span class='ocrx_word' id='word_1_89' title='bbox 451 1440 666 1498; x_wconf 83' lang='lat' dir='ltr'>vester,</span> <span class='ocrx_word' id='word_1_90' title='bbox 715 1443 1003 1485; x_wconf 88' lang='lat' dir='ltr'>summus</span> <span class='ocrx_word' id='word_1_91' title='bbox 1049 1425 1343 1505; x_wconf 81' lang='lat' dir='ltr'>pontifex,</span> <span class='ocrx_word' id='word_1_92' title='bbox 1392 1425 1490 1486; x_wconf 88' lang='lat' dir='ltr'>vel</span> <span class='ocrx_word' id='word_1_93' title='bbox 1535 1444 1755 1488; x_wconf 88' lang='lat' dir='ltr'>omnes</span> <span class='ocrx_word' id='word_1_94' title='bbox 1800 1426 1934 1487; x_wconf 90' lang='lat' dir='ltr'>eius</span> <span class='ocrx_word' id='word_1_95' title='bbox 1978 1446 2361 1488; x_wconf 82' lang='lat' dir='ltr'>successores</span> <span class='ocrx_word' id='word_1_96' title='bbox 2408 1427 2730 1508; x_wconf 84' lang='lat' dir='ltr'>pontifices</span> <span class='ocrx_word' id='word_1_97' title='bbox 2761 1428 3064 1504; x_wconf 88' lang='lat' dir='ltr'>diadema,</span> 
     </span>
     <span class='ocr_line' id='line_1_16' title="bbox 451 1529 3065 1617; baseline 0.004 -28"><span class='ocrx_word' id='word_1_98' title='bbox 451 1529 734 1592; x_wconf 83' lang='lat' dir='ltr'>videlicet</span> <span class='ocrx_word' id='word_1_99' title='bbox 764 1550 1076 1609; x_wconf 88' lang='lat' dir='ltr'>coronam,</span> <span class='ocrx_word' id='word_1_100' title='bbox 1096 1551 1287 1612; x_wconf 86' lang='lat' dir='ltr'>quam</span> <span class='ocrx_word' id='word_1_101' title='bbox 1321 1552 1394 1593; x_wconf 88' lang='lat' dir='ltr'>ex</span> <span class='ocrx_word' id='word_1_102' title='bbox 1426 1532 1605 1614; x_wconf 91' lang='lat' dir='ltr'>capiti</span> <span class='ocrx_word' id='word_1_103' title='bbox 1638 1549 1852 1595; x_wconf 87' lang='lat' dir='ltr'>nostro</span> <span class='ocrx_word' id='word_1_104' title='bbox 1885 1533 1970 1594; x_wconf 89' lang='lat' dir='ltr'>illi</span> <span class='ocrx_word' id='word_1_105' title='bbox 2002 1534 2439 1612; x_wconf 81' lang='lat' dir='ltr'>concessimus,</span> <span class='ocrx_word' id='word_1_106' title='bbox 2462 1554 2534 1596; x_wconf 88' lang='lat' dir='ltr'>ex</span> <span class='ocrx_word' id='word_1_107' title='bbox 2555 1555 2710 1596; x_wconf 89' lang='lat' dir='ltr'>auro</span> <span class='ocrx_word' id='word_1_108' title='bbox 2730 1535 3065 1617; x_wconf 90' lang='lat' dir='ltr'>purissimo</span> 
     </span>
     <span class='ocr_line' id='line_1_17' title="bbox 453 1637 3066 1724; baseline 0.004 -28"><span class='ocrx_word' id='word_1_109' title='bbox 453 1651 513 1697; x_wconf 93' lang='lat' dir='ltr'>et</span> <span class='ocrx_word' id='word_1_110' title='bbox 555 1638 822 1716; x_wconf 86' lang='lat' dir='ltr'>gemmis</span> <span class='ocrx_word' id='word_1_111' title='bbox 867 1637 1143 1718; x_wconf 88' lang='lat' dir='ltr'>pretiosis</span> <span class='ocrx_word' id='word_1_112' title='bbox 1175 1639 1265 1699; x_wconf 90' lang='lat' dir='ltr'>uti</span> <span class='ocrx_word' id='word_1_113' title='bbox 1298 1639 1561 1701; x_wconf 90' lang='lat' dir='ltr'>debeant</span> <span class='ocrx_word' id='word_1_114' title='bbox 1592 1654 1650 1700; x_wconf 89' lang='lat' dir='ltr'>et</span> <span class='ocrx_word' id='word_1_115' title='bbox 1681 1658 1900 1701; x_wconf 90' lang='lat' dir='ltr'>eorum</span> <span class='ocrx_word' id='word_1_116' title='bbox 1935 1641 2127 1721; x_wconf 89' lang='lat' dir='ltr'>capite</span> <span class='ocrx_word' id='word_1_117' title='bbox 2159 1641 2235 1701; x_wconf 86' lang='lat' dir='ltr'>ad</span> <span class='ocrx_word' id='word_1_118' title='bbox 2268 1641 2518 1702; x_wconf 86' lang='lat' dir='ltr'>laudem</span> <span class='ocrx_word' id='word_1_119' title='bbox 2550 1643 2648 1703; x_wconf 89' lang='lat' dir='ltr'>dei</span> <span class='ocrx_word' id='word_1_120' title='bbox 2681 1662 2793 1724; x_wconf 92' lang='lat' dir='ltr'>pro</span> <span class='ocrx_word' id='word_1_121' title='bbox 2826 1644 3066 1706; x_wconf 89' lang='lat' dir='ltr'>honore</span> 
     </span>
     <span class='ocr_line' id='line_1_18' title="bbox 455 1744 3063 1829; baseline 0.003 -25"><span class='ocrx_word' id='word_1_122' title='bbox 455 1744 611 1804; x_wconf 88' lang='lat' dir='ltr'>beati</span> <span class='ocrx_word' id='word_1_123' title='bbox 643 1745 804 1806; x_wconf 87' lang='lat' dir='ltr'>Petri</span> <span class='ocrx_word' id='word_1_124' title='bbox 849 1759 1116 1823; x_wconf 80' lang='lat' dir='ltr'>gestare:</span> <span class='ocrx_word' id='word_1_125' title='bbox 1169 1746 1298 1826; x_wconf 88' lang='lat' dir='ltr'>ipse</span> <span class='ocrx_word' id='word_1_126' title='bbox 1341 1765 1490 1807; x_wconf 84' lang='lat' dir='ltr'>vero</span> <span class='ocrx_word' id='word_1_127' title='bbox 1534 1747 1956 1808; x_wconf 84' lang='lat' dir='ltr'>sanctissimus</span> <span class='ocrx_word' id='word_1_128' title='bbox 1992 1768 2145 1829; x_wconf 91' lang='lat' dir='ltr'>papa</span> <span class='ocrx_word' id='word_1_129' title='bbox 2180 1768 2365 1829; x_wconf 90' lang='lat' dir='ltr'>super</span> <span class='ocrx_word' id='word_1_130' title='bbox 2397 1768 2697 1812; x_wconf 89' lang='lat' dir='ltr'>coronam</span> <span class='ocrx_word' id='word_1_131' title='bbox 2729 1749 3063 1828; x_wconf 85' lang='lat' dir='ltr'>clericatus,</span> 
     </span>
     <span class='ocr_line' id='line_1_19' title="bbox 454 1851 3064 1943; baseline 0.003 -31"><span class='ocrx_word' id='word_1_132' title='bbox 454 1870 642 1930; x_wconf 90' lang='lat' dir='ltr'>quam</span> <span class='ocrx_word' id='word_1_133' title='bbox 688 1851 841 1931; x_wconf 85' lang='lat' dir='ltr'>gerit</span> <span class='ocrx_word' id='word_1_134' title='bbox 885 1853 960 1914; x_wconf 91' lang='lat' dir='ltr'>ad</span> <span class='ocrx_word' id='word_1_135' title='bbox 1000 1853 1262 1932; x_wconf 85' lang='lat' dir='ltr'>gloriam</span> <span class='ocrx_word' id='word_1_136' title='bbox 1295 1854 1451 1914; x_wconf 90' lang='lat' dir='ltr'>beati</span> <span class='ocrx_word' id='word_1_137' title='bbox 1488 1853 1663 1932; x_wconf 85' lang='lat' dir='ltr'>Petri,</span> <span class='ocrx_word' id='word_1_138' title='bbox 1699 1853 1963 1915; x_wconf 88' lang='lat' dir='ltr'>omnino</span> <span class='ocrx_word' id='word_1_139' title='bbox 1994 1855 2121 1936; x_wconf 88' lang='lat' dir='ltr'>ipsa</span> <span class='ocrx_word' id='word_1_140' title='bbox 2153 1875 2225 1915; x_wconf 88' lang='lat' dir='ltr'>ex</span> <span class='ocrx_word' id='word_1_141' title='bbox 2259 1875 2413 1916; x_wconf 89' lang='lat' dir='ltr'>auro</span> <span class='ocrx_word' id='word_1_142' title='bbox 2445 1875 2572 1918; x_wconf 89' lang='lat' dir='ltr'>non</span> <span class='ocrx_word' id='word_1_143' title='bbox 2606 1873 2696 1943; x_wconf 87' lang='lat' dir='ltr'>est</span> <span class='ocrx_word' id='word_1_144' title='bbox 2728 1877 2942 1939; x_wconf 91' lang='lat' dir='ltr'>passus</span> <span class='ocrx_word' id='word_1_145' title='bbox 2976 1858 3064 1919; x_wconf 90' lang='lat' dir='ltr'>uti</span> 
     </span>
     <span class='ocr_line' id='line_1_20' title="bbox 453 1957 3062 2041; baseline 0.003 -23"><span class='ocrx_word' id='word_1_146' title='bbox 453 1976 700 2032; x_wconf 87' lang='lat' dir='ltr'>corona,</span> <span class='ocrx_word' id='word_1_147' title='bbox 732 1957 1003 2039; x_wconf 84' lang='lat' dir='ltr'>frygium</span> <span class='ocrx_word' id='word_1_148' title='bbox 1034 1977 1180 2019; x_wconf 85' lang='lat' dir='ltr'>vero</span> <span class='ocrx_word' id='word_1_149' title='bbox 1213 1959 1479 2020; x_wconf 89' lang='lat' dir='ltr'>candido</span> <span class='ocrx_word' id='word_1_150' title='bbox 1510 1959 1706 2020; x_wconf 88' lang='lat' dir='ltr'>nitore</span> <span class='ocrx_word' id='word_1_151' title='bbox 1737 1960 2122 2041; x_wconf 86' lang='lat' dir='ltr'>splendidam</span> <span class='ocrx_word' id='word_1_152' title='bbox 2156 1961 2664 2024; x_wconf 89' lang='lat' dir='ltr'>resurrectionem</span> <span class='ocrx_word' id='word_1_153' title='bbox 2686 1964 3062 2025; x_wconf 80' lang='lat' dir='ltr'>dominicam</span> 
     </span>
     <span class='ocr_line' id='line_1_21' title="bbox 454 2064 3065 2149; baseline 0.003 -24"><span class='ocrx_word' id='word_1_154' title='bbox 454 2064 777 2145; x_wconf 86' lang='lat' dir='ltr'>designans</span> <span class='ocrx_word' id='word_1_155' title='bbox 828 2065 961 2126; x_wconf 88' lang='lat' dir='ltr'>eius</span> <span class='ocrx_word' id='word_1_156' title='bbox 1009 2065 1417 2129; x_wconf 88' lang='lat' dir='ltr'>sacratissimo</span> <span class='ocrx_word' id='word_1_157' title='bbox 1462 2067 1670 2128; x_wconf 87' lang='lat' dir='ltr'>vertici</span> <span class='ocrx_word' id='word_1_158' title='bbox 1718 2067 2009 2129; x_wconf 90' lang='lat' dir='ltr'>manibus</span> <span class='ocrx_word' id='word_1_159' title='bbox 2054 2069 2279 2129; x_wconf 87' lang='lat' dir='ltr'>nostris</span> <span class='ocrx_word' id='word_1_160' title='bbox 2313 2069 2661 2149; x_wconf 86' lang='lat' dir='ltr'>posuimus,</span> <span class='ocrx_word' id='word_1_161' title='bbox 2696 2085 2755 2130; x_wconf 90' lang='lat' dir='ltr'>et</span> <span class='ocrx_word' id='word_1_162' title='bbox 2786 2085 3065 2132; x_wconf 88' lang='lat' dir='ltr'>tenentes</span> 
     </span>
     <span class='ocr_line' id='line_1_22' title="bbox 455 2172 3066 2254; baseline 0.002 -21"><span class='ocrx_word' id='word_1_163' title='bbox 455 2172 703 2233; x_wconf 88' lang='lat' dir='ltr'>frenum</span> <span class='ocrx_word' id='word_1_164' title='bbox 738 2173 917 2252; x_wconf 86' lang='lat' dir='ltr'>equis</span> <span class='ocrx_word' id='word_1_165' title='bbox 948 2173 1138 2254; x_wconf 80' lang='lat' dir='ltr'>ipsius</span> <span class='ocrx_word' id='word_1_166' title='bbox 1171 2192 1284 2254; x_wconf 91' lang='lat' dir='ltr'>pro</span> <span class='ocrx_word' id='word_1_167' title='bbox 1316 2175 1652 2234; x_wconf 86' lang='lat' dir='ltr'>reverentia</span> <span class='ocrx_word' id='word_1_168' title='bbox 1685 2175 1842 2235; x_wconf 92' lang='lat' dir='ltr'>beati</span> <span class='ocrx_word' id='word_1_169' title='bbox 1877 2174 2034 2249; x_wconf 78' lang='lat' dir='ltr'>Petri</span> <span class='ocrx_word' id='word_1_170' title='bbox 2067 2175 2338 2236; x_wconf 88' lang='lat' dir='ltr'>stratoris</span> <span class='ocrx_word' id='word_1_171' title='bbox 2370 2175 2651 2237; x_wconf 87' lang='lat' dir='ltr'>officium</span> <span class='ocrx_word' id='word_1_172' title='bbox 2683 2176 2766 2237; x_wconf 91' lang='lat' dir='ltr'>illi</span> <span class='ocrx_word' id='word_1_173' title='bbox 2788 2178 3066 2239; x_wconf 88' lang='lat' dir='ltr'>exhibui-</span> 
     </span>
     <span class='ocr_line' id='line_1_23' title="bbox 456 2279 3066 2365; baseline 0.002 -24"><span class='ocrx_word' id='word_1_174' title='bbox 456 2300 618 2358; x_wconf 78' lang='lat' dir='ltr'>muS,</span> <span class='ocrx_word' id='word_1_175' title='bbox 659 2295 1011 2359; x_wconf 86' lang='lat' dir='ltr'>statuentes,</span> <span class='ocrx_word' id='word_1_176' title='bbox 1059 2282 1332 2341; x_wconf 87' lang='lat' dir='ltr'>eundem</span> <span class='ocrx_word' id='word_1_177' title='bbox 1363 2279 1634 2363; x_wconf 83' lang='lat' dir='ltr'>frygium</span> <span class='ocrx_word' id='word_1_178' title='bbox 1668 2301 1889 2342; x_wconf 88' lang='lat' dir='ltr'>omnes</span> <span class='ocrx_word' id='word_1_179' title='bbox 1923 2281 2053 2342; x_wconf 90' lang='lat' dir='ltr'>eius</span> <span class='ocrx_word' id='word_1_180' title='bbox 2084 2301 2467 2343; x_wconf 82' lang='lat' dir='ltr'>successores</span> <span class='ocrx_word' id='word_1_181' title='bbox 2500 2281 2819 2364; x_wconf 88' lang='lat' dir='ltr'>pontifices</span> <span class='ocrx_word' id='word_1_182' title='bbox 2850 2284 3066 2365; x_wconf 86' lang='lat' dir='ltr'>singu-</span> 
     </span>
     <span class='ocr_line' id='line_1_24' title="bbox 455 2387 1427 2468; baseline 0.001 -21"><span class='ocrx_word' id='word_1_183' title='bbox 455 2387 661 2448; x_wconf 89' lang='lat' dir='ltr'>lariter</span> <span class='ocrx_word' id='word_1_184' title='bbox 692 2387 780 2448; x_wconf 89' lang='lat' dir='ltr'>uti</span> <span class='ocrx_word' id='word_1_185' title='bbox 812 2387 876 2447; x_wconf 94' lang='lat' dir='ltr'>in</span> <span class='ocrx_word' id='word_1_186' title='bbox 909 2387 1427 2468; x_wconf 67' lang='lat' dir='ltr'>processionibus</span> 
     </span>
    </p>

    <p class='ocr_par' dir='ltr' id='par_1_9' title="bbox 453 2493 3070 3116">
     <span class='ocr_line' id='line_1_25' title="bbox 682 2493 3065 2578; baseline 0.001 -23"><span class='ocrx_word' id='word_1_187' title='bbox 682 2515 778 2563; x_wconf 88' lang='lat'>17.</span> <span class='ocrx_word' id='word_1_188' title='bbox 813 2494 910 2555; x_wconf 89' lang='lat' dir='ltr'>Ad</span> <span class='ocrx_word' id='word_1_189' title='bbox 957 2493 1367 2556; x_wconf 87' lang='lat' dir='ltr'>imitationem</span> <span class='ocrx_word' id='word_1_190' title='bbox 1401 2494 1638 2575; x_wconf 91' lang='lat' dir='ltr'>imperii</span> <span class='ocrx_word' id='word_1_191' title='bbox 1673 2495 1890 2571; x_wconf 88' lang='lat' dir='ltr'>nostri,</span> <span class='ocrx_word' id='word_1_192' title='bbox 1927 2495 2093 2556; x_wconf 90' lang='lat' dir='ltr'>unde</span> <span class='ocrx_word' id='word_1_193' title='bbox 2127 2511 2194 2556; x_wconf 89' lang='lat' dir='ltr'>ut</span> <span class='ocrx_word' id='word_1_194' title='bbox 2232 2514 2360 2556; x_wconf 92' lang='lat' dir='ltr'>non</span> <span class='ocrx_word' id='word_1_195' title='bbox 2395 2494 2763 2577; x_wconf 83' lang='lat' dir='ltr'>pontificalis</span> <span class='ocrx_word' id='word_1_196' title='bbox 2794 2516 2944 2578; x_wconf 87' lang='lat' dir='ltr'>apex</span> <span class='ocrx_word' id='word_1_197' title='bbox 2977 2497 3065 2557; x_wconf 89' lang='lat' dir='ltr'>vi-</span> 
     </span>
     <span class='ocr_line' id='line_1_26' title="bbox 456 2600 3068 2685; baseline 0.002 -24"><span class='ocrx_word' id='word_1_198' title='bbox 456 2601 657 2679; x_wconf 86' lang='lat' dir='ltr'>lescat,</span> <span class='ocrx_word' id='word_1_199' title='bbox 703 2601 810 2662; x_wconf 91' lang='lat' dir='ltr'>sed</span> <span class='ocrx_word' id='word_1_200' title='bbox 856 2601 1053 2681; x_wconf 85' lang='lat' dir='ltr'>magis</span> <span class='ocrx_word' id='word_1_201' title='bbox 1097 2600 1364 2681; x_wconf 88' lang='lat' dir='ltr'>amplius</span> <span class='ocrx_word' id='word_1_202' title='bbox 1398 2619 1589 2680; x_wconf 86' lang='lat' dir='ltr'>quam</span> <span class='ocrx_word' id='word_1_203' title='bbox 1623 2601 1845 2662; x_wconf 89' lang='lat' dir='ltr'>terreni</span> <span class='ocrx_word' id='word_1_204' title='bbox 1880 2601 2119 2682; x_wconf 90' lang='lat' dir='ltr'>imperii</span> <span class='ocrx_word' id='word_1_205' title='bbox 2150 2602 2416 2681; x_wconf 85' lang='lat' dir='ltr'>dignitas</span> <span class='ocrx_word' id='word_1_206' title='bbox 2448 2619 2505 2663; x_wconf 91' lang='lat' dir='ltr'>et</span> <span class='ocrx_word' id='word_1_207' title='bbox 2536 2603 2765 2685; x_wconf 84' lang='lat' dir='ltr'>gloriae</span> <span class='ocrx_word' id='word_1_208' title='bbox 2799 2605 3068 2685; x_wconf 88' lang='lat' dir='ltr'>potentia</span> 
     </span>
     <span class='ocr_line' id='line_1_27' title="bbox 456 2710 3069 2792; baseline 0.002 -22"><span class='ocrx_word' id='word_1_209' title='bbox 456 2710 799 2786; x_wconf 88' lang='lat' dir='ltr'>decoretur,</span> <span class='ocrx_word' id='word_1_210' title='bbox 848 2728 987 2770; x_wconf 89' lang='lat' dir='ltr'>ecce</span> <span class='ocrx_word' id='word_1_211' title='bbox 1030 2724 1154 2769; x_wconf 91' lang='lat' dir='ltr'>tam</span> <span class='ocrx_word' id='word_1_212' title='bbox 1189 2710 1484 2790; x_wconf 89' lang='lat' dir='ltr'>palatium</span> <span class='ocrx_word' id='word_1_213' title='bbox 1521 2724 1827 2787; x_wconf 88' lang='lat' dir='ltr'>nostrum,</span> <span class='ocrx_word' id='word_1_214' title='bbox 1866 2725 1932 2769; x_wconf 91' lang='lat' dir='ltr'>ut</span> <span class='ocrx_word' id='word_1_215' title='bbox 1965 2710 2304 2791; x_wconf 88' lang='lat' dir='ltr'>praelatum</span> <span class='ocrx_word' id='word_1_216' title='bbox 2338 2728 2445 2788; x_wconf 89' lang='lat' dir='ltr'>est,</span> <span class='ocrx_word' id='word_1_217' title='bbox 2480 2730 2797 2792; x_wconf 90' lang='lat' dir='ltr'>quamque</span> <span class='ocrx_word' id='word_1_218' title='bbox 2832 2713 3069 2775; x_wconf 86' lang='lat' dir='ltr'>Romae</span> 
     </span>
     <span class='ocr_line' id='line_1_28' title="bbox 454 2815 3068 2898; baseline 0.002 -22"><span class='ocrx_word' id='word_1_219' title='bbox 454 2817 627 2877; x_wconf 90' lang='lat' dir='ltr'>urbis</span> <span class='ocrx_word' id='word_1_220' title='bbox 666 2832 722 2877; x_wconf 91' lang='lat' dir='ltr'>et</span> <span class='ocrx_word' id='word_1_221' title='bbox 754 2836 972 2876; x_wconf 91' lang='lat' dir='ltr'>omnes</span> <span class='ocrx_word' id='word_1_222' title='bbox 1005 2816 1205 2877; x_wconf 86' lang='lat' dir='ltr'>ltaliae</span> <span class='ocrx_word' id='word_1_223' title='bbox 1237 2835 1346 2876; x_wconf 92' lang='lat' dir='ltr'>seu</span> <span class='ocrx_word' id='word_1_224' title='bbox 1381 2815 1859 2877; x_wconf 88' lang='lat' dir='ltr'>occidentalium</span> <span class='ocrx_word' id='word_1_225' title='bbox 1894 2818 2226 2895; x_wconf 85' lang='lat' dir='ltr'>regionum</span> <span class='ocrx_word' id='word_1_226' title='bbox 2259 2817 2620 2898; x_wconf 87' lang='lat' dir='ltr'>provincias,</span> <span class='ocrx_word' id='word_1_227' title='bbox 2667 2818 2801 2879; x_wconf 91' lang='lat' dir='ltr'>loca</span> <span class='ocrx_word' id='word_1_228' title='bbox 2834 2836 2890 2881; x_wconf 91' lang='lat' dir='ltr'>et</span> <span class='ocrx_word' id='word_1_229' title='bbox 2923 2820 3068 2881; x_wconf 91' lang='lat' dir='ltr'>civi-</span> 
     </span>
     <span class='ocr_line' id='line_1_29' title="bbox 453 2921 3070 3008; baseline 0.002 -25"><span class='ocrx_word' id='word_1_230' title='bbox 453 2938 607 2984; x_wconf 89' lang='lat' dir='ltr'>tates</span> <span class='ocrx_word' id='word_1_231' title='bbox 637 2921 942 3003; x_wconf 89' lang='lat' dir='ltr'>saepefato</span> <span class='ocrx_word' id='word_1_232' title='bbox 975 2923 1325 2986; x_wconf 88' lang='lat' dir='ltr'>beatissimo</span> <span class='ocrx_word' id='word_1_233' title='bbox 1358 2922 1656 3004; x_wconf 90' lang='lat' dir='ltr'>pontifici,</span> <span class='ocrx_word' id='word_1_234' title='bbox 1694 2924 1844 3005; x_wconf 89' lang='lat' dir='ltr'>patri</span> <span class='ocrx_word' id='word_1_235' title='bbox 1880 2940 2092 2985; x_wconf 89' lang='lat' dir='ltr'>nostro</span> <span class='ocrx_word' id='word_1_236' title='bbox 2124 2924 2457 3002; x_wconf 68' lang='lat' dir='ltr'>SilvestriQ</span> <span class='ocrx_word' id='word_1_237' title='bbox 2495 2926 2823 2987; x_wconf 88' lang='lat' dir='ltr'>universali</span> <span class='ocrx_word' id='word_1_238' title='bbox 2858 2946 3070 3008; x_wconf 88' lang='lat' dir='ltr'>papae,</span> 
     </span>
     <span class='ocr_line' id='line_1_30' title="bbox 456 3030 3069 3116; baseline 0.003 -27"><span class='ocrx_word' id='word_1_239' title='bbox 456 3031 886 3092; x_wconf 90' lang='lat' dir='ltr'>contradentes</span> <span class='ocrx_word' id='word_1_240' title='bbox 917 3046 1100 3110; x_wconf 89' lang='lat' dir='ltr'>atque</span> <span class='ocrx_word' id='word_1_241' title='bbox 1133 3031 1553 3111; x_wconf 90' lang='lat' dir='ltr'>relinquentes</span> <span class='ocrx_word' id='word_1_242' title='bbox 1588 3031 1720 3092; x_wconf 88' lang='lat' dir='ltr'>eius</span> <span class='ocrx_word' id='word_1_243' title='bbox 1753 3030 1847 3092; x_wconf 88' lang='lat' dir='ltr'>vel</span> <span class='ocrx_word' id='word_1_244' title='bbox 1879 3050 2307 3094; x_wconf 88' lang='lat' dir='ltr'>successorum</span> <span class='ocrx_word' id='word_1_245' title='bbox 2343 3033 2535 3114; x_wconf 89' lang='lat' dir='ltr'>ipsius</span> <span class='ocrx_word' id='word_1_246' title='bbox 2568 3033 2934 3115; x_wconf 88' lang='lat' dir='ltr'>pontificum</span> <span class='ocrx_word' id='word_1_247' title='bbox 2956 3054 3069 3116; x_wconf 88' lang='lat' dir='ltr'>po-</span> 
     </span>
    </p>
   </div>
   <div class='ocr_carea' id='block_1_8' title="bbox 370 3136 3072 3220">
    <p class='ocr_par' dir='ltr' id='par_1_10' title="bbox 370 3136 3072 3220">
     <span class='ocr_line' id='line_1_31' title="bbox 370 3136 3072 3220; baseline 0.002 -23"><span class='ocrx_word' id='word_1_248' title='bbox 370 3165 389 3197; x_wconf 62' lang='grc' dir='ltr'><strong>ς</strong></span> <span class='ocrx_word' id='word_1_249' title='bbox 455 3138 650 3198; x_wconf 88' lang='lat' dir='ltr'>testati</span> <span class='ocrx_word' id='word_1_250' title='bbox 698 3153 756 3197; x_wconf 91' lang='lat' dir='ltr'>et</span> <span class='ocrx_word' id='word_1_251' title='bbox 802 3137 1016 3198; x_wconf 89' lang='lat' dir='ltr'>ditioni</span> <span class='ocrx_word' id='word_1_252' title='bbox 1065 3136 1238 3197; x_wconf 90' lang='lat' dir='ltr'>firma</span> <span class='ocrx_word' id='word_1_253' title='bbox 1274 3136 1575 3219; x_wconf 90' lang='lat' dir='ltr'>imperiali</span> <span class='ocrx_word' id='word_1_254' title='bbox 1611 3157 1867 3199; x_wconf 88' lang='lat' dir='ltr'>censura</span> <span class='ocrx_word' id='word_1_255' title='bbox 1900 3159 2011 3220; x_wconf 91' lang='lat' dir='ltr'>per</span> <span class='ocrx_word' id='word_1_256' title='bbox 2042 3140 2204 3200; x_wconf 87' lang='lat' dir='ltr'>hanc</span> <span class='ocrx_word' id='word_1_257' title='bbox 2236 3155 2506 3202; x_wconf 88' lang='lat' dir='ltr'>nostram</span> <span class='ocrx_word' id='word_1_258' title='bbox 2542 3140 2805 3201; x_wconf 87' lang='lat' dir='ltr'>divalem</span> <span class='ocrx_word' id='word_1_259' title='bbox 2838 3161 3072 3203; x_wconf 88' lang='lat' dir='ltr'>sacram</span> 
     </span>
    </p>
   </div>
   <div class='ocr_carea' id='block_1_9' title="bbox 452 3243 3079 5039">
    <p class='ocr_par' dir='ltr' id='par_1_11' title="bbox 455 3243 3071 3432">
     <span class='ocr_line' id='line_1_32' title="bbox 455 3243 3071 3327; baseline 0.003 -24"><span class='ocrx_word' id='word_1_260' title='bbox 455 3260 514 3304; x_wconf 90' lang='lat' dir='ltr'>et</span> <span class='ocrx_word' id='word_1_261' title='bbox 562 3243 1006 3323; x_wconf 87' lang='lat' dir='ltr'>pragmaticum</span> <span class='ocrx_word' id='word_1_262' title='bbox 1051 3243 1449 3304; x_wconf 88' lang='lat' dir='ltr'>constitutum</span> <span class='ocrx_word' id='word_1_263' title='bbox 1498 3244 1888 3305; x_wconf 89' lang='lat' dir='ltr'>decernimus</span> <span class='ocrx_word' id='word_1_264' title='bbox 1938 3246 2401 3327; x_wconf 88' lang='lat' dir='ltr'>disponendum</span> <span class='ocrx_word' id='word_1_265' title='bbox 2448 3262 2629 3326; x_wconf 87' lang='lat' dir='ltr'>atque</span> <span class='ocrx_word' id='word_1_266' title='bbox 2664 3246 2795 3308; x_wconf 89' lang='lat' dir='ltr'>iure</span> <span class='ocrx_word' id='word_1_267' title='bbox 2829 3264 3071 3310; x_wconf 89' lang='lat' dir='ltr'>sanctae</span> 
     </span>
     <span class='ocr_line' id='line_1_33' title="bbox 455 3349 2086 3432; baseline 0 -21"><span class='ocrx_word' id='word_1_268' title='bbox 455 3351 778 3411; x_wconf 86' lang='lat' dir='ltr'>Romanae</span> <span class='ocrx_word' id='word_1_269' title='bbox 811 3349 1095 3411; x_wconf 90' lang='lat' dir='ltr'>ecclesiae</span> <span class='ocrx_word' id='word_1_270' title='bbox 1128 3351 1534 3412; x_wconf 88' lang='lat' dir='ltr'>concedimus</span> <span class='ocrx_word' id='word_1_271' title='bbox 1568 3354 2086 3432; x_wconf 86' lang='lat' dir='ltr'>permanendum.</span> 
     </span>
    </p>

    <p class='ocr_par' dir='ltr' id='par_1_12' title="bbox 452 3457 3075 4074">
     <span class='ocr_line' id='line_1_34' title="bbox 682 3457 3072 3544; baseline 0.003 -27"><span class='ocrx_word' id='word_1_272' title='bbox 682 3459 774 3519; x_wconf 87' lang='lat'>18.</span> <span class='ocrx_word' id='word_1_273' title='bbox 820 3457 1006 3518; x_wconf 92' lang='lat' dir='ltr'>Unde</span> <span class='ocrx_word' id='word_1_274' title='bbox 1039 3476 1390 3538; x_wconf 86' lang='lat' dir='ltr'>congruum</span> <span class='ocrx_word' id='word_1_275' title='bbox 1429 3459 1883 3539; x_wconf 88' lang='lat' dir='ltr'>prospeximus,</span> <span class='ocrx_word' id='word_1_276' title='bbox 1919 3475 2201 3521; x_wconf 90' lang='lat' dir='ltr'>nostrum</span> <span class='ocrx_word' id='word_1_277' title='bbox 2236 3460 2569 3541; x_wconf 89' lang='lat' dir='ltr'>imperium</span> <span class='ocrx_word' id='word_1_278' title='bbox 2602 3477 2661 3523; x_wconf 90' lang='lat' dir='ltr'>et</span> <span class='ocrx_word' id='word_1_279' title='bbox 2692 3462 2864 3542; x_wconf 89' lang='lat' dir='ltr'>regni</span> <span class='ocrx_word' id='word_1_280' title='bbox 2899 3480 3072 3544; x_wconf 90' lang='lat' dir='ltr'>pote-</span> 
     </span>
     <span class='ocr_line' id='line_1_35' title="bbox 454 3563 3070 3651; baseline 0.003 -27"><span class='ocrx_word' id='word_1_281' title='bbox 454 3579 672 3625; x_wconf 88' lang='lat' dir='ltr'>statem</span> <span class='ocrx_word' id='word_1_282' title='bbox 705 3564 1108 3626; x_wconf 87' lang='lat' dir='ltr'>orientalibus</span> <span class='ocrx_word' id='word_1_283' title='bbox 1139 3563 1444 3626; x_wconf 87' lang='lat' dir='ltr'>transferri</span> <span class='ocrx_word' id='word_1_284' title='bbox 1478 3585 1548 3625; x_wconf 90' lang='lat' dir='ltr'>ac</span> <span class='ocrx_word' id='word_1_285' title='bbox 1581 3568 1971 3627; x_wconf 87' lang='lat' dir='ltr'>transmutari</span> <span class='ocrx_word' id='word_1_286' title='bbox 2008 3567 2366 3647; x_wconf 86' lang='lat' dir='ltr'>regionibus</span> <span class='ocrx_word' id='word_1_287' title='bbox 2400 3584 2457 3628; x_wconf 90' lang='lat' dir='ltr'>et</span> <span class='ocrx_word' id='word_1_288' title='bbox 2490 3567 2554 3627; x_wconf 90' lang='lat' dir='ltr'>in</span> <span class='ocrx_word' id='word_1_289' title='bbox 2576 3569 2899 3648; x_wconf 87' lang='lat' dir='ltr'>Byzantiae</span> <span class='ocrx_word' id='word_1_290' title='bbox 2924 3590 3070 3651; x_wconf 88' lang='lat' dir='ltr'>pro·</span> 
     </span>
     <span class='ocr_line' id='line_1_36' title="bbox 453 3670 3073 3752; baseline 0.002 -21"><span class='ocrx_word' id='word_1_291' title='bbox 453 3671 652 3733; x_wconf 87' lang='lat' dir='ltr'>vincia</span> <span class='ocrx_word' id='word_1_292' title='bbox 704 3671 768 3732; x_wconf 92' lang='lat' dir='ltr'>in</span> <span class='ocrx_word' id='word_1_293' title='bbox 814 3671 1051 3752; x_wconf 90' lang='lat' dir='ltr'>optimo</span> <span class='ocrx_word' id='word_1_294' title='bbox 1097 3670 1239 3733; x_wconf 92' lang='lat' dir='ltr'>loco</span> <span class='ocrx_word' id='word_1_295' title='bbox 1288 3671 1529 3733; x_wconf 87' lang='lat' dir='ltr'>nomini</span> <span class='ocrx_word' id='word_1_296' title='bbox 1577 3687 1792 3734; x_wconf 91' lang='lat' dir='ltr'>nostro</span> <span class='ocrx_word' id='word_1_297' title='bbox 1841 3673 2146 3735; x_wconf 86' lang='lat' dir='ltr'>civitatem</span> <span class='ocrx_word' id='word_1_298' title='bbox 2195 3674 2496 3735; x_wconf 88' lang='lat' dir='ltr'>aedificari</span> <span class='ocrx_word' id='word_1_299' title='bbox 2549 3692 2605 3735; x_wconf 86' lang='lat' dir='ltr'>et</span> <span class='ocrx_word' id='word_1_300' title='bbox 2636 3692 2920 3737; x_wconf 89' lang='lat' dir='ltr'>nostrum</span> <span class='ocrx_word' id='word_1_301' title='bbox 2952 3677 3073 3738; x_wconf 87' lang='lat' dir='ltr'>illic</span> 
     </span>
     <span class='ocr_line' id='line_1_37' title="bbox 455 3778 3074 3861; baseline 0.002 -22"><span class='ocrx_word' id='word_1_302' title='bbox 455 3778 748 3839; x_wconf 87' lang='lat' dir='ltr'>constitui</span> <span class='ocrx_word' id='word_1_303' title='bbox 798 3778 1161 3859; x_wconf 88' lang='lat' dir='ltr'>imperium;</span> <span class='ocrx_word' id='word_1_304' title='bbox 1228 3779 1548 3858; x_wconf 88' lang='lat' dir='ltr'>quoniam,</span> <span class='ocrx_word' id='word_1_305' title='bbox 1600 3779 1706 3840; x_wconf 89' lang='lat' dir='ltr'>ubi</span> <span class='ocrx_word' id='word_1_306' title='bbox 1755 3779 2131 3861; x_wconf 88' lang='lat' dir='ltr'>principatus</span> <span class='ocrx_word' id='word_1_307' title='bbox 2182 3782 2570 3842; x_wconf 88' lang='lat' dir='ltr'>sacerdotum</span> <span class='ocrx_word' id='word_1_308' title='bbox 2618 3798 2675 3842; x_wconf 91' lang='lat' dir='ltr'>et</span> <span class='ocrx_word' id='word_1_309' title='bbox 2709 3782 3074 3844; x_wconf 90' lang='lat' dir='ltr'>christianae</span> 
     </span>
     <span class='ocr_line' id='line_1_38' title="bbox 452 3885 3075 3968; baseline 0.002 -22"><span class='ocrx_word' id='word_1_310' title='bbox 452 3885 772 3965; x_wconf 86' lang='lat' dir='ltr'>religionis</span> <span class='ocrx_word' id='word_1_311' title='bbox 819 3901 1000 3966; x_wconf 91' lang='lat' dir='ltr'>caput</span> <span class='ocrx_word' id='word_1_312' title='bbox 1046 3887 1120 3945; x_wconf 87' lang='lat' dir='ltr'>ab</span> <span class='ocrx_word' id='word_1_313' title='bbox 1162 3886 1530 3966; x_wconf 89' lang='lat' dir='ltr'>imperatore</span> <span class='ocrx_word' id='word_1_314' title='bbox 1564 3887 1818 3947; x_wconf 89' lang='lat' dir='ltr'>caeleste</span> <span class='ocrx_word' id='word_1_315' title='bbox 1854 3887 2259 3948; x_wconf 88' lang='lat' dir='ltr'>constitutum</span> <span class='ocrx_word' id='word_1_316' title='bbox 2295 3903 2402 3963; x_wconf 91' lang='lat' dir='ltr'>est,</span> <span class='ocrx_word' id='word_1_317' title='bbox 2438 3886 2671 3965; x_wconf 84' lang='lat' dir='ltr'>justum</span> <span class='ocrx_word' id='word_1_318' title='bbox 2703 3907 2830 3949; x_wconf 91' lang='lat' dir='ltr'>non</span> <span class='ocrx_word' id='word_1_319' title='bbox 2863 3906 2970 3968; x_wconf 89' lang='lat' dir='ltr'>est,</span> <span class='ocrx_word' id='word_1_320' title='bbox 3009 3908 3075 3953; x_wconf 91' lang='lat' dir='ltr'>ut</span> 
     </span>
     <span class='ocr_line' id='line_1_39' title="bbox 456 3991 1919 4074; baseline 0.001 -21"><span class='ocrx_word' id='word_1_321' title='bbox 456 3991 581 4053; x_wconf 89' lang='lat' dir='ltr'>illic</span> <span class='ocrx_word' id='word_1_322' title='bbox 611 3993 943 4074; x_wconf 89' lang='lat' dir='ltr'>imperator</span> <span class='ocrx_word' id='word_1_323' title='bbox 973 4008 1251 4052; x_wconf 88' lang='lat' dir='ltr'>terrenus</span> <span class='ocrx_word' id='word_1_324' title='bbox 1283 3994 1503 4053; x_wconf 90' lang='lat' dir='ltr'>habeat</span> <span class='ocrx_word' id='word_1_325' title='bbox 1535 4008 1919 4074; x_wconf 89' lang='lat' dir='ltr'>potestatem.</span> 
     </span>
    </p>

    <p class='ocr_par' dir='ltr' id='par_1_13' title="bbox 455 4099 3079 5039">
     <span class='ocr_line' id='line_1_40' title="bbox 685 4099 3076 4183; baseline 0.002 -23"><span class='ocrx_word' id='word_1_326' title='bbox 685 4120 775 4178; x_wconf 85' lang='lat'>¹9·</span> <span class='ocrx_word' id='word_1_327' title='bbox 829 4099 996 4161; x_wconf 88' lang='lat' dir='ltr'>Haec</span> <span class='ocrx_word' id='word_1_328' title='bbox 1041 4119 1186 4161; x_wconf 89' lang='lat' dir='ltr'>vero</span> <span class='ocrx_word' id='word_1_329' title='bbox 1220 4101 1452 4176; x_wconf 89' lang='lat' dir='ltr'>omnia,</span> <span class='ocrx_word' id='word_1_330' title='bbox 1507 4120 1666 4180; x_wconf 90' lang='lat' dir='ltr'>quae</span> <span class='ocrx_word' id='word_1_331' title='bbox 1702 4121 1808 4181; x_wconf 91' lang='lat' dir='ltr'>per</span> <span class='ocrx_word' id='word_1_332' title='bbox 1841 4102 2005 4162; x_wconf 89' lang='lat' dir='ltr'>hanc</span> <span class='ocrx_word' id='word_1_333' title='bbox 2036 4117 2308 4162; x_wconf 90' lang='lat' dir='ltr'>nostram</span> <span class='ocrx_word' id='word_1_334' title='bbox 2342 4101 2723 4183; x_wconf 89' lang='lat' dir='ltr'>imperialem</span> <span class='ocrx_word' id='word_1_335' title='bbox 2755 4123 2985 4165; x_wconf 87' lang='lat' dir='ltr'>sacram</span> <span class='ocrx_word' id='word_1_336' title='bbox 3021 4122 3076 4165; x_wconf 88' lang='lat' dir='ltr'>et</span> 
     </span>
     <span class='ocr_line' id='line_1_41' title="bbox 459 4206 3074 4290; baseline 0.003 -24"><span class='ocrx_word' id='word_1_337' title='bbox 459 4225 572 4287; x_wconf 89' lang='lat' dir='ltr'>per</span> <span class='ocrx_word' id='word_1_338' title='bbox 620 4206 733 4267; x_wconf 90' lang='lat' dir='ltr'>alia</span> <span class='ocrx_word' id='word_1_339' title='bbox 783 4206 1001 4267; x_wconf 85' lang='lat' dir='ltr'>divalia</span> <span class='ocrx_word' id='word_1_340' title='bbox 1052 4207 1290 4267; x_wconf 85' lang='lat' dir='ltr'>decreta</span> <span class='ocrx_word' id='word_1_341' title='bbox 1337 4207 1663 4269; x_wconf 87' lang='lat' dir='ltr'>statuimus</span> <span class='ocrx_word' id='word_1_342' title='bbox 1709 4224 1893 4288; x_wconf 87' lang='lat' dir='ltr'>atque</span> <span class='ocrx_word' id='word_1_343' title='bbox 1943 4207 2467 4285; x_wconf 78' lang='lat' dir='ltr'>confirmavimuS,</span> <span class='ocrx_word' id='word_1_344' title='bbox 2531 4229 2732 4290; x_wconf 90' lang='lat' dir='ltr'>usque</span> <span class='ocrx_word' id='word_1_345' title='bbox 2780 4212 2841 4271; x_wconf 91' lang='lat' dir='ltr'>in</span> <span class='ocrx_word' id='word_1_346' title='bbox 2888 4212 3074 4274; x_wconf 84' lang='lat' dir='ltr'>finem</span> 
     </span>
     <span class='ocr_line' id='line_1_42' title="bbox 459 4313 3076 4395; baseline 0.003 -22"><span class='ocrx_word' id='word_1_347' title='bbox 459 4314 682 4374; x_wconf 88' lang='lat' dir='ltr'>mundi</span> <span class='ocrx_word' id='word_1_348' title='bbox 732 4313 979 4375; x_wconf 88' lang='lat' dir='ltr'>inlibata</span> <span class='ocrx_word' id='word_1_349' title='bbox 1027 4329 1085 4373; x_wconf 92' lang='lat' dir='ltr'>et</span> <span class='ocrx_word' id='word_1_350' title='bbox 1131 4313 1502 4375; x_wconf 89' lang='lat' dir='ltr'>inconcussa</span> <span class='ocrx_word' id='word_1_351' title='bbox 1551 4317 1972 4395; x_wconf 88' lang='lat' dir='ltr'>permanenda</span> <span class='ocrx_word' id='word_1_352' title='bbox 2019 4317 2443 4391; x_wconf 89' lang='lat' dir='ltr'>decernimus;</span> <span class='ocrx_word' id='word_1_353' title='bbox 2500 4318 2669 4377; x_wconf 90' lang='lat' dir='ltr'>unde</span> <span class='ocrx_word' id='word_1_354' title='bbox 2716 4336 2921 4379; x_wconf 89' lang='lat' dir='ltr'>coram</span> <span class='ocrx_word' id='word_1_355' title='bbox 2957 4321 3076 4380; x_wconf 91' lang='lat' dir='ltr'>deo</span> 
     </span>
     <span class='ocr_line' id='line_1_43' title="bbox 461 4420 3076 4502; baseline 0.003 -24"><span class='ocrx_word' id='word_1_356' title='bbox 461 4420 621 4497; x_wconf 86' lang='lat' dir='ltr'>viv0,</span> <span class='ocrx_word' id='word_1_357' title='bbox 676 4420 783 4500; x_wconf 86' lang='lat' dir='ltr'>qui</span> <span class='ocrx_word' id='word_1_358' title='bbox 832 4440 947 4481; x_wconf 90' lang='lat' dir='ltr'>nos</span> <span class='ocrx_word' id='word_1_359' title='bbox 996 4439 1248 4501; x_wconf 88' lang='lat' dir='ltr'>regnare</span> <span class='ocrx_word' id='word_1_360' title='bbox 1283 4422 1606 4502; x_wconf 89' lang='lat' dir='ltr'>praecepit,</span> <span class='ocrx_word' id='word_1_361' title='bbox 1655 4437 1712 4482; x_wconf 91' lang='lat' dir='ltr'>et</span> <span class='ocrx_word' id='word_1_362' title='bbox 1746 4442 1954 4483; x_wconf 87' lang='lat' dir='ltr'>coram</span> <span class='ocrx_word' id='word_1_363' title='bbox 1987 4422 2235 4483; x_wconf 88' lang='lat' dir='ltr'>terribili</span> <span class='ocrx_word' id='word_1_364' title='bbox 2269 4424 2402 4485; x_wconf 91' lang='lat' dir='ltr'>eius</span> <span class='ocrx_word' id='word_1_365' title='bbox 2435 4423 2666 4484; x_wconf 89' lang='lat' dir='ltr'>iudicio</span> <span class='ocrx_word' id='word_1_366' title='bbox 2699 4427 3076 4487; x_wconf 89' lang='lat' dir='ltr'>obtestamus</span> 
     </span>
     <span class='ocr_line' id='line_1_44' title="bbox 462 4528 3076 4613; baseline 0.002 -25"><span class='ocrx_word' id='word_1_367' title='bbox 462 4547 572 4610; x_wconf 89' lang='lat' dir='ltr'>per</span> <span class='ocrx_word' id='word_1_368' title='bbox 603 4529 724 4588; x_wconf 89' lang='lat' dir='ltr'>hoc</span> <span class='ocrx_word' id='word_1_369' title='bbox 757 4544 1040 4588; x_wconf 89' lang='lat' dir='ltr'>nostrum</span> <span class='ocrx_word' id='word_1_370' title='bbox 1078 4528 1388 4609; x_wconf 88' lang='lat' dir='ltr'>imperiale</span> <span class='ocrx_word' id='word_1_371' title='bbox 1425 4528 1832 4590; x_wconf 88' lang='lat' dir='ltr'>constitutum</span> <span class='ocrx_word' id='word_1_372' title='bbox 1868 4549 2087 4591; x_wconf 88' lang='lat' dir='ltr'>ornnes</span> <span class='ocrx_word' id='word_1_373' title='bbox 2120 4546 2366 4592; x_wconf 90' lang='lat' dir='ltr'>nostros</span> <span class='ocrx_word' id='word_1_374' title='bbox 2399 4550 2781 4592; x_wconf 86' lang='lat' dir='ltr'>successores</span> <span class='ocrx_word' id='word_1_375' title='bbox 2815 4532 3076 4613; x_wconf 89' lang='lat' dir='ltr'>impera-</span> 
     </span>
     <span class='ocr_line' id='line_1_45' title="bbox 455 4636 3078 4718; baseline 0.002 -23"><span class='ocrx_word' id='word_1_376' title='bbox 455 4652 625 4697; x_wconf 88' lang='lat' dir='ltr'>tores</span> <span class='ocrx_word' id='word_1_377' title='bbox 660 4636 753 4696; x_wconf 90' lang='lat' dir='ltr'>vel</span> <span class='ocrx_word' id='word_1_378' title='bbox 787 4651 1043 4696; x_wconf 88' lang='lat' dir='ltr'>cunctos</span> <span class='ocrx_word' id='word_1_379' title='bbox 1077 4637 1419 4717; x_wconf 77' lang='lat' dir='ltr'>optimateS‚</span> <span class='ocrx_word' id='word_1_380' title='bbox 1453 4653 1719 4717; x_wconf 88' lang='lat' dir='ltr'>satrapes</span> <span class='ocrx_word' id='word_1_381' title='bbox 1741 4638 1946 4713; x_wconf 88' lang='lat' dir='ltr'>etiam,</span> <span class='ocrx_word' id='word_1_382' title='bbox 1973 4638 2423 4718; x_wconf 89' lang='lat' dir='ltr'>amplissimum</span> <span class='ocrx_word' id='word_1_383' title='bbox 2447 4654 2733 4699; x_wconf 88' lang='lat' dir='ltr'>senatum</span> <span class='ocrx_word' id='word_1_384' title='bbox 2756 4656 2813 4699; x_wconf 91' lang='lat' dir='ltr'>et</span> <span class='ocrx_word' id='word_1_385' title='bbox 2834 4639 3078 4700; x_wconf 88' lang='lat' dir='ltr'>univer-</span> 
     </span>
     <span class='ocr_line' id='line_1_46' title="bbox 461 4743 3077 4827; baseline 0.002 -24"><span class='ocrx_word' id='word_1_386' title='bbox 461 4762 604 4804; x_wconf 89' lang='lat' dir='ltr'>sum</span> <span class='ocrx_word' id='word_1_387' title='bbox 637 4743 941 4823; x_wconf 86' lang='lat' dir='ltr'>populum</span> <span class='ocrx_word' id='word_1_388' title='bbox 979 4743 1039 4803; x_wconf 91' lang='lat' dir='ltr'>in</span> <span class='ocrx_word' id='word_1_389' title='bbox 1071 4759 1202 4803; x_wconf 91' lang='lat' dir='ltr'>toto</span> <span class='ocrx_word' id='word_1_390' title='bbox 1236 4747 1385 4804; x_wconf 90' lang='lat' dir='ltr'>orbe</span> <span class='ocrx_word' id='word_1_391' title='bbox 1418 4760 1737 4821; x_wconf 87' lang='lat' dir='ltr'>terrarum,</span> <span class='ocrx_word' id='word_1_392' title='bbox 1773 4764 1938 4805; x_wconf 90' lang='lat' dir='ltr'>nunc</span> <span class='ocrx_word' id='word_1_393' title='bbox 1971 4761 2028 4805; x_wconf 91' lang='lat' dir='ltr'>et</span> <span class='ocrx_word' id='word_1_394' title='bbox 2058 4745 2121 4805; x_wconf 91' lang='lat' dir='ltr'>in</span> <span class='ocrx_word' id='word_1_395' title='bbox 2144 4762 2460 4827; x_wconf 88' lang='lat' dir='ltr'>posterum</span> <span class='ocrx_word' id='word_1_396' title='bbox 2483 4746 2718 4807; x_wconf 89' lang='lat' dir='ltr'>cunctis</span> <span class='ocrx_word' id='word_1_397' title='bbox 2739 4763 2900 4807; x_wconf 90' lang='lat' dir='ltr'>retro</span> <span class='ocrx_word' id='word_1_398' title='bbox 2922 4761 3077 4807; x_wconf 89' lang='lat' dir='ltr'>tem-</span> 
     </span>
     <span class='ocr_line' id='line_1_47' title="bbox 465 4849 3079 4933; baseline 0.002 -24"><span class='ocrx_word' id='word_1_399' title='bbox 465 4850 715 4931; x_wconf 89' lang='lat' dir='ltr'>poribus</span> <span class='ocrx_word' id='word_1_400' title='bbox 762 4849 1020 4930; x_wconf 88' lang='lat' dir='ltr'>imperio</span> <span class='ocrx_word' id='word_1_401' title='bbox 1054 4866 1268 4912; x_wconf 84' lang='lat' dir='ltr'>nostro</span> <span class='ocrx_word' id='word_1_402' title='bbox 1303 4851 1658 4925; x_wconf 77' lang='lat' dir='ltr'>subiacenti,</span> <span class='ocrx_word' id='word_1_403' title='bbox 1710 4851 1862 4912; x_wconf 90' lang='lat' dir='ltr'>nulli</span> <span class='ocrx_word' id='word_1_404' title='bbox 1898 4870 2115 4912; x_wconf 89' lang='lat' dir='ltr'>eorum</span> <span class='ocrx_word' id='word_1_405' title='bbox 2152 4872 2415 4932; x_wconf 83' lang='lat' dir='ltr'>quoquo</span> <span class='ocrx_word' id='word_1_406' title='bbox 2451 4854 2641 4913; x_wconf 87' lang='lat' dir='ltr'>modo</span> <span class='ocrx_word' id='word_1_407' title='bbox 2674 4851 2874 4929; x_wconf 90' lang='lat' dir='ltr'>licere,</span> <span class='ocrx_word' id='word_1_408' title='bbox 2912 4855 3079 4933; x_wconf 83' lang='lat' dir='ltr'>haee,</span> 
     </span>
     <span class='ocr_line' id='line_1_48' title="bbox 465 4956 3079 5039; baseline 0.002 -22"><span class='ocrx_word' id='word_1_409' title='bbox 465 4977 621 5036; x_wconf 90' lang='lat' dir='ltr'>quae</span> <span class='ocrx_word' id='word_1_410' title='bbox 667 4978 700 5017; x_wconf 84' lang='lat' dir='ltr'>a</span> <span class='ocrx_word' id='word_1_411' title='bbox 748 4957 928 5019; x_wconf 88' lang='lat' dir='ltr'>nobis</span> <span class='ocrx_word' id='word_1_412' title='bbox 976 4956 1269 5039; x_wconf 83' lang='lat' dir='ltr'>imperiali</span> <span class='ocrx_word' id='word_1_413' title='bbox 1318 4960 1634 5020; x_wconf 87' lang='lat' dir='ltr'>sanctione</span> <span class='ocrx_word' id='word_1_414' title='bbox 1685 4975 2103 5020; x_wconf 86' lang='lat' dir='ltr'>sacrosanctae</span> <span class='ocrx_word' id='word_1_415' title='bbox 2139 4959 2457 5021; x_wconf 87' lang='lat' dir='ltr'>Romanae</span> <span class='ocrx_word' id='word_1_416' title='bbox 2499 4960 2785 5021; x_wconf 89' lang='lat' dir='ltr'>ecclesiae</span> <span class='ocrx_word' id='word_1_417' title='bbox 2819 4959 2915 5020; x_wconf 88' lang='lat' dir='ltr'>vel</span> <span class='ocrx_word' id='word_1_418' title='bbox 2947 4960 3079 5022; x_wconf 90' lang='lat' dir='ltr'>eius</span> 
     </span>
    </p>
   </div>
  </div>
 </body>
</html>
