3684 5416
546 1577 593 1608 to

546 2111 590 2155 ¹5

540 2664 594 2695 20

538 3196 588 3241 ²⁵

540 3749 592 3791 ἰο

537 4281 589 4326 35

538 4824 594 4864 40

654 319 751 376 118

1275 320 1538 376 Potestas
1578 318 1972 376 Ecclesiastica
2012 333 2068 375 et
2104 320 2405 391 imperium
2443 313 2628 380 civile.'

647 502 856 578 τάτας
900 499 1262 579 ἐκκλησίας
1305 501 1416 562 καὶ
1448 498 1612 579 τοὺς
1641 499 1923 578 λοιποὺς
1948 511 1952 551 ³
1978 504 2353 566 venerabiles
2374 506 2598 567 domos
2619 505 3063 586 pertinentibus
3083 526 3257 586 prae-

1948 563 1953 625 Ι

647 607 1067 694 σεβασμίους
1128 606 1363 684 οἴκους
1426 604 1743 685 ὁρώντων
1803 606 1951 670 τὸν
1978 627 2215 673 sentem
2251 612 2625 692 proterimus
2659 611 2879 690 legem.

644 713 953 793 παρόντα
981 714 1191 797 νόμον
1223 715 1675 797 προφέρομεν.

733 915 775 976 l.
826 909 1248 992 Θεσπίζομεν
1292 909 1534 984 τοίνυν,
1580 910 1767 984 τάξιν
1813 908 1920 972 νό-

645 1038 783 1100 μων
815 1018 1073 1097 ἐπέχειν
1104 1015 1267 1094 τοὺς
1297 1016 1537 1094 ἁγίους
1576 1018 1925 1094 ἐκκλησια-

645 1123 923 1202 στικοὺς
935 1123 1238 1199 κανόνας
1252 1122 1415 1201 τοὺς
1430 1123 1560 1185 ὑπὸ
1572 1124 1702 1186 τῶν
1714 1120 1925 1201 ἁγίων

645 1232 1003 1309 τεσσάρων
1064 1229 1376 1292 συνόδων
1425 1230 1825 1307 ἐκτεθέντας
1882 1229 1922 1308 ἢ

651 1338 1174 1422 βεβαιωθέντας,
1225 1337 1526 1400 τουτέστι
1557 1339 1676 1416 τῆς
1710 1339 1783 1398 ἐν
1816 1337 1873 1398 N
1881 1357 1921 1398 ι-

645 1443 809 1524 καίᾳ
852 1445 984 1507 τῶν
1014 1441 1136 1523 τιη’
1164 1444 1276 1506 καὶ
1310 1445 1431 1524 τῆς
1462 1447 1535 1506 ἐν
1567 1444 1922 1506 Κωνσταν-

645 1550 1022 1616 τινουπόλει
1068 1552 1198 1613 τῶν
1236 1549 1445 1628 ἁγίων
1477 1547 1576 1628 ρν’
1612 1550 1925 1628 πατέρων

609 1658 757 1721 ·καὶ
808 1661 928 1737 τῆς
976 1661 1051 1720 ἐν
1104 1657 1371 1740 Ἐφέσῳ
1421 1654 1709 1737 πρώτης,
1759 1659 1832 1719 ἐν
1883 1653 1925 1737 ᾖ

649 1764 1030 1843 Νεστόριος
1078 1762 1463 1843 κατεκρίθη,
1518 1764 1630 1826 καὶ
1681 1766 1801 1841 τῆς
1852 1764 1926 1826 ἐν

648 1870 1058 1952 Καλχηδόνι,
1104 1872 1258 1934 καθ’
1297 1870 1379 1950 ἣν
1410 1871 1714 1950 Εὐτυχὴς
1759 1872 1925 1953 μετὰ

649 1981 707 2042 Ν
715 1978 1031 2057 εστορίου
1065 1977 1581 2061 ἁνεθεματίσθη.
1627 1980 1757 2041 τῶν
1787 1979 1924 2058 γὰρ

646 2086 1150 2167 προειρημένων
1171 2084 1380 2165 ἁγίων
1401 2082 1463 2146 δ’
1482 2084 1795 2147 συνόδων
1812 2085 1924 2147 καὶ

647 2194 732 2255 τὰ
751 2191 1064 2276 δόγματα
1080 2193 1396 2270 καθάπερ
1417 2192 1539 2270 τὰς
1557 2191 1751 2270 θείας
1765 2212 1924 2272 γρα-

647 2301 785 2382 φὰς
805 2299 1150 2382 δεχόμεθα
1177 2298 1289 2361 καὶ
1311 2296 1472 2377 τοὺς
1498 2298 1801 2375 κανόνας
1832 2298 1928 2377 ὡς

644 2406 899 2489 νόμους
930 2407 1370 2488 φυλάττομεν.

736 2535 801 2594 11.
832 2530 968 2593 Καὶ
1001 2528 1118 2591 διὰ
1148 2532 1350 2592 τοῦτο
1369 2529 1790 2611 θεσπίζομεν,
1811 2549 1924 2590 κα·

646 2638 730 2700 τὰ
774 2636 937 2716 τοὺς
982 2637 1205 2700 αὐτῶν
1250 2636 1466 2715 ὅρους
1498 2635 1616 2699 τὸν
1646 2634 1924 2717 ἁγιώτα-

646 2766 765 2807 τον
784 2748 902 2822 τῆς
921 2743 1396 2829 πρεσβυτέρας
1419 2740 1676 2826 Ῥώμης
1696 2745 1926 2807 πάπαν

645 2853 913 2929 πρῶτον
964 2850 1132 2913 εἶναι
1179 2851 1443 2913 πάντων
1489 2851 1618 2912 τῶν
1664 2849 1921 2926 ἱερέων,

645 2957 764 3020 τὸν
815 2956 896 3020 δὲ
944 2955 1456 3039 μακαριώτατον
1507 2956 1923 3037 ἀρχιεπίσκο·

646 3086 773 3128 πον
806 3064 1579 3141 Κωνσταντινουπόλεος
1611 3068 1731 3143 τῆς
1760 3065 1927 3143 νέας

646 3169 903 3254 Ῥώμης
922 3171 1254 3250 δευτέραν
1272 3173 1458 3246 τάξιν
1479 3173 1736 3251 ἐπέχειν
1758 3172 1925 3254 μετὰ

646 3279 765 3342 τὸν
798 3277 1173 3357 ἁγιώτατον
1193 3279 1648 3342 ἀποστολικὸν
1667 3278 1924 3357 θρόνον

645 3390 767 3467 τῆς
814 3388 1290 3470 πρεσβυτέρας
1339 3385 1613 3468 Ῥώμης,
1663 3387 1794 3448 τῶν
1844 3383 1925 3448 δὲ

647 3495 870 3558 ἄλλων
900 3496 1166 3558 πάντων
1197 3494 1664 3574 προτιμᾶσθαι.

735 3625 825 3685 111.
858 3620 1001 3684 Τὸν
1033 3619 1114 3683 δὲ
1134 3620 1311 3682 κατὰ
1328 3618 1571 3697 καιρὸν
1592 3614 1922 3700 μακαριώ·

646 3749 849 3791 τατον
898 3726 1423 3806 ἁρχιεπίσκοπον
1471 3727 1592 3804 τῆς
1633 3721 1926 3803 Πρώτης

645 3834 1122 3913 Ἰουστινιανῆς
1167 3836 1288 3912 τῆς
1331 3833 1665 3914 ἡμετέρας
1702 3831 1926 3910 πατρί-

646 3941 772 4019 δος
821 3941 995 4020 ἔχειν
1042 3940 1146 4003 ἀεὶ
1195 3939 1326 4003 ὑπὸ
1372 3939 1492 4018 τὴν
1537 3937 1793 4002 οἰκείαν
1837 3937 1925 4000 δι-

645 4047 1051 4110 καιοδοσίαν
1111 4046 1272 4124 τοὺς
1336 4046 1747 4124 ἐπισκόπους
1794 4047 1927 4108 τῶν

646 4155 980 4233 ἐπαρχιῶν
1014 4156 1250 4229 θερίας
1283 4158 1778 4231 mediterraneae,
1809 4152 1925 4215 καὶ

650 4263 885 4338 Daciae
945 4263 1292 4345 τὶρειιείας,
1370 4264 1749 4337 praevalet-aq
1807 4260 1922 4321 καὶ

647 4370 1006 4444 Dardaniae
1050 4370 1162 4428 καὶ
1210 4364 1482 4443 Μυσίας
1526 4369 1646 4445 τῆς
1682 4367 1922 4429 ἀνωτέ-

647 4495 779 4553 ρας
809 4474 920 4536 καὶ
944 4472 1353 4549 Παννονίας,
1385 4471 1497 4533 καὶ
1526 4472 1682 4550 παρ’
1710 4473 1926 4535 αὐτοῦ

645 4578 931 4658 τούτους
980 4579 1531 4659 χειροτονεῖσθαι,
1584 4578 1794 4641 αὐτὸν
1844 4576 1926 4640 δὲ

644 4688 775 4751 ὑπὸ
821 4690 940 4766 τῆς
984 4686 1242 4763 οἰκείας
1287 4684 1590 4748 συνόδου
1631 4705 1923 4764 χειροτο-

643 4795 926 4869 νεῖσθαι,
958 4794 1070 4856 καὶ
1105 4795 1179 4857 ἐν
1210 4790 1450 4870 αὑταῖς
1480 4796 1627 4870 ταῖς
1662 4791 1922 4855 ὑποκει-

644 4902 874 4984 μέναις
923 4901 1104 4981 αὐτῷ
1152 4898 1502 4977 ἐπαρχίαις
1546 4898 1664 4961 τὸν
1712 4897 1923 4961 τόπον

1948 1627 1958 2201 ι

2065 913 2105 974 1.
2185 912 2511 975 Sancimus
2557 913 2741 993 igitur
2790 913 2983 974 vicem
3046 913 3254 993 legum

1978 1019 2256 1081 obtinere
2290 1036 2526 1082 sanctas
2546 1020 2973 1081 ecclesiasticas
2995 1020 3253 1100 regulas,

1980 1145 2137 1207 quae
2184 1147 2218 1188 a
2263 1127 2488 1189 sanctis
2520 1142 2815 1208 quattuor
2847 1128 3120 1188 conciliis
3153 1147 3256 1187 ex-

1981 1234 2213 1313 positae
2263 1248 2409 1295 sunt
2442 1250 2545 1294 aut
2578 1232 2873 1309 firmatae5
2922 1234 3041 1295 hoc
3072 1250 3160 1296 est
3192 1234 3259 1295 in

1981 1340 2248 1401 Nicaena
2296 1357 2706 1402 trecentorum
2752 1341 2963 1401 decem
3013 1357 3073 1402 et
3117 1357 3257 1402 octo

1980 1463 2038 1508 et
2076 1447 2137 1508 in
2172 1447 2858 1528 Constantinopolitana
2902 1464 3254 1510 sanctorum

1981 1569 2231 1614 centum
2284 1553 2737 1634 quinquaginta
2790 1569 3036 1636 patrum
3088 1569 3145 1614 et
3194 1553 3254 1614 in

1982 1660 2232 1740 Epheso
2268 1660 2486 1732 Prima,
2535 1659 2596 1720 in
2646 1679 2774 1741 quo
2810 1660 3130 1722 Nestorius
3168 1674 3258 1722 est

1982 1766 2329 1843 damnatuS,
2377 1784 2434 1828 et
2480 1766 2546 1828 in
2596 1767 2966 1842 Calcedone‚
3017 1767 3083 1829 in
3126 1786 3257 1848 quo

1983 1873 2276 1953 Eutychis
2310 1892 2451 1933 cum
2488 1874 2752 1933 Nesorio
2787 1873 3254 1934 anathematiza-

1981 1994 2080 2043 tus
2112 1996 2220 2041 est.
2277 1979 2729 2041 Praedictarum
2764 1979 2930 2041 enim
2965 1995 3258 2060 quattuor

1981 2087 2372 2168 synodorum
2431 2087 2720 2166 dogmata
2788 2086 2947 2148 sicut
3022 2103 3258 2148 sanctas

1982 2193 2308 2275 scripturas
2353 2193 2690 2276 accipimus
2735 2209 2794 2255 et
2831 2193 3072 2273 regulas
3103 2194 3256 2255 sicut

1979 2299 2145 2383 leges
2177 2320 2511 2363 servamus,

2071 2530 2139 2592 11.
2203 2531 2474 2611 Ideoque
2535 2530 2851 2592 sancimus
2910 2532 3255 2594 secundum

1982 2657 2193 2699 earum
2239 2637 2628 2699 definitiones
2673 2637 3129 2699 sanctissimum
3161 2658 3257 2699 se-

1979 2745 2168 2807 nioris
2186 2745 2421 2806 Romae
2440 2765 2658 2827 papam
2683 2745 2954 2825 primum
2971 2764 3104 2807 esse
3120 2764 3254 2807 om—

1982 2851 2160 2913 nium
2182 2854 2592 2930 sacerdotum,
2611 2851 3031 2914 beatissimum
3051 2866 3256 2914 autem

1981 2958 2517 3041 archiepiscopum
2624 2957 3256 3040 Constantinopoleos

1983 3066 2195 3126 Novae
2232 3066 2468 3126 Romae
2514 3067 2863 3126 secundum
2910 3066 3131 3126 habere
3163 3065 3255 3127 lo-

1982 3192 2124 3233 cum
2161 3189 2298 3254 post
2330 3188 2602 3233 sanctam
2625 3172 3026 3253 apostolicam
3045 3174 3254 3234 sedem

1981 3278 2241 3340 senioris
2276 3277 2529 3355 Romae,
2562 3278 2692 3340 aliis
2726 3295 2931 3340 autem
2967 3280 3257 3340 omnibus

1980 3386 2231 3447 sedibus
2265 3400 2694 3467 praeponatur.

2071 3618 2165 3679 111.
2202 3617 2315 3678 Per
2343 3633 2586 3697 tempus
2606 3632 2812 3678 autem
2835 3618 3256 3678 beatissimum

1981 3724 2510 3806 archiepiscopum
2579 3725 2816 3786 Primae
2892 3724 3255 3786 Iustinianae

1984 3848 2225 3894 nostrae
2259 3831 2482 3913 patriae
2504 3833 2728 3893 habere
2747 3849 2991 3913 semper
3013 3833 3128 3893 sub
3148 3850 3254 3892 sua

1981 3939 2395 4000 iurisdictione
2443 3939 2770 4020 episcopos
2802 3937 3257 4019 provinciarum

1983 4046 2203 4108 Daciae
2225 4046 2705 4106 mediterraneae
2729 4061 2788 4106 et
2812 4045 3031 4106 Daciae
3053 4044 3253 4126 ripen-

1982 4154 2083 4231 εἰς,
2134 4153 2382 4214 Privalis
2429 4167 2487 4213 et
2535 4152 2874 4213 Dardaniae
2920 4168 2978 4213 et
3026 4150 3255 4233 Mysiae

1981 4260 2319 4341 superioris
2352 4276 2535 4339 atque
2571 4259 2949 4336 Pannoniae,
2986 4274 3042 4318 et
3074 4260 3149 4318 ab
3181 4276 3254 4317 eo

1983 4368 2102 4428 hos
2148 4366 2436 4442 ordinari,
2481 4365 2688 4447 ipsum
2734 4383 2881 4425 vero
2928 4385 2961 4425 a
3008 4363 3257 4446 proprio

1983 4473 2249 4534 ordinari
2301 4472 2586 4549 concili0,
2635 4490 2693 4532 et
2730 4470 2795 4532 in
2829 4471 3115 4534 subiectis
3146 4470 3257 4532 sibi

1982 4580 2311 4662 provinciis
2356 4579 2571 4641 locum
2604 4578 2882 4640 obtinere
2915 4595 3063 4639 eum
3096 4577 3258 4639 sedis

1982 4688 2349 4769 apostolicae
2371 4686 2607 4747 Romae
2640 4685 2991 4746 secundum
3010 4704 3079 4745 ea
3100 4702 3258 4766 quae

1981 4792 2227 4855 definita
2273 4809 2419 4856 sunt
2464 4814 2496 4854 a
2543 4791 2930 4854 sanctissimo
2963 4811 3119 4874 papa
3152 4791 3259 4852 Vi-

1983 4901 2150 4982 gilio.
