3684 5416
1375 391 1621 447 Ecclesia
1652 391 2063 464 antiquissima.
2961 405 3029 462 39

418 576 837 638 necessitatem
883 575 1151 655 collegas
1196 596 1344 637 suos
1388 575 1591 655 adigit,
1644 576 1902 656 quando
1948 575 2167 636 habeat
2199 574 2407 636 omnis
2439 573 2768 655 episcopus
2801 593 2914 654 pro
2945 572 3020 633 li·-

416 684 610 746 centia
654 684 943 745 libertatis
988 700 1047 745 et
1091 684 1403 765 potestatis
1449 704 1595 746 suae
1643 684 1962 746 arbitrium
2009 683 2333 765 proprium
2380 700 2630 763 tamque
2664 680 2918 743 iudicari
2951 683 3027 741 ab

415 792 536 853 alio
570 810 698 853 non
730 789 941 871 possit,
974 809 1164 870 quam
1198 810 1315 869 nec
1344 791 1474 872 ipse
1507 791 1695 873 possit
1728 791 1988 852 alterum
2024 790 2312 852 iudicare.
2340 792 2447 851 sed
2471 806 2862 872 expectemus
2885 789 3025 851 univ-

417 901 575 962 uersi
610 900 909 965 iudicium
938 900 1195 962 Domini
1229 900 1419 961 nostri
1453 900 1587 961 lesu
1609 900 1839 962 Christi
1874 900 1981 980 qui
2005 919 2168 960 unus
2193 915 2253 960 et
2272 899 2446 960 solus
2466 900 2645 960 habet
2667 915 3025 980 potestatem

416 1025 473 1070 et
520 1007 940 1089 praeponendi
986 1027 1100 1069 nos
1147 1007 1209 1079 in
1256 1007 1542 1069 ecclesiae
1588 1027 1735 1069 suae
1766 1006 2216 1088 gubernatione
2248 1022 2306 1067 et
2338 1007 2412 1067 de
2447 1023 2585 1067 actu
2618 1023 2834 1068 nostro
2866 1007 3026 1069 iudi-

415 1118 609 1179 candi.
675 1116 733 1197 [l.
765 1137 815 1180 c.
848 1118 886 1179 l.
920 1137 1057 1199 pag.
1092 1137 1174 1197 43
1190 1115 1485 1197 5—436.]

1431 1291 1498 1372 c)
1564 1293 2003 1373 Epistulae.

624 1436 745 1520 Ep.
788 1459 886 1519 33.
947 1437 987 1501 1.
1020 1436 1334 1499 Dominus
1378 1452 1604 1512 noster,
1653 1437 1833 1498 cuius
1881 1452 2200 1518 praecepta
2249 1452 2520 1497 metuere
2554 1454 2612 1498 et
2642 1455 2885 1499 seruare
2919 1438 3025 1498 de·-

413 1549 653 1623 bemus‚
699 1545 973 1627 episcopi
1022 1547 1327 1606 honorem
1375 1560 1433 1605 et
1478 1543 1764 1607 ecclesiae
1810 1563 1959 1605 suae
1990 1543 2291 1607 rationem
2325 1544 2683 1625 disponens,
2719 1544 2780 1605 in
2816 1545 3027 1605 Euan-

309 1674 359 1705 ιο
413 1652 578 1731 gelio
611 1651 890 1733 loquitur
921 1668 980 1713 et
1011 1650 1158 1712 dicit
1194 1651 1399 1713 Petro:
1431 1672 1542 1731 ego
1576 1651 1697 1712 tibi
1725 1651 1864 1713 dico
1895 1654 2043 1733 quia
2075 1659 2140 1713 tu
2172 1672 2234 1713 es
2258 1652 2507 1725 Petrus,
2538 1659 2599 1712 et
2626 1661 2809 1733 super
2841 1654 3026 1713 istam

308 2211 354 2254 ¹5

297 2747 353 2779 20

297 3281 350 3324 25

296 3816 355 3860 30

397 1765 647 1840 petram
692 1757 1037 1839 aedg‘ficabo
1073 1756 1393 1818 ecclesiam
1429 1777 1649 1831 meam,
1681 1763 1743 1817 et
1764 1764 1985 1838 portae
2017 1759 2355 1836 inferorum
2395 1778 2516 1818 non
2564 1761 2815 1819 uincent
2858 1780 2986 1820 eam
3001 1782 3027 1819 .·

412 1871 472 1925 εἰ
520 1865 640 1926 tibi
685 1864 841 1925 dabo
889 1865 1097 1926 claues
1148 1867 1332 1945 regni
1373 1863 1707 1938 caelorum,
1764 1870 1826 1925 et
1853 1885 2008 1946 quae
2039 1864 2342 1945 ligaueris
2369 1873 2554 1946 super
2584 1871 2812 1928 terram
2846 1872 3028 1928 erunt

413 1973 612 2053 ligata
657 1980 719 2034 et
761 1975 828 2034 in
860 1973 1074 2046 coelis,
1120 1980 1182 2033 et
1209 1993 1619 2054 quaecumque
1649 1972 1916 2033 solueris
1947 1979 2130 2053 super
2162 1977 2391 2032 terram
2426 1979 2608 2032 erunt
2634 1973 2834 2033 soluta
2868 1980 2928 2033 et
2958 1976 3023 2035 in

413 2080 602 2141 caelis
653 2077 897 2159 [Matth.
956 2079 1115 2156 xvi,
1170 2081 1263 2155 18,
1324 2076 1436 2157 19].
1501 2077 1648 2139 Inde
1696 2097 1806 2160 per
1853 2093 2209 2157 temporum
2256 2094 2312 2138 et
2344 2079 2810 2139 successionum
2858 2080 3024 2141 uices

416 2187 859 2268 episcoporum
914 2186 1225 2263 ordinatio
1271 2202 1329 2246 et
1375 2185 1660 2247 ecclesiae
1706 2184 1859 2247 ratio
1908 2184 2189 2259 decurrit,
2247 2199 2316 2244 ut
2362 2184 2612 2245 ecclesia
2663 2205 2847 2266 super
2895 2186 3025 2267 epi-

411 2311 637 2375 scopos
669 2293 1078 2356 constituatur
1109 2310 1166 2355 et
1197 2293 1404 2357 omnis
1436 2310 1606 2354 actus
1640 2291 1924 2353 ecclesiae
1958 2311 2066 2374 per
2097 2292 2349 2353 eosdem
2386 2292 2766 2373 praepositos
2796 2294 3024 2372 guber·-

412 2418 608 2462 netur.
687 2421 833 2463 cum
892 2403 1013 2463 hoc
1076 2401 1158 2463 ita
1217 2402 1427 2464 diuina
1473 2402 1607 2481 lege
1662 2400 1992 2462 fundatum
2040 2399 2134 2473 sit,
2203 2400 2394 2461 miror
2444 2399 2751 2480 quosdam
2802 2400 3019 2462 audaci

410 2509 744 2571 temeritate
790 2508 877 2569 sic
922 2509 1077 2570 mihi
1120 2509 1380 2570 scribere
1424 2508 1695 2570 uoluisse
1723 2522 1813 2575 ,ut
1865 2507 2151 2568 ecclesiae
2187 2506 2442 2569 nomine
2476 2506 2702 2567 litteras
2736 2506 3021 2587 facerent,

412 2617 666 2697 quando
698 2614 948 2677 ecclesia
982 2616 1047 2675 in
1079 2614 1372 2696 episcopo
1406 2630 1463 2675 et
1491 2613 1655 2675 clero
1693 2629 1752 2675 et
1787 2612 1852 2673 in
1891 2613 2186 2674 omnibus
2224 2612 2523 2673 stantibus
2561 2613 2637 2674 sit
2676 2613 3023 2675 constituta.

411 2725 565 2785 absit
612 2724 781 2786 enim
827 2744 941 2786 nec
976 2724 1228 2786 Domini
1264 2723 1677 2788 misericordia
1710 2739 1769 2785 et
1800 2737 2066 2806 potestas
2098 2723 2231 2785 eius
2264 2723 2491 2785 inuicta
2525 2722 2789 2804 patiatur
2823 2737 2889 2783 ut
2923 2741 3021 2782 ec—

411 2831 592 2893 clesia
624 2851 754 2892 esse
788 2832 1026 2893 dicatur
1058 2832 1375 2913 lapsorum
1409 2850 1729 2907 numeruS,
1766 2850 1911 2891 cum
1934 2831 2227 2911 scriptum
2262 2831 2370 2892 sit:
2406 2831 2583 2892 Deus
2604 2852 2722 2892 non
2746 2836 2839 2891 est
2855 2850 3024 2891 mor-

411 2944 678 3013 tuorum,
709 2940 822 3000 sed
848 2941 1132 3000 uiuorum
1168 2936 1412 3018 [Matth.
1446 2937 1629 3013 XXII,
1666 2935 1787 3018 321.
1833 2957 2057 2999 omnes
2091 2938 2343 3017 quidem
2380 2938 2679 2999 uiuificari
2714 2952 3023 3017 optamus,

412 3060 470 3105 et
504 3060 571 3105 ut
604 3044 668 3105 in
701 3060 928 3105 statum
962 3045 1287 3125 pristinum
1324 3044 1724 3106 restituantur
1757 3045 2043 3126 precibus
2077 3045 2298 3106 nostris
2319 3061 2377 3106 et
2396 3045 2731 3124 gemitibus
2752 3063 3021 3108 oramuS.

411 3151 459 3213 si
513 3166 723 3214 autem
775 3152 1029 3232 quidam
1078 3151 1232 3233 lapsi
1262 3151 1579 3213 ecclesiam
1625 3172 1689 3212 se
1734 3151 1957 3214 uolunt
2003 3172 2154 3227 esse,
2186 3167 2243 3213 et
2276 3153 2326 3213 si
2357 3152 2521 3233 apud
2556 3151 2696 3213 illos
2742 3168 2925 3230 atque
2958 3150 3023 3211 in

411 3259 529 3319 illis
578 3273 670 3318 est
718 3258 988 3335 ecclesia,
1039 3258 1190 3338 quid
1240 3274 1517 3339 superest
1568 3278 1755 3340 quam
1805 3274 1874 3320 ut
1919 3260 2029 3340 ipsi
2081 3277 2374 3336 rogentur
2414 3279 2448 3319 a
2483 3259 2663 3320 nobis
2696 3274 2762 3318 ut
2797 3278 2912 3319 nos
2945 3258 3021 3318 ad

410 3363 724 3426 ecclesiam
780 3347 1112 3446 dignentur
1155 3365 1511 3426 admittere?
1558 3366 1927 3428 summissos
1973 3386 2121 3446 ergo
2167 3382 2224 3427 et
2270 3366 2514 3446 quietos
2546 3380 2603 3425 et
2637 3365 3027 3426 uerecundos

411 3492 540 3532 esse
574 3487 815 3554 oportet
848 3493 956 3534 eos
988 3472 1098 3553 qui
1130 3471 1329 3533 delicti
1350 3472 1447 3533 sui
1469 3492 1778 3535 memores
1798 3472 2137 3534 satisfacere
2160 3473 2297 3534 Deo
2317 3473 2564 3548 debent,
2587 3491 2699 3533 nec
2722 3472 3023 3532 Ecclesiae

414 3580 668 3641 nomine
703 3579 926 3641 litteras
960 3579 1174 3656 facere,
1209 3598 1356 3640 cum
1388 3599 1451 3640 se
1486 3580 1681 3660 magis
1713 3581 1909 3641 sciant
1942 3581 2230 3641 ecclesiae
2263 3579 2540 3640 scribere.

626 3687 693 3748 11.
748 3686 1137 3768 Scripserunt
1180 3702 1389 3748 autem
1440 3687 1593 3748 mihi
1643 3687 1899 3767 quidam
1952 3689 2029 3749 de
2079 3687 2261 3768 lapsis
2312 3687 2579 3748 humiles
2629 3701 2687 3746 et
2739 3686 2917 3747 mites
2966 3702 3022 3747 et

408 3808 740 3855 trementes
784 3808 843 3854 et
889 3808 1227 3860 metuentes
1260 3794 1467 3854 Deum
1504 3809 1562 3854 et
1607 3794 1714 3875 qui
1766 3794 1827 3854 in
1861 3794 2129 3855 ecclesiis
2159 3813 2402 3874 semper
2437 3792 2705 3872 gloriose
2741 3810 2798 3853 et
2835 3812 3019 3873 gran-

411 3900 564 3961 diter
596 3901 827 3982 operati
860 3917 1006 3961 sunt
1052 3915 1112 3961 et
1157 3920 1319 3982 opus
1351 3921 1537 3962 suum
1569 3921 1920 3982 numquam
1959 3901 2234 3963 Domino
2267 3902 2727 3982 inputauerunt‚
2764 3900 3022 3961 scientes

414 4007 589 4068 illum
622 4007 877 4070 dixisse:
929 4016 990 4069 et
1017 4028 1153 4069 cum
1185 4007 1660 4085 haecfeceritiS,
1694 4010 1923 4070 dicite:
1967 4011 2139 4070 serui
2165 4009 2537 4090 superuacui
2562 4023 2818 4080 sumus',·
2863 4009 3024 4088 quod

411 4115 730 4176 debuimus
740 4117 988 4194 facere,
1014 4117 1288 4194 fecimus
1340 4114 1497 4194 [Luc.
1540 4117 1686 4179 Xlll.
1731 4115 1849 4196 to].
1915 4136 2075 4197 quae
2123 4115 2206 4177 illi
2251 4117 2606 4196 cogitanteS,
2642 4131 2700 4176 et
2733 4115 3023 4194 quamuis

411 4221 620 4283 libello
651 4243 684 4283 a
719 4223 1089 4303 martyribus
1121 4240 1389 4304 accepto,
1439 4240 1504 4284 ut
1539 4239 1744 4284 tamen
1777 4224 1854 4284 ad
1892 4223 2233 4283 Dominum
2269 4223 2593 4284 satisfactio
2627 4223 2754 4304 ipsa
2787 4221 3021 4283 admitti

333 4350 352 4382 ς
413 4329 623 4409 possit,
669 4345 913 4390 orantes
959 4329 1331 4411 scripserunt
1363 4331 1518 4392 mihi
1552 4350 1615 4391 se
1648 4331 1939 4392 delictum
1976 4350 2164 4391 suum
2205 4349 2576 4410 cognoscere
2611 4345 2670 4391 et
2702 4328 3022 4410 paeniten—

411 4435 561 4498 tiam
594 4455 807 4498 ueram
853 4457 1051 4516 agere,
1101 4456 1214 4499 nec
1245 4438 1322 4498 ad
1356 4457 1570 4519 pacem
1602 4454 1829 4500 temere
1864 4452 1969 4498 aut
2001 4438 2338 4519 inportune
2373 4456 2717 4518 properare,
2769 4437 2873 4496 sed
2911 4456 3013 4495 ex-

412 4559 680 4625 spectare
713 4544 1119 4626 praesentiam
1157 4560 1449 4618 nostram,
1483 4546 1755 4606 dicentes
1788 4563 2002 4625 pacem
2035 4563 2293 4624 quoque
2327 4543 2542 4623 ipsam,
2585 4543 2634 4603 si
2668 4561 2804 4603 eam
2840 4541 3021 4602 nobis

413 4650 835 4732 praesentibus
879 4651 1240 4732 acceperint,
1286 4650 1625 4713 dulciorem
1676 4651 1791 4712 sibi
1839 4651 2133 4714 futuram.
2197 4652 2427 4732 quibus
2474 4665 2781 4731 quantum
2811 4666 3019 4730 gratu·-

410 4757 569 4819 latus
614 4757 733 4819 sim
769 4758 1080 4822 Dominus
1127 4757 1294 4818 testis
1341 4773 1448 4834 est,
1498 4758 1606 4838 qui
1639 4758 1928 4837 dignatus
1963 4774 2051 4819 est
2082 4760 2402 4820 ostendere
2436 4759 2588 4838 quid
2622 4757 2928 4819 eiusmodi
2963 4774 3021 4818 et

298 4887 357 4928 ⁴0
413 4864 561 4925 tales
592 4864 753 4925 serui
787 4865 863 4925 de
897 4864 1031 4925 eius
1070 4864 1336 4925 bonitate
1379 4880 1746 4926 mereantur.
1779 4883 1933 4943 quas
1973 4863 2199 4925 litteras
2238 4884 2377 4924 cum
2422 4883 2620 4944 nuper
2656 4862 3017 4942 acceperim,

413 4985 471 5030 et
525 4990 691 5032 nunc
739 4970 906 5032 aliud
955 4971 1266 5052 scripsisse
1315 4991 1430 5033 uos
1476 4971 1750 5051 legerim,
1796 4987 1941 5052 peto
1987 4971 2339 5033 discernatis
2373 4970 2671 5032 desideria
2706 4983 2927 5045 uestra,
2963 4984 3022 5029 et
