3684 5416
354 1545 409 1578 10

354 2170 405 2214 ¹5

1460 369 1729 424 Pontifex
1770 385 2061 423 romanus.
2974 387 3041 438 42
3052 388 3078 439 5

462 556 674 636 incipit
697 578 723 610 <‹
737 554 987 616 Felicis»
1013 555 1432 628 continentur,
1449 553 1691 632 illisque
1713 551 2106 612 effectualiter
2126 552 2440 632 puniatur.
2458 552 2664 614 civitas
2685 571 2849 630 ver0,
2870 552 3081 613 etiam-

459 663 508 722 si
542 662 716 742 quod
750 663 906 723 absit
938 664 1085 722 urbs
1109 662 1390 723 Romana
1428 660 1604 721 fuerit
1636 680 1744 720 seu
1780 659 1894 719 alia
1927 660 2180 739 quaevis
2215 658 2591 737 universitas,
2627 679 2784 740 quae
2819 659 2956 720 talia
2991 659 3079 719 fa-

460 770 642 830 cienti
696 768 1028 830 consilium
1061 768 1159 829 vel
1190 767 1489 829 auxilium
1523 766 1758 828 dederit
1790 781 1895 826 aut
1929 765 2204 828 favorem
2237 766 2329 828 vel
2365 766 2515 827 infra
2552 786 2830 827 mensem
2864 766 3083 826 saltem

463 878 657 938 taliter
703 876 1193 956 delinquentem,
1244 892 1424 956 prout
1472 875 1620 935 tanti
1656 873 1943 935 facinoris
1978 874 2314 935 enormitas
2348 874 2611 955 exegerit
2645 891 2701 935 et
2736 874 2986 935 facultas
3021 873 3072 934 ei

462 983 720 1060 affuerit,
759 1002 889 1045 non
926 983 1166 1044 duxerit
1199 982 1615 1064 puniendum,
1663 1000 1739 1042 eo
1773 981 1915 1060 ipso
1948 980 2257 1057 subjaceat
2289 982 2697 1043 ecclesiastico
2733 981 3077 1041 interdicto.

464 1107 521 1151 et
552 1090 960 1152 nihilominus
993 1105 1230 1171 praeter
1268 1090 1492 1151 dictam
1527 1091 1744 1150 urbem
1780 1089 2117 1170 pontificali
2151 1107 2217 1150 ut
2250 1109 2436 1170 supra
2469 1089 2534 1150 fit
2568 1090 2803 1151 mentio
2837 1109 2912 1150 eo
2947 1089 3083 1170 ipso

462 1198 539 1258 sit
571 1197 863 1277 dignitate
900 1196 1131 1278 privata
1165 1216 1294 1258 non
1330 1197 1718 1258 obstantibus
1754 1196 2087 1278 privilegiis
2119 1197 2624 1277 quibuscunque.

674 1300 999 1365 Volumus
1046 1305 1317 1385 insuper,
1366 1305 1538 1383 quod
1586 1304 1649 1365 in
1700 1303 1819 1365 fine
1854 1304 2181 1380 cujuslibet
2213 1303 2455 1366 concilii
2488 1304 2789 1383 generalis
2823 1304 2944 1365 hoc
2977 1303 3082 1363 de-

463 1426 699 1471 cretum
732 1410 1091 1471 solemniter
1124 1410 1469 1490 publicetur
1501 1429 1746 1470 necnon
1781 1412 2290 1490 quandocunque
2325 1426 2382 1471 et
2416 1411 2777 1490 ubicunque
2815 1409 3080 1471 Romani

463 1516 770 1597 pontificis
818 1517 1035 1578 electio
1086 1517 1432 1578 imminebit
1480 1516 1755 1577 facienda
1803 1532 1945 1577 ante
2003 1517 2347 1595 ingressum
2400 1516 2706 1577 conclavis
2757 1516 2993 1595 legatur
3026 1530 3084 1575 et

465 1624 706 1704 publice
742 1624 1075 1685 intimetur.

675 1820 762 1882 ΙΙΙ.
812 1820 913 1880 De
949 1823 1338 1901 professione
1364 1821 1671 1898 jacienda
1704 1829 1820 1901 per
1837 1829 2087 1900 papam.
2152 1818 2407 1894 Quanto
2443 1819 2768 1880 Romanus
2809 1817 3084 1898 pontifex

463 1926 854 1988 eminentiori
889 1927 1045 1988 inter
1078 1929 1366 1988 mortales
1400 1927 1681 2006 fungitur
1714 1941 2032 2007 potestate,
2066 1942 2310 1987 tantum
2343 1926 2703 1986 clarioribus
2735 1925 2942 2005 ipsum
2977 1924 3082 1984 de-

462 2049 555 2093 cet
593 2033 731 2093 fidei
765 2034 1026 2095 vinculis
1058 2051 1114 2095 et
1146 2051 1677 2096 sacramentorum
1725 2033 2278 2095 ecclesiasticorum
2314 2033 2712 2094 observandis
2743 2033 2960 2092 ritibus
2994 2030 3081 2091 al-

461 2139 653 2220 ligari.
692 2161 760 2201 ea
793 2157 1045 2222 propter
1078 2157 1145 2202 ut
1178 2142 1242 2203 in
1277 2141 1489 2203 futuro
1527 2142 1816 2202 Romano
1854 2140 2142 2221 pontifice
2177 2139 2241 2200 in
2274 2159 2420 2200 suae
2455 2139 2781 2200 creationis
2817 2139 3082 2218 primor-

460 2245 577 2306 diis
621 2247 918 2325 singulari
963 2250 1291 2329 splendore
1341 2249 1539 2310 luceat
1590 2249 1771 2330 plena
1821 2248 1992 2326 fides,
2039 2250 2364 2310 statuimus
2397 2265 2454 2309 et
2487 2248 2868 2322 ordinamus,
2902 2246 3075 2327 quod

463 2353 752 2436 deinceps
799 2356 1058 2436 quilibet
1092 2356 1156 2417 in
1191 2356 1555 2419 Romanum
1590 2357 1949 2439 pontificem
1986 2356 2307 2435 eligendus
2344 2371 2674 2434 antequam
2711 2374 2820 2414 sua
2855 2351 3074 2413 electio

410 2471 415 2476 '
465 2462 809 2539 publicetur
842 2470 1050 2524 coram
1083 2465 1209 2525 suis
1243 2465 1610 2526 electoribus
1645 2465 1889 2545 publice
1925 2464 2382 2526 confessionem
2417 2478 2474 2523 et
2509 2460 2952 2543 professionem
2988 2457 3074 2518 fa-

348 2713 409 2745 20

367 3248 421 3291 ²5

348 3785 408 3826 30

341 4318 404 4365 ⁴35

461 2567 573 2627 ciat
607 2568 760 2629 infra
797 2571 1083 2650 scriptas:

673 2677 747 2738 In
783 2680 1027 2739 nomine
1058 2687 1308 2740 sanctae
1341 2687 1401 2740 et
1430 2680 1784 2740 individuae
1817 2683 2142 2755 trinitatiS,
2164 2682 2373 2761 patris
2405 2685 2464 2740 et
2485 2679 2622 2753 filii
2639 2684 2698 2737 et
2713 2677 2974 2757 spiritns
2993 2694 3074 2749 s.,

459 2803 654 2843 amen.
700 2805 861 2844 anno
907 2808 945 2845 a
978 2807 1032 2846 n.
1069 2788 1125 2849 d.
1158 2786 1555 2849 MCCCCX
1569 2788 1694 2848 VII.
1729 2789 2067 2849 indictione
2100 2787 2173 2848 X.
2207 2794 2314 2849 etc.
2347 2809 2454 2867 ego
2489 2786 2566 2847 N.
2599 2786 2824 2845 electus
2867 2786 2931 2843 in
2955 2791 3082 2862 pa-

453 2900 599 2970 pam
647 2895 1050 2973 omnipotenti
1093 2896 1225 2968 de0,
1273 2896 1448 2974 cujus
1497 2895 1815 2956 ecclesiam
1852 2916 1960 2955 sno
1982 2896 2306 2976 praesidio
2340 2894 2666 2973 regendam
2700 2893 2995 2971 suscipio,
3029 2896 3088 2949 et

461 2997 513 3057 b.
554 2999 732 3059 Petro
763 3001 1172 3081 apostolorum
1192 3005 1484 3083 principi
1511 3004 1693 3062 corde
1723 3010 1782 3061 et
1810 3024 1916 3062 ore
1946 3004 2242 3081 confiteor
2274 3008 2333 3061 et
2352 3001 2656 3082 profiteor
2686 2999 2976 3080 quamdiu
3013 3000 3078 3057 in

460 3105 577 3166 hac
587 3108 833 3187 fragili
860 3112 987 3169 vita
1017 3113 1384 3171 constitutus
1397 3114 1589 3188 fitero
1623 3131 1715 3170 me
1726 3112 2017 3190 firmiter
2037 3112 2284 3171 credere
2304 3116 2366 3170 et
2383 3117 2584 3169 tenere
2602 3114 2874 3169 sanctam
2876 3108 3081 3186 fidem

460 3212 827 3273 catholicam
879 3217 1209 3276 secundum
1262 3218 1623 3277 traditiones
1674 3218 2092 3297 apostolorum
2135 3217 2523 3297 generalium
2575 3215 2975 3276 conciliorum
3030 3220 3090 3273 et

462 3320 725 3381 aliorum
777 3331 1125 3384 sanctornm
1163 3333 1441 3405 patrum,
1493 3329 1754 3386 maxime
1800 3332 1995 3385 autem
2050 3332 2398 3385 sanctorum
2468 3324 2624 3385 VIII.
2676 3324 3079 3384 conciliorum

462 3428 929 3503 universalium,
992 3432 1278 3491 videlicet
1323 3434 1528 3512 primi
1581 3432 1804 3490 Niceni
1863 3432 2120 3491 secundi
2170 3430 2849 3509 Constantinopolitani
2909 3432 3084 3489 tertii

462 3531 765 3613 Ephesini
805 3540 1015 3615 quarti
1045 3538 1568 3599 Chalcedonensis
1616 3541 1824 3619 quinti
1867 3545 1926 3597 et
1954 3541 2113 3598 sexti
2141 3540 2281 3596 item
2319 3536 2997 3617 Constantinopolitani
3025 3543 3085 3595 et

465 3642 712 3720 septimi
742 3645 884 3702 item
918 3644 1143 3705 Niceni
1170 3648 1372 3705 octavi
1400 3666 1634 3725 quoqne
1666 3644 2351 3725 Constantinopolitani
2380 3665 2608 3703 necnon
2645 3644 3081 3703 Lateranensis

463 3745 892 3826 Lugdunensis
940 3757 998 3809 et
1040 3751 1395 3811 Viennensis
1433 3752 1825 3830 generalium
1875 3754 2057 3811 etiam
2107 3750 2509 3810 conciliorum
2528 3772 2551 3808 .·
2600 3756 2659 3808 et
2690 3749 2863 3809 illam
2877 3750 3081 3827 fidem

465 3872 654 3933 usque
685 3856 770 3914 ad
798 3876 981 3916 unum
1016 3860 1249 3937 apicem
1286 3859 1718 3919 immutilatam
1754 3880 2000 3919 servare
2032 3865 2092 3918 et
2123 3878 2310 3937 usque
2342 3857 2427 3916 ad
2454 3859 2724 3915 animam
2747 3862 2805 3915 et
2820 3858 3081 3934 sangui-

463 3981 597 4020 nem
644 3964 1018 4041 confirmare
1063 3966 1384 4043 defensare
1432 3972 1494 4026 et
1521 3967 1895 4046 praedicare
1943 3969 2248 4045 ritumque
2286 3964 2530 4044 pariter
2560 3967 3079 4021 sacramentorum

460 4067 801 4129 catholicae
831 4071 1126 4131 ecclesiae
1156 4076 1448 4132 canonice
1482 4074 1774 4133 traditum
1809 4072 2153 4133 omnimodo
2161 4073 2464 4152 prosequi
2479 4077 2538 4129 et
2556 4069 2893 4130 observare.
2927 4067 3085 4128 hanc

460 4182 659 4235 autem
690 4180 1130 4255 confessionem
1165 4186 1225 4238 et
1242 4182 1687 4259 professionem
1712 4199 1903 4238 meam
1932 4189 2046 4260 per
2079 4180 2387 4239 notarium
2408 4178 2810 4237 scriniarium
2833 4176 2896 4235 S.
2919 4174 2993 4236 R.
3013 4174 3083 4235 E.

462 4304 555 4343 me
581 4283 843 4362 jubente
887 4288 1182 4366 scriptam
1215 4288 1483 4366 propria
1523 4306 1706 4345 manu
1741 4286 2089 4367 subscripsi
2117 4294 2177 4346 et
2208 4285 2327 4345 tibi
2355 4284 2757 4365 omnipotenti
2785 4284 2892 4343 deo
2914 4292 3084 4363 pura

463 4397 656 4450 mente
701 4398 761 4451 et
803 4392 1015 4451 devota
1061 4396 1437 4453 conscientia
1484 4403 1666 4473 super
1712 4393 1912 4453 altare
1944 4394 2017 4453 N.
2052 4395 2379 4453 sinceriter
2410 4392 2601 4473 offero
2635 4394 2698 4451 in
2719 4393 3083 4471 praesentia

462 4498 679 4559 talium
713 4521 786 4559 ac
818 4499 1052 4560 talium.
1116 4506 1315 4560 actum
1349 4507 1455 4561 etc.
1522 4499 1577 4578 [l.
1612 4520 1661 4561 c.
1703 4520 1841 4580 pag.
1888 4498 2270 4578 120—126.]
