3684 5416
490 1513 538 1544 (Ο

492 2049 534 2093 ¹5

486 2596 539 2626 ’.Ὀ

490 3130 538 3172 25

489 3664 541 3708 30

591 341 696 411 284
1228 343 1490 398 Potestas
1530 344 1908 399 ecclesiastica
1950 357 2005 398 et
2046 343 2348 415 imperium
2387 343 2561 399 civile.

590 541 949 608 componat,
996 526 1244 607 proviso
1294 526 1543 589 insimul
1595 548 1704 609 per
1749 548 2060 607 congruas
2108 528 2385 590 vitalitias
2419 530 2774 607 pensiones,
2808 529 2928 607 jam
2960 552 2994 590 a
3027 530 3201 592 Sere-

592 633 854 694 nissimo
890 634 1056 712 Rege
1105 634 1401 715 pollicitas
1437 634 1896 695 Dimittentium
1932 635 2381 709 sustentationi,
2417 651 2522 697 aut
2551 637 2602 697 si
2635 636 3054 699 abdicationes
3084 638 3201 697 hu·

592 740 861 814 jusmodi
897 741 1150 802 minime
1185 744 1548 821 habeantur,
1584 744 1678 805 vel
1710 743 2121 804 sufficientem
2154 762 2483 803 numerum
2520 763 2651 805 non
2672 745 2968 823 attingant
2999 745 3064 805 in
3084 745 3204 805 hoc

591 866 755 923 casu,
802 848 908 928 qui
945 867 1280 908 numerum
1315 848 1378 910 in
1412 849 1755 930 supradicta
1792 849 2015 909 Nostra
2048 848 2453 928 dispositione
2486 849 2874 930 praefinitum
2906 851 3202 911 exceden-

589 972 679 1016 tes
714 954 1119 1037 Dignitatum,
1146 957 1668 1033 Canonicatuum,
1703 971 1762 1017 et
1785 955 2204 1016 Vicariatuum
2238 956 2696 1036 possessionem
2731 974 3044 1038 postremo
3062 958 3205 1019 loco

590 1061 791 1141 adepti
839 1060 1086 1139 fuerint,
1134 1063 1183 1122 si
1231 1062 1396 1144 apud
1430 1062 1728 1124 Ecclesias
1760 1082 1904 1123 suas
1940 1063 2257 1132 resideant,
2289 1063 2671 1143 Capitulares
2702 1065 2978 1144 quidem,
3010 1081 3067 1125 et
3101 1065 3205 1127 Vi·

591 1167 733 1228 carii
781 1169 1113 1250 respective
1162 1188 1291 1229 esse
1326 1186 1599 1250 pergent,
1650 1169 1905 1247 juribus,
1942 1186 2001 1230 et
2034 1170 2468 1251 praerogativis
2502 1172 2770 1233 nunciis
2803 1172 3207 1253 competenti-

591 1277 707 1335 bus
753 1275 1054 1352 fruentur,
1098 1296 1371 1356 suosque
1419 1277 1650 1338 reditus
1695 1277 1760 1337 in
1795 1297 1865 1337 ea
1899 1277 2239 1357 quantitate
2276 1279 2634 1359 percipient,
2667 1300 2791 1361 qua
2823 1280 2889 1340 in
2921 1299 3208 1360 praesens

591 1384 876 1463 gaudent.
924 1385 1044 1445 Sed
1081 1387 1333 1465 quando
1364 1385 1672 1448 Beneficia
1705 1388 1779 1445 ab
1813 1386 1887 1446 iis
1919 1389 2167 1447 obtenta
2201 1406 2606 1468 quocumque
2640 1390 2834 1451 modo
2868 1391 3208 1452 vacaverint

593 1492 722 1552 aliis
754 1491 1021 1552 conferri
1056 1492 1313 1553 minime
1350 1510 1656 1573 poterunt,
1688 1508 1873 1572 atque
1908 1513 1980 1553 ex
2014 1512 2180 1555 nunc
2215 1514 2327 1575 pro
2360 1511 2506 1557 tunc
2540 1515 2887 1578 suppressa,
2922 1512 2981 1557 et
3013 1497 3209 1559 extin-

592 1618 685 1662 cta
717 1602 980 1662 debeant
1013 1600 1284 1680 intelligi,
1335 1602 1411 1662 ad
1454 1602 1573 1662 hoc
1606 1617 1674 1662 ut
1707 1602 1999 1682 deinceps
2033 1601 2337 1683 praefixus
2371 1619 2438 1664 ut
2467 1623 2651 1684 supra
2686 1623 2987 1665 numerus
3018 1605 3081 1665 in
3113 1624 3207 1664 re-

592 1710 874 1790 spectivis
925 1710 1225 1790 Capitulis
1276 1711 1349 1771 ad
1402 1712 1700 1773 amussim
1751 1716 2127 1775 observetur.
2211 1713 2404 1789 Quod
2455 1714 2504 1774 si
2556 1714 2618 1773 in
2665 1714 2874 1794 aliquo
2922 1715 3209 1794 Capitulo

594 1817 898 1879 Canonici
945 1817 1291 1879 minoribus
1339 1820 1400 1879 in
1436 1819 1919 1900 praesentiarum
1954 1819 2240 1881 fruantur
2273 1821 2588 1895 reditibus,
2622 1840 2810 1901 quam
2844 1821 2953 1901 qui
2989 1821 3208 1883 futuris

593 1945 815 1987 eorum
866 1924 1006 1986 loco
1053 1926 1414 2005 assignatur,
1462 1928 1708 1989 nullum
1754 1927 1848 1988 isti
1899 1927 2225 1989 redituum
2273 1945 2682 2010 augmentum
2727 1944 3211 2009 consequentur,

595 2032 707 2094 nisi
759 2035 834 2093 ab
883 2032 1275 2113 Exequutore
1311 2035 1672 2115 Apostolico
1723 2034 2077 2113 singillatim
2126 2034 2431 2096 similibus
2463 2035 2865 2117 amplioribus
2916 2036 3210 2096 reditibus

595 2139 806 2200 donati
842 2139 1086 2200 fuerint.

809 2247 1007 2323 (XXI.)
1041 2246 1277 2308 Futuro
1310 2263 1515 2308 autem
1557 2265 1855 2329 tempore,
1888 2268 1957 2308 ac
1991 2248 2349 2309 successivis
2382 2249 2803 2310 vacationibus
2834 2272 2866 2311 a
2902 2250 3118 2327 Nobis,
3152 2265 3212 2310 et

597 2354 898 2416 Romanis
930 2352 1336 2415 Pontificibus
1368 2352 1845 2415 Successoribus
1880 2354 2120 2416 Nostris
2152 2355 2599 2437 Praepositnra,
2649 2376 2807 2437 quae
2843 2355 3042 2433 Major
3074 2371 3213 2438 post

597 2461 1018 2523 pontificalem
1053 2461 1333 2541 Dignitas
1380 2461 1444 2521 in
1496 2462 2042 2542 supramemoratis
2076 2462 2740 2544 Archiepiscopalibns,
2786 2479 2843 2524 et
2876 2463 3210 2544 Episcopa—

595 2570 756 2631 libus
790 2566 1092 2647 Ecclesiis,
1159 2589 1273 2630 nec
1318 2588 1442 2630 non
1491 2570 1555 2631 in
1591 2570 1857 2631 Ecclesia
1891 2569 2377 2650 Aquisgranensi
2421 2571 2484 2631 in
2518 2570 2924 2651 Collegiatam
2959 2588 3025 2631 ut
3056 2570 3209 2633 infra

596 2677 904 2759 erigenda,
952 2678 1225 2757 itemque
1276 2675 1704 2738 Canonicatns
1755 2676 1819 2737 in
1875 2676 2195 2738 Mensibus
2243 2676 2531 2755 Januarii,
2582 2678 2802 2757 Martii,
2850 2678 3014 2755 Maii,
3044 2679 3207 2756 Julii,

597 2785 991 2868 SeptembriS,
1026 2805 1095 2845 ac
1119 2784 1489 2846 Novembris
1522 2784 1584 2844 in
1621 2785 1902 2866 praefatis
1938 2785 2221 2846 Ecclesiis
2254 2801 2532 2846 vacantes
2574 2786 2968 2848 conferentur
2988 2806 3209 2867 quem-

595 2893 940 2954 admodum
992 2892 1057 2951 in
1092 2890 1383 2971 Capitulo
1420 2890 1906 2951 wratislaviensi
1960 2891 2253 2952 hactenus
2305 2891 2533 2953 factum
2578 2909 2698 2954 est:
2764 2913 2895 2974 quo
2940 2912 3089 2954 vero
3133 2894 3207 2954 ad

598 3000 942 3060 Decanatus
994 2997 1059 3058 in
1111 2995 1430 3078 praedictis
1481 2996 1993 3076 Metropolitanis,
2057 3015 2114 3058 et
2165 2999 2635 3061 Cathedralibus
2682 3001 2981 3076 Ecclesiis,
3031 3017 3088 3061 et
3136 2999 3209 3060 ad

597 3108 1018 3169 Canonicatus
1065 3122 1190 3166 tam
1238 3105 1303 3165 in
1349 3103 1522 3184 ipsis,
1571 3124 1759 3184 quam
1794 3105 1858 3165 in
1890 3104 2049 3165 dicta
2084 3107 2570 3186 Aquisgranensi
2604 3108 2870 3169 Ecclesia
2904 3109 2967 3168 in
2999 3108 3209 3171 Colle-

596 3215 820 3296 giatam
869 3213 1176 3295 erigenda,
1227 3212 1287 3273 in
1332 3212 1463 3273 aliis
1515 3233 1616 3273 sex
1650 3213 1964 3274 mensibus
1998 3232 2275 3276 vacantes
2306 3219 2382 3277 ab
2415 3215 2908 3297 Archiepiscopis
2940 3234 2999 3277 et
3030 3215 3206 3296 Epis·

597 3321 768 3402 copis
814 3320 1146 3400 respective
1196 3319 1608 3381 conserentur.
1675 3320 2013 3381 Vicariatus
2045 3337 2271 3398 autem,
2307 3343 2417 3383 seu
2454 3323 2906 3384 praebendatus
2938 3324 3003 3383 in
3034 3342 3209 3404 prae-

596 3430 770 3491 dictis
822 3429 1108 3490 Ecclesiis
1155 3447 1559 3509 quocumque
1610 3447 1823 3488 mense
1870 3428 2217 3489 vacaverint
2266 3429 2748 3509 respectivorum
2783 3430 3210 3512 Archiepisco-

598 3556 822 3617 porum
857 3552 914 3596 et
946 3536 1406 3617 Episcoporum
1440 3534 1754 3596 collationi
1787 3534 2217 3614 relinquimus.

811 3644 1035 3720 (Xxn.)
1104 3645 1260 3704 Rem
1308 3641 1581 3722 denique
1615 3642 1988 3704 Germaniae
2020 3641 2445 3722 gratissimam,
2476 3643 2787 3724 simulque
2819 3645 3212 3726 praelaudato

597 3751 922 3813 Borussiae
957 3752 1111 3832 Regi
1161 3750 1673 3831 acceptissimam,
1721 3750 1855 3810 Nos
1902 3769 2034 3810 esse
2068 3750 2332 3810 facturos
2364 3748 2723 3827 judicantes,
2755 3751 2805 3811 si
2835 3752 3210 3815 electionum

599 3858 726 3934 jure
780 3858 842 3919 in
874 3858 1371 3919 Transrhenanis
1403 3857 1689 3919 Ecclesiis
1740 3871 1999 3933 retent0,
2055 3876 2123 3916 ac
2171 3854 2557 3925 confirmato,
2606 3873 2663 3917 et
2708 3857 2771 3917 in
2818 3858 3213 3918 Cisrhenanis

597 3980 833 4025 cessato
882 3985 988 4045 per
1021 3966 1407 4045 Apostolicas
1446 3965 1898 4046 Dispositiones
1944 3964 2087 4025 anni
2140 3963 2448 4024 millesimi
2496 3965 2988 4044 octingentesimi
3035 3966 3211 4046 primi

599 4092 765 4132 nunc
813 4072 876 4132 in
923 4072 1070 4152 ipsis
1104 4070 1543 4132 Cisrhenansis
1576 4069 1979 4131 Dioecesibus
2026 4069 2271 4150 praefati
2307 4069 2494 4148 Regis
2525 4072 2884 4151 Temporali
2916 4072 3212 4133 Dominio

523 4201 540 4226 z
601 4178 908 4258 subjectiS,
943 4180 1106 4239 idem
1142 4177 1236 4255 jus
1269 4178 1590 4239 electionis
1625 4179 2089 4258 redintegretur,
2137 4178 2344 4257 quoad
2380 4179 2662 4259 Capitnla
2695 4180 3105 4242 Ecclesiarum
3136 4182 3211 4241 ad

602 4286 1001 4347 Germaniam
1050 4285 1487 4366 pertinentium
1541 4305 1763 4366 nempe
1796 4286 2211 4364 Coloniensis,
2245 4286 2643 4366 Trevirensis,
2682 4287 3213 4363 Wratislaviensis,

601 4392 1121 4454 paderbornensis
1157 4407 1215 4453 et
1251 4391 1772 4469 MonasteriensiS,
1805 4393 2218 4470 decernimuS,
2251 4414 2320 4455 ac
2352 4395 2699 4471 statuimus,
2732 4395 2906 4474 quod
2926 4394 3042 4456 alia
3063 4414 3211 4475 qua·

601 4520 851 4580 cunque
885 4500 1120 4560 ratione
1156 4500 1252 4560 vel
1285 4501 1755 4575 consuetudine,
1786 4518 1899 4560 nec
1932 4520 2061 4560 non
2099 4500 2433 4576 electionis,
2466 4518 2522 4561 et
2543 4502 2971 4582 postulationis
3004 4502 3211 4564 discri-

601 4609 788 4685 mine,
839 4605 1300 4686 nobilitatisque
1334 4607 1634 4667 natalium
1672 4607 2026 4667 necessitate
2059 4608 2310 4668 sublatis
2343 4608 2641 4690 Capitulis
2675 4609 3010 4690 praedictis,
3045 4622 3213 4689 post-

601 4736 793 4797 quam
840 4714 1186 4794 supradicta
1236 4714 1532 4774 methodo
1580 4714 1926 4790 constituta,
1976 4730 2036 4774 et
2070 4716 2350 4776 ordinata
2384 4733 2583 4789 erunt,
2618 4716 2966 4777 facultatem
2998 4716 3213 4776 tribui-

602 4844 763 4900 mus,
796 4838 862 4883 ut
896 4822 959 4882 in
994 4820 1255 4900 singulis
1290 4819 1532 4881 illarum
1568 4820 1814 4880 sedium
1847 4821 2270 4883 vacationibus
2304 4841 2411 4902 per
2445 4823 2804 4885 Antistitum
2847 4823 3211 4903 respectivo-

604 4951 741 4992 rum
775 4931 1016 4991 obitum
1052 4945 1215 4990 extra
1248 4931 1600 4990 Romanam
1624 4928 1897 5006 Curiam,
1934 4930 2029 4989 vel
2064 4949 2170 5009 per
2203 4949 2417 4990 earum
2450 4930 2692 4991 sedium
2726 4929 3215 5008 resignationem,
