3684 5416
503 1526 548 1557 10

502 2067 542 2110 ¹5

496 3139 544 3181 25

495 3676 546 3711 ,ω

608 356 711 409 226
1235 358 1492 413 Potestas
1532 357 1913 413 ecclesiastica
1956 370 2010 410 et
2051 361 2333 429 mperium
2373 362 2531 418 civile
2560 403 2573 417 .

817 552 846 613 s
892 564 984 610 17.
1049 544 1178 604 Nos
1229 544 1398 605 enirn
1446 544 1532 604 eis
1580 546 1761 612 bona,
1808 545 2183 620 mercantias,
2228 548 2537 627 pecunias,
2575 548 2829 627 navigia,
2862 568 2956 608 res
2989 564 3047 609 et
3077 549 3209 610 ani-

604 650 782 712 malia
816 650 1116 732 praedicta
1150 650 1233 710 sic
1267 666 1456 731 capta,
1489 650 1549 710 in
1588 652 1871 732 proprios
1893 671 2117 713 eorum
2138 672 2283 713 usus
2306 654 2721 730 convertendi,
2744 656 2977 717 eisdem
2999 671 3209 716 aucto-

603 758 790 835 ritate,
843 757 1089 818 scientia
1140 772 1199 817 et
1248 758 1561 838 potestatis
1610 758 1989 837 plenitudine
2039 759 2375 841 plenariam
2409 762 2738 836 licentiam,
2774 762 3119 824 facultatem
3153 779 3210 823 et

602 865 1023 927 auctoritatem
1058 865 1478 942 concedimus,
1514 865 1612 926 illa
1649 867 1857 925 omnia
1890 867 1967 926 ad
2001 868 2252 928 eosdem
2290 869 2598 949 capientes
2619 870 2890 950 plenarie
2912 870 3210 951 pertinere

602 991 659 1035 et
704 989 993 1054 spectare,
1038 987 1096 1032 et
1143 991 1433 1052 personas
1466 991 1537 1032 ex
1572 991 1764 1052 regno
1797 987 1856 1032 et
1888 973 2183 1034 dominiis
2217 974 2538 1055 praedictis
2570 975 2874 1054 originem
2906 977 3213 1037 trahentes

600 1099 709 1141 seu
759 1080 823 1139 in
875 1079 992 1140 illis
1038 1078 1421 1139 domicilium
1484 1079 1776 1138 habentes
1826 1095 1931 1140 aut
1981 1082 2458 1160 quomodolibet
2507 1083 2863 1156 habitantes,
2915 1082 3212 1143 mandatis

603 1187 825 1247 nostris
873 1185 1194 1266 praedictis
1241 1204 1369 1246 non
1417 1187 1930 1266 obtemperanteS,
1982 1188 2363 1269 ubicumque
2410 1209 2515 1251 eos
2562 1191 2694 1271 capi
2742 1190 3081 1269 contigerit,
3112 1210 3211 1250 ca-

597 1294 899 1375 pientium
949 1310 1159 1352 servos
1213 1290 1340 1351 fieri
1390 1292 1821 1361 decernentes:
1892 1312 2363 1376 praesentesque
2411 1297 2633 1373 literaS‚
2680 1298 2884 1378 quoad
2939 1298 3080 1374 hoc,
3132 1297 3210 1357 ad

601 1419 819 1461 omnes
866 1398 1033 1471 alios,
1082 1399 1529 1479 cuiuscumque
1562 1400 1888 1478 dignitatis,
1914 1402 2160 1480 gradus,
2192 1419 2403 1479 status,
2436 1404 2668 1465 ordinis
2701 1405 2801 1466 vel
2834 1403 3205 1466 conditionis

603 1508 845 1581 fuerint,
878 1507 985 1586 qui
1018 1507 1131 1587 ipsi
1164 1506 1433 1567 Henrico
1467 1508 1589 1586 regi
1613 1508 1707 1566 vel
1733 1506 1864 1585 ejus
1894 1510 2319 1589 complicibus,
2343 1511 2698 1586 fautoribus,
2720 1512 3211 1589 adhaerentibus,

600 1614 1055 1676 consultoribus
1074 1628 1134 1673 et
1164 1613 1530 1692 sequacibus
1559 1630 1662 1675 aut
1693 1614 1842 1692 aliis,
1867 1616 2318 1678 monitionibus
2337 1633 2396 1678 et
2416 1620 2716 1680 mandatis
2737 1619 2961 1680 nostris
2994 1620 3210 1682 huius-

603 1721 792 1795 modi,
824 1720 1034 1800 quoad
1067 1720 1531 1795 commercium,
1565 1739 1694 1782 non
1727 1724 2317 1804 obtemperantibus,
2349 1725 2443 1786 vel
2463 1744 2684 1787 eorum
2704 1726 2892 1806 aliqui
2913 1726 3212 1802 victualia,

601 1849 765 1890 arma
815 1828 910 1888 vel
955 1826 1250 1908 pecunias
1281 1827 1740 1889 subministrare
1777 1847 1881 1890 aut
1915 1850 2055 1891 cum
2089 1831 2174 1891 eis
2206 1834 2655 1894 commercium
2689 1835 2930 1905 habere,
2960 1854 3068 1895 seu
3102 1853 3210 1894 au-

602 1937 838 2013 xilium,
888 1933 1219 1996 consilium
1268 1933 1361 1993 vel
1410 1933 1697 2005 favorem,
1745 1955 1856 2016 per
1902 1957 1965 1997 se
2000 1939 2094 1997 vel
2127 1937 2317 1998 alium
2349 1959 2457 1999 seu
2491 1939 2663 2016 alios,
2700 1939 2944 2022 publice
2976 1940 3070 2001 vel
3104 1959 3209 2001 oc-

603 2046 780 2120 culte,
841 2044 1063 2105 directe
1128 2044 1219 2103 vel
1284 2043 1596 2117 indirecte,
1646 2045 1871 2124 quovis
1924 2047 2134 2118 mod0,
2188 2062 2398 2107 contra
2448 2063 2727 2108 tenorem
2780 2049 3210 2128 praesentium,

603 2167 904 2235 praestare
938 2151 1478 2232 praesumpserint,
1513 2151 1929 2212 extendentes

816 2268 845 2328 s
890 2260 981 2319 18.
1045 2258 1118 2318 Et
1153 2273 1218 2318 ut
1251 2256 1580 2336 praemissa
1616 2256 1849 2318 facilius
1882 2259 1974 2331 iis,
2008 2279 2170 2338 quos
2204 2276 2604 2332 concernunt,
2637 2260 3036 2334 innotescant,
3069 2261 3210 2320 uni-

606 2368 790 2428 versis
840 2383 898 2427 et
946 2364 1203 2446 singulis
1258 2364 1634 2443 patriarchiS,
1683 2364 2177 2448 archiepiscopis,
2228 2367 2531 2449 episcopis
2582 2385 2639 2428 et
2700 2368 3210 2449 patriarchalium,

602 2474 1217 2555 metropolitanarum
1269 2490 1326 2534 et
1375 2474 1632 2534 aliarum
1684 2474 2126 2536 cathedralium
2179 2493 2234 2536 et
2297 2476 2753 2554 collegiatarum
2815 2477 3206 2539 ecclesiarum

603 2581 901 2663 praelatis,
935 2583 1215 2663 capitulis
1247 2581 1505 2661 aliisque
1540 2581 1818 2662 personis
1853 2581 2266 2644 ecclesiasticis
2298 2584 2712 2644 saecularibus
2743 2604 2812 2645 ac
2843 2583 3209 2664 quorumvis

602 2689 911 2752 Ordinum
965 2690 1359 2768 regularibus,
1411 2707 1658 2751 necnon
1710 2690 2007 2752 omnibus
2057 2706 2116 2751 et
2165 2690 2441 2770 singulis,
2488 2692 2666 2752 etiam
2722 2690 3207 2753 Mendicantium

602 2798 934 2875 Ordinum,
969 2797 1439 2878 professoribus,
1479 2798 1777 2878 exemptis
1810 2814 1869 2858 et
1902 2817 2030 2859 non
2066 2798 2377 2878 exemptis,
2413 2799 2667 2859 ubilibet
2699 2799 3068 2868 constitutis,
3103 2817 3211 2878 per

602 2906 847 2967 easdem
896 2921 1260 2984 praesentes,
1308 2907 1423 2965 sub
1457 2905 2118 2966 excommunicationis
2150 2921 2209 2965 et
2242 2905 2597 2986 privationis
2629 2904 3042 2974 ecclesiarum,
3077 2924 3210 2964 mo-

603 3012 1008 3073 nasteriorum
1060 3030 1129 3071 ac
1178 3012 1442 3072 aliorum
1488 3011 1934 3073 beneficiorum
1983 3012 2554 3086 ecclesiasticorum,
2600 3014 2908 3091 graduum
2954 3030 3210 3092 quoque

603 3136 658 3179 et
691 3118 1067 3187 officiorum,
1118 3138 1362 3179 necnon
1409 3118 1874 3199 privilegiorum
1911 3136 1967 3180 et
2003 3120 2387 3181 indultorum
2424 3138 2992 3199 quorumcumque,
3027 3118 3210 3179 etiam

605 3247 636 3286 a
671 3225 827 3286 Sede
861 3225 1167 3307 praedicta
1202 3225 1676 3305 quomodolibet
1707 3243 2160 3300 emanatorum,
2194 3227 2413 3308 poenis
2447 3227 2582 3307 ipso
2616 3226 2776 3287 facto
2809 3225 3210 3295 incurrendis,

604 3332 1015 3413 praecipimus
1064 3349 1119 3392 et
1170 3334 1536 3393 mandamus
1583 3349 1891 3413 quatenus
1922 3335 2039 3416 ipsi
2074 3354 2143 3394 ac
2176 3353 2392 3394 eorum
2427 3333 2675 3411 singuli,
2708 3333 2758 3393 si
2790 3349 2847 3393 et
2881 3348 3208 3413 postquam

603 3440 810 3520 vigore
856 3440 1270 3519 praesentium
1321 3440 1580 3520 desuper
1625 3440 1900 3520 requisiti
1952 3441 2195 3517 fuerint,
2230 3440 2385 3501 infra
2421 3455 2539 3500 tres
2571 3440 2701 3500 dies
2733 3439 3083 3500 immediate
3115 3460 3209 3499 se-

603 3564 860 3628 quentes
894 3547 1231 3627 praefatum
1270 3546 1608 3607 Henricum
1646 3566 1855 3626 regem
1889 3567 2234 3627 omnesque
2269 3547 2422 3608 alios
2457 3562 2513 3606 et
2547 3547 2850 3625 singulos,
2869 3546 2976 3625 qui
2996 3566 3207 3626 supra-

602 3656 789 3715 dictas
835 3673 1125 3715 censuras
1171 3668 1229 3714 et
1276 3672 1504 3733 poenas
1538 3652 1918 3728 incurrerint,
1953 3653 2015 3713 in
2051 3673 2267 3715 eorum
2303 3654 2596 3730 ecclesiis,
2629 3653 2959 3713 dominicis
2991 3669 3047 3713 et
3079 3653 3211 3713 aliis

602 3761 824 3823 festivis
858 3762 1091 3835 diebuS,
1123 3762 1275 3822 dum
1309 3760 1505 3820 maior
1537 3760 1679 3820 inibi
1715 3760 1931 3842 populi
1965 3762 2298 3822 multitudo
2330 3762 2406 3822 ad
2441 3762 2644 3822 divina
2668 3761 3044 3836 convenerit,
3067 3779 3209 3820 cum

602 3869 797 3930 crucis
830 3868 1065 3945 vexi110,
1100 3868 1354 3949 pulsatis
1386 3868 1715 3949 campanis,
1749 3885 1805 3928 et
1838 3868 2107 3929 accensis
2138 3888 2208 3928 ac
2227 3869 2482 3929 demum
2505 3868 2781 3928 extinctis
2803 3883 2859 3927 et
2893 3868 2957 3927 in
2991 3885 3207 3928 terram

603 3977 884 4056 proiectis
931 3991 989 4035 et
1033 3975 1408 4036 conculcatis
1454 3974 1743 4048 candelis,
1791 3992 1848 4034 et
1897 3974 2044 4048 aliis,
2078 3976 2141 4034 in
2174 3975 2480 4036 similibus
2512 3974 2733 4035 servari
2768 3973 2976 4044 solitis,
3009 3993 3208 4034 caere-

602 4083 826 4145 moniis
872 4083 1139 4158 servatis,
1185 4083 1751 4143 excommunicatos
1797 4082 2041 4163 publice
2088 4082 2387 4157 nunciari,
2440 4102 2508 4143 ac
2556 4084 2629 4141 ab
2664 4081 2958 4142 omnibus
2990 4081 3211 4141 arctius

497 4211 542 4252 πε
602 4191 810 4251 evitari
864 4190 1081 4250 faciant
1133 4205 1188 4249 et
1241 4191 1569 4263 mandent;
1659 4207 1928 4266 necnon,
1976 4191 2093 4248 sub
2140 4190 2506 4269 supradictis
2555 4188 2829 4249 censuris
2875 4207 2931 4249 et
2979 4189 3211 4269 poenis,

603 4312 949 4377 praesentes
979 4296 1177 4357 literas
1213 4296 1307 4357 vel
1339 4315 1551 4357 earum
1572 4311 2050 4377 transumptum,
2081 4298 2196 4355 sub
2218 4294 2419 4357 forma
2441 4295 2816 4376 infrascripta
2840 4294 3211 4369 confectum,

602 4403 756 4464 infra
793 4403 1124 4463 terminum
1160 4403 1341 4461 trium
1378 4402 1638 4478 dierum,
1675 4417 2025 4483 postquam,
2059 4417 2126 4462 ut
2158 4401 2512 4483 praefertur,
2559 4402 2834 4481 requisiti
2870 4402 3110 4472 fuerint,
3146 4402 3207 4461 in

602 4509 892 4579 ecclesiis,
948 4509 1353 4579 monasteriis,
1407 4510 1816 4571 conventibus
1867 4527 1923 4570 et
1974 4509 2103 4572 aliis
2154 4529 2370 4571 eorum
2419 4511 2569 4572 locis
2618 4511 2912 4592 publicari
2959 4528 3015 4571 et
3047 4510 3205 4586 affigi

602 4618 843 4678 faciant.

816 4734 844 4793 s
893 4745 982 4803 ¹9·
1045 4723 1338 4784 Volentes
1370 4742 1590 4784 omnes
1624 4742 1679 4784 et
1713 4724 2014 4804 singulos,
2051 4725 2505 4804 cuiuscumque
2539 4739 2748 4793 status,
2780 4725 3026 4804 gradus,
3059 4741 3209 4783 con-

605 4833 871 4905 ditionis,
922 4830 1456 4913 praeeminentiae,
1504 4831 1817 4909 dignitatis
1864 4847 1969 4892 aut
2001 4832 2386 4892 excellentiae
2425 4832 2672 4903 fuerint,
2705 4832 2832 4911 qui,
2870 4830 3210 4910 quominus

606 4956 953 5020 praesentes
987 4941 1190 5002 literae
1225 4938 1317 4998 vel
1353 4957 1562 4998 earum
1597 4953 2001 5019 transumpta,
2037 4937 2247 5017 copiae
2279 4958 2388 4998 seu
2423 4936 2789 5017 exemplaria
2824 4937 2886 4996 in
2919 4936 3046 4997 suis
3067 4935 3210 4996 civi-
