3684 5416
1567 350 1917 406 Cardinales.
2941 350 3046 423 483

425 537 864 599 Incarnationis
901 535 1264 598 Dominicae
1312 534 1647 595 millesimo
1680 535 2127 596 sexcentesimo
2161 534 2631 616 quadragesimo
2664 552 2905 615 quarto,
2941 536 3047 596 de·

427 645 588 705 cimo
635 659 857 725 quarto
905 643 1200 704 kalendas
1248 641 1508 720 januarii
1546 641 1948 703 pontificatus
1980 642 2076 702 sui
2109 661 2278 702 anno
2311 642 2533 723 prium,
2570 641 2733 720 juxta
2762 642 2929 703 illius
2960 658 3048 703 te-

429 769 646 811 norem
690 749 844 811 mihi
888 750 1072 832 plene
1119 749 1465 829 cognitum,
1513 767 1611 809 me
1659 748 1733 810 ad
1784 767 2064 829 unguem
2097 749 2590 827 observaturum,
2625 768 2830 829 neque
2862 748 3044 829 quid-

427 877 637 937 quam,
684 856 858 937 quod
904 855 1183 935 ejusdem
1217 856 1648 919 Cardinalatus
1696 854 1941 933 honori,
1987 870 2045 916 et
2077 855 2353 935 dignitati
2388 855 2609 937 quovis
2640 856 2851 932 modo,
2884 870 2942 916 et
2974 874 3048 915 ex

428 965 644 1047 quavis
677 983 856 1024 causa
890 978 1215 1045 repugnet,
1250 977 1356 1024 aut
1391 963 1709 1040 diminuat,
1742 978 2040 1024 acturum.
2102 962 2363 1043 luraque
2397 962 2635 1024 Annuli
2668 962 3045 1024 Cardinalitii

429 1091 535 1154 per
567 1072 858 1132 eumdem
893 1071 1270 1150 Gregorium
1306 1070 1639 1131 Decimum
1673 1069 1985 1144 Quintum
2017 1069 2501 1151 Congregationi
2533 1071 2610 1131 de
2641 1069 3047 1153 Propaganda

429 1178 580 1240 Fide
612 1197 922 1255 concessa,
970 1195 1027 1239 et
1074 1177 1370 1260 applicata
1419 1178 1623 1238 eidem
1659 1176 2146 1257 Congregationi
2180 1175 2344 1255 juxta
2377 1177 2816 1247 concessionis,
2849 1191 2908 1237 et
2939 1196 3048 1257 ap-

397 1328 400 1330 *
430 1285 774 1367 plicationis
806 1285 1171 1346 huiusmodi
1206 1285 1489 1363 formam,
1526 1299 1583 1344 et
1613 1300 1894 1345 tenorem
1929 1284 2412 1364 persoluturum,
2445 1300 2504 1344 et
2534 1302 2720 1365 snper
2754 1283 3043 1365 praemis-

430 1394 509 1455 sis
529 1392 825 1456 omnibus
844 1393 1303 1455 absolutionem
1324 1411 1455 1453 non
1478 1391 1836 1472 petiturum,
1861 1406 1920 1451 et
1939 1390 2206 1451 oblatam
2231 1390 2405 1451 nullo
2426 1390 2619 1450 modo
2638 1404 3048 1470 recepturum.

642 1499 744 1561 Sic
777 1520 877 1561 me
913 1500 1083 1561 Deus
1117 1498 1380 1578 adjuvet,
1411 1514 1468 1559 et
1504 1499 1656 1559 haec
1689 1497 1905 1558 Sancta
1946 1497 2057 1557 Dei
2093 1496 2440 1577 Evangelia.

644 1605 703 1687 [1.
741 1627 791 1668 e.
829 1607 945 1668 col.
994 1603 1469 1687 1934—1936.]

2635 5011 2732 5081 31‘
