3684 5416
525 1537 576 1570 10

526 2073 572 2118 ¹5

522 2607 576 2638 20

520 3141 570 3185 25

522 3675 576 3720 30

523 4210 573 4255 35

638 376 737 429 ¹24
1260 358 1522 414 Potestas
1563 358 1941 415 ecclesiastica
1983 373 2041 415 et
2077 359 2379 431 imperium
2418 360 2593 416 civile.

630 557 957 620 potentum
1005 542 1102 603 vel
1147 545 1502 624 cuicumque
1548 545 1673 603 visi
1714 556 1862 603 sunt
1894 541 2221 604 indulsisse
2256 562 2368 624 pro
2401 563 2548 624 pace
2581 560 2767 624 atque
2800 544 3118 625 disciplina
3149 545 3234 607 fa·-

628 647 861 710 cienda.

841 755 1006 835 (15?)
1068 754 1131 816 Si
1178 755 1465 816 homines
1516 756 1914 817 ecclesiarum
1958 771 2064 817 aut
2111 772 2431 837 potentum
2483 756 2558 817 de
2591 757 2788 818 causis
2820 757 3234 819 criminalibus

632 860 857 923 fuerint
901 862 1182 937 accusati,
1227 871 1479 942 agentes
1527 882 1742 923 eorum
1794 864 1870 923 ab
1917 863 2241 941 agentibus
2280 863 2539 944 publicis
2571 867 2862 944 requisiti
2887 868 2950 925 si
2976 869 3139 948 ipsos
3172 867 3233 927 in

627 968 939 1030 audientia
987 987 1071 1048 pu
1106 1015 1328 1030 .....
1379 968 1527 1029 foris
1573 969 1802 1030 domus
1848 969 2129 1049 ipsorum
2162 970 2247 1030 ad
2274 971 2576 1031 iustitiam
2610 971 2916 1033 reddenda
2950 992 3232 1054 praesen-

625 1092 749 1138 tare
797 1078 1125 1152 noluerint,
1171 1092 1227 1136 et
1272 1076 1731 1158 distringantur,
1778 1083 2075 1158 quatenus
2122 1079 2356 1139 eosdem
2403 1079 2666 1139 debeant
2711 1095 3109 1160 praesentare.
3173 1080 3233 1142 Si

627 1199 835 1244 tamen
867 1185 942 1244 ab
976 1183 1124 1264 ipsis
1155 1184 1481 1262 agentibus
1514 1199 1697 1244 antea
1729 1204 1849 1245 non
1862 1186 2077 1262 suerit
2101 1187 2479 1246 emendatum
2512 1186 2593 1247 ita
2626 1203 2692 1247 ut
2722 1206 2785 1247 se
2816 1190 3232 1250 auctoritatem

630 1338 1112 1353 ..........
1148 1292 1257 1373 qui
1292 1292 1549 1352 debeant
1581 1337 1594 1351 .
1628 1341 1641 1354 .
1675 1338 1689 1352 .
1723 1337 1737 1352 .
1771 1337 1785 1350 .
1818 1338 1832 1351 .
1866 1337 1881 1351 .
1913 1336 1926 1350 .
1964 1338 1978 1352 .
2012 1337 2026 1352 .
2060 1307 2225 1373 parte
2256 1291 2553 1373 proficiat.

854 1399 945 1460 16.
1006 1396 1336 1479 Quidquid
1384 1398 1648 1479 parentis
1694 1398 1887 1459 nostri
1947 1399 2264 1461 anterioris
2323 1400 2614 1482 principis
2672 1402 2764 1462 vel
2816 1419 2934 1461 nos
2984 1419 3091 1482 per
3141 1402 3230 1462 iu-

628 1504 793 1565 sticia
826 1505 936 1565 visi
973 1505 1221 1566 fuemus
1253 1505 1628 1567 concessisse
1662 1520 1721 1566 et
1752 1504 2168 1578 confirmasse,
2204 1507 2266 1567 in
2299 1507 2593 1569 omnibus
2625 1507 2840 1568 debeat
2869 1506 3232 1568 confirmari.

854 1632 943 1678 ¹7·
1007 1612 1080 1672 Et
1126 1632 1288 1692 quae
1337 1631 1497 1673 unus
1544 1613 1621 1672 de
1655 1611 1939 1673 fidelibus
1971 1631 2039 1672 ac
2071 1612 2389 1691 leodebus,
2423 1634 2533 1675 sua
2566 1613 2685 1675 fide
2718 1614 3088 1676 servandum
3122 1615 3232 1675 do-

628 1717 802 1778 mino
846 1717 1145 1796 legitim0‚
1189 1718 1521 1800 interrigna
1571 1719 1827 1780 faciente
1876 1720 2043 1781 visus
2088 1736 2178 1781 est
2209 1721 2581 1800 perdedisse,
2612 1721 2975 1800 generaliter
3006 1725 3233 1803 absque

627 1827 783 1888 alico
817 1827 1222 1888 incommodo
1255 1827 1330 1887 de
1374 1829 1558 1888 rebus
1590 1827 1705 1888 sibi
1737 1828 1893 1890 iuste
1927 1828 2157 1889 debetis
2190 1828 2614 1909 praecepimus
2647 1829 2944 1889 revestire.

851 1935 945 1995 18.
1012 1934 1105 1994 De
1151 1934 1382 2015 puellas
1433 1951 1489 1996 et
1536 1934 1753 1996 viduas
1800 1934 2127 2014 relegiosas
2162 1950 2266 1995 aut
2296 1935 2830 1996 sanctaemunialis
2862 1937 2971 2016 qui
3004 1955 3067 1997 se
3104 1937 3234 1998 Deo

626 2057 940 2116 voverant,
993 2057 1118 2103 tarn
1167 2062 1291 2122 que
1344 2042 1407 2102 in
1457 2042 1735 2123 proprias
1781 2042 2010 2102 domus
2056 2042 2338 2102 resedent
2384 2060 2576 2122 quam
2622 2043 2830 2122 quiin
2862 2045 3231 2126 monastyria

629 2165 838 2230 posete
884 2166 1050 2225 sunt,
1099 2149 1310 2210 nullus
1359 2168 1472 2210 nec
1508 2169 1615 2231 per
1648 2165 2042 2231 praeceptum
2077 2163 2362 2209 nostrum
2394 2165 2678 2228 conpetat
2710 2167 2824 2211 nec
2853 2152 3089 2212 trabere
3125 2169 3236 2212 nec

629 2257 742 2317 sibi
788 2257 848 2317 in
902 2256 1198 2336 coniugio
1230 2257 1460 2318 sociare
1494 2257 1775 2339 paenitus
1807 2272 2171 2339 praesumat.
2236 2257 2311 2317 Et
2343 2256 2392 2317 si
2424 2256 2565 2336 quis
2597 2256 2810 2318 exinde
2847 2273 3232 2339 praeceptum

630 2363 942 2445 eleguerit,
989 2364 1237 2424 nullum
1285 2365 1585 2426 sorciatur
1632 2364 1939 2426 effectum.
2004 2366 2075 2425 Et
2107 2365 2156 2424 si
2192 2364 2576 2445 quicumque
2608 2381 2710 2425 aut
2743 2383 2851 2445 per
2881 2364 3101 2426 virtute
3133 2381 3235 2426 aut

631 2489 737 2552 per
782 2469 1059 2550 quolibet
1105 2471 1324 2532 ordine
1372 2471 1533 2552 ipsas
1581 2471 1895 2531 detrahere
1942 2487 2046 2530 aut
2092 2470 2203 2530 sibi
2255 2471 2317 2531 in
2366 2470 2728 2549 coniugium
2765 2471 3234 2551 praesumpserit

629 2578 877 2650 sociare,
924 2577 1176 2657 capitale
1224 2576 1527 2638 sententia
1558 2580 1864 2656 feriatur.
1928 2577 2003 2637 Et
2034 2577 2082 2637 si
2118 2576 2180 2637 in
2216 2577 2464 2638 ecclesia
2498 2577 2863 2655 coniugium
2897 2577 3146 2638 fecerint
3177 2594 3233 2640 et

630 2685 730 2746 illa
775 2700 942 2766 rapta
991 2701 1095 2747 aut
1142 2684 1432 2765 rapienda
1478 2684 1544 2746 in
1584 2684 1703 2745 hoc
1734 2683 2081 2746 consentire
2117 2683 2437 2760 videbitur,
2474 2684 2831 2766 sequestrati
2863 2686 2938 2745 ab
2970 2686 3230 2748 invicem

632 2793 696 2853 in
729 2793 908 2854 exilio
942 2793 1363 2872 deportentur,
1396 2808 1453 2852 et
1488 2790 1738 2851 facultas
1772 2791 2048 2871 ipsorum
2086 2791 2455 2873 propinquis
2487 2793 2816 2853 heredibus
2848 2792 3127 2855 societur.

854 2921 945 2979 19.
1010 2900 1299 2980 Episcopi
1348 2919 1493 2959 vero
1543 2899 1638 2959 vel
1686 2914 1985 2979 potentes»,
2031 2899 2140 2979 qui
2175 2899 2237 2959 in
2273 2898 2417 2960 alias
2453 2900 2786 2980 possederit
2817 2899 3103 2980 regioniS,
3139 2902 3233 2962 iu-

632 3009 779 3068 dicis
826 3007 921 3067 vel
969 3006 1188 3067 missus
1221 3006 1585 3067 discursoris
1619 3006 1694 3066 de
1729 3006 1875 3066 alias
1909 3005 2254 3085 provincias
2285 3025 2412 3067 non
2445 3006 2785 3082 instituant,
2822 3006 2935 3067 nisi
2971 3008 3046 3068 de
3077 3008 3235 3079 loco,

629 3115 734 3195 qui
769 3113 1000 3175 iusticia
1035 3112 1369 3195 percipiant
1402 3129 1460 3173 et
1491 3112 1620 3173 aliis
1655 3112 1927 3176 reddant.

844 3240 943 3280 20.
984 3225 1257 3299 Agentes
1289 3219 1475 3298 igitur
1506 3219 1946 3300 episcoporum
1979 3234 2082 3279 aut
2116 3234 2441 3299 potentum
2475 3237 2585 3299 per
2615 3235 2972 3299 potestatem
3008 3220 3235 3283 nullius

630 3348 724 3388 res
770 3328 1018 3389 collecta
1066 3327 1287 3387 solacia
1340 3346 1455 3387 nec
1489 3325 1785 3401 auferant,
1830 3344 1944 3386 nec
1976 3326 2423 3407 cuiuscumque
2456 3342 2882 3407 contemptum
2919 3347 3027 3409 per
3055 3348 3117 3389 se
3150 3327 3235 3389 fa·
3318 3368 3327 3371 -

628 3455 763 3497 cere
795 3453 924 3495 non
959 3452 1364 3516 praesumant.

847 3563 946 3604 21.
1015 3542 1280 3604 Porcarii
1317 3541 1550 3603 fescalis
1581 3540 1643 3601 in
1677 3541 1859 3601 silvas
1891 3539 2280 3601 ecclesiarum
2313 3555 2419 3600 aut
2450 3540 2827 3620 privatorum
2862 3543 3093 3621 absque
3123 3560 3233 3601 vo-

630 3651 861 3711 luntate
896 3648 1266 3733 possessoris
1297 3649 1361 3710 in
1389 3648 1573 3709 silvas
1607 3666 1827 3709 eorum
1861 3647 2179 3725 ingredere
2213 3667 2338 3707 non
2372 3664 2783 3728 praesumant.

845 3777 924 3818 22
960 3757 1180 3836 Neque
1203 3756 1507 3836 ingenuos
1543 3773 1747 3835 neque
1779 3772 2012 3831 servus,
2044 3754 2151 3834 qui
2185 3773 2324 3814 cum
2361 3754 2526 3815 furto
2558 3773 2686 3816 non
2719 3753 3236 3836 depraehinditur,

628 3864 703 3925 ad
737 3863 1040 3925 iudicibus
1072 3879 1177 3924 aut
1208 3862 1285 3923 ad
1319 3879 1783 3942 quemcumque
1815 3858 2072 3921 interfici
2108 3878 2239 3921 non
2272 3861 2493 3921 debeat
2522 3860 2855 3922 inauditus.

848 3991 944 4052 23·
979 3972 1054 4031 Et
1087 3968 1603 4050 quandoquidem
1636 3967 1837 4048 passio
1874 3986 2003 4028 non
2036 3966 2233 4044 fuerit,
2267 3968 2437 4029 unde
2471 3967 2641 4049 porci
2661 3969 2927 4029 debeant
2945 3968 3236 4047 saginare,

629 4078 961 4139 cellarinsis
999 4077 1058 4137 in
1091 4075 1339 4157 publico
1375 4094 1506 4136 non
1538 4091 1842 4153 exegatur.

847 4204 946 4262 24.
1014 4182 1414 4262 Quicumque
1459 4201 1606 4243 vero
1654 4182 1803 4241 haec
1848 4181 2370 4255 deliberationem,
2416 4201 2605 4262 quem
2653 4200 2795 4242 cum
2829 4181 3236 4263 ponteficibus

629 4294 724 4353 vel
744 4309 866 4353 tam
902 4292 1142 4370 magnis
1174 4291 1316 4351 viris
1347 4290 1757 4369 optematibus
1788 4306 1894 4351 aut
1927 4290 2211 4352 fidelibus
2256 4291 2479 4352 nostris
2523 4291 2586 4351 in
2634 4289 2930 4373 synodale
2977 4288 3236 4351 concilio

630 4400 1025 4476 instruemus,
1076 4413 1370 4457 temerare
1421 4397 1915 4478 praesumpserit,
1968 4396 2029 4457 in
2080 4397 2214 4478 ipso
2270 4397 2522 4478 capitale
2571 4398 2870 4459 sententia
2918 4396 3233 4467 iudicetur,

630 4507 892 4589 qualiter
923 4506 1019 4567 alii
1054 4525 1182 4566 non
1215 4505 1475 4566 debeant
1506 4505 1726 4566 similia
1760 4519 2125 4586 perpetrare.

842 4612 1051 4689 Quam
1088 4612 1512 4673 auctoritatem
1547 4612 1641 4672 vel
1673 4611 1943 4672 edictum
1979 4612 2289 4693 perpetuis
2321 4612 2700 4692 temporibus
2731 4612 3074 4672 valeturum
3111 4629 3238 4670 ma·

631 4741 748 4782 nus
781 4735 1023 4781 nostrae
1054 4718 1620 4799 subscripcionibus
1654 4718 2038 4779 decrevimus
2071 4719 2512 4779 rovorandurn.
2551 4718 2917 4798 HaminguS.

843 4828 1364 4890 Chlothacharius
1396 4827 1458 4887 in
1492 4826 1717 4888 Christi
1756 4826 2013 4888 nomine
2044 4845 2149 4888 rex
2181 4827 2339 4887 hanc
2370 4825 2728 4886 definitione
2760 4825 3106 4905 subscripsi.

849 4937 997 4996 Data
1015 4937 1130 4996 sub
1151 4936 1248 4996 die
1263 4936 1396 4997 XV.
1417 4936 1724 4997 Kalendas
1744 4935 2130 5013 Novembris,
2146 4953 2312 4996 anno
2330 4934 2546 4995 XXXI.
2566 4934 2735 5013 regni
2752 4934 2944 4996 nostri
2961 4932 3240 4995 ParisiuS.
