3684 5416
358 1516 407 1550 lo

358 2050 406 2095 ¹5

354 3118 407 3162 ²5

361 4193 412 4239 35

1535 332 1707 388 Curia
1745 349 2006 388 romana.
2976 351 3038 405 52
3048 351 3075 404 5

460 518 831 580 inexhausto
877 517 1207 598 voluptatis
1254 517 1387 578 Dei.
1450 516 1777 592 Quantum
1825 519 1975 580 vero
2025 519 2122 580 his
2154 517 2524 580 calamitosis
2555 518 2941 599 temporibus
2973 537 3082 578 ex-

460 627 712 690 creverit
759 625 1089 688 errantium
1138 641 1197 686 et
1229 625 1645 707 dispersarum
1677 627 1893 687 ovium
1927 647 2248 697 numeru&
2297 627 2405 707 qui
2439 626 2771 689 Ecclesiam
2805 642 3085 687 sanctam.

461 736 592 798 eius
624 735 1006 810 catholicam,
1037 732 1266 795 Christi
1297 733 1478 810 ovile,
1515 734 1611 794 vel
1641 753 1970 814 nunquam
2002 750 2449 816 cognoverunt,
2485 735 2581 795 vel
2613 734 2927 814 cognitam
2960 733 3074 793 Sa-

461 859 636 904 tanae
683 841 844 902 dolis
887 841 1312 916 deseruerunt,
1360 840 1493 901 sine
1538 841 1824 922 lacrymis
1857 841 2332 902 commemorari
2367 861 2495 903 non
2529 855 2747 922 potest.
2812 839 2877 901 Si
2909 839 3082 900 enim

461 950 684 1013 mentis
729 966 970 1011 nostrae
1015 948 1209 1010 aciem
1256 947 1675 1009 convertimus
1708 949 1785 1009 ad
1818 949 2336 1011 innumerabilem
2370 949 2752 1031 populorum
2791 946 3076 1009 multitu-

462 1059 694 1134 dinem,
743 1056 867 1119 iam
912 1071 1001 1117 tot
1033 1055 1256 1117 seculis
1292 1061 1724 1136 Agarenorum
1759 1055 2178 1137 impurissima
2209 1056 2514 1118 dementia
2551 1072 2814 1137 captam,
2845 1053 3083 1116 insani—

463 1184 582 1245 que
631 1164 852 1225 erroris
903 1183 972 1225 ac
1022 1162 1332 1224 mendacii
1384 1162 1651 1224 tenebris
1704 1163 2114 1238 obcaecatam,
2161 1164 2552 1226 miseratione
2601 1177 3086 1225 commoventur-

463 1270 685 1332 viscera
732 1288 958 1349 nostra,
1001 1285 1342 1348 cernenteS,
1389 1286 1515 1331 tam
1563 1269 1771 1330 multis
1805 1289 1876 1330 ac
1911 1270 2089 1331 variis
2123 1270 2481 1331 caelestibus
2517 1269 2703 1332 donis
2737 1269 2888 1330 olim
2922 1268 3086 1331 cele·

465 1379 602 1438 bres
645 1377 928 1438 nationes
970 1395 1077 1457 per
1108 1375 1489 1457 ignorantiae
1526 1390 1584 1436 et
1616 1374 1955 1457 pestilentis
1987 1375 2405 1457 persuasionis
2434 1391 2756 1456 stuporem
2789 1374 3081 1436 humani-

462 1497 646 1544 tatem
693 1484 758 1544 in
807 1484 1142 1545 bestiarum
1187 1500 1471 1545 naturam
1521 1483 1646 1544 fere
1692 1498 1985 1558 mutasse,
2029 1498 2213 1564 atque
2245 1484 2322 1544 ad
2354 1499 2598 1544 aeterna
2631 1482 2916 1545 incendia
2949 1482 3081 1543 dia-

464 1591 609 1651 bolo
656 1609 712 1652 et
756 1591 993 1673 angelis
1039 1591 1172 1653 eius
1217 1606 1422 1672 parata
1468 1590 1545 1650 ali
1581 1608 1652 1651 ac
1684 1590 2025 1671 propagari.
2089 1590 2165 1651 Et
2200 1590 2333 1651 licet
2365 1590 2520 1651 inter
2552 1610 2654 1651 eas
2685 1590 2928 1671 aliquae
2959 1589 3088 1651 sint

462 1713 696 1776 gentes,
743 1700 805 1760 in
852 1698 1076 1759 iustitia
1123 1699 1428 1776 detentae,
1464 1717 1626 1778 quae
1659 1697 1890 1759 Christi
1926 1716 2160 1759 nomen
2192 1697 2514 1772 invocant;
2566 1713 2776 1758 tamen
2811 1697 2889 1758 ita
2921 1696 3078 1757 anti-

464 1826 729 1887 quarum
767 1809 1092 1870 haeresum
1125 1826 1371 1868 veneno
1405 1823 1552 1868 sunt
1583 1806 1860 1883 infectae,
1898 1822 1964 1866 ut
1996 1806 2298 1866 sinceram
2331 1806 2641 1867 veritatem
2676 1806 3079 1887 paucissimae

464 1930 814 1992 agnoscant,
859 1934 929 1975 ac
976 1915 1100 1976 fere
1146 1934 1390 1992 omnes,
1435 1914 1500 1974 in
1547 1913 1758 1975 multis
1805 1913 2040 1974 nedum
2089 1914 2154 1974 in
2189 1933 2320 1974 uno
2353 1921 2692 1995 peccantes,
2737 1913 2922 1974 factae
2956 1914 3086 1974 sint

464 2022 753 2083 omnium
786 2042 942 2085 reae.
1004 2022 1130 2084 Ubi
1164 2041 1326 2097 ver0,
1361 2021 1622 2103 peccatis
1656 2020 1883 2082 nostris
1914 2019 2299 2096 facientibus,
2344 2021 2636 2082 inimicus
2671 2022 2864 2081 homo
2897 2039 3093 2101 super

463 2128 705 2188 bonum
752 2147 965 2189 semen
1012 2128 1076 2189 in
1128 2127 1734 2209 septemtrionalibus
1781 2126 2058 2208 partibus
2112 2127 2438 2187 seminavit
2471 2127 2794 2188 haeresum
2829 2126 3086 2204 zizania,

463 2234 544 2295 ita
589 2234 718 2295 dira
761 2235 1043 2315 contagia
1075 2249 1343 2314 grassata
1374 2250 1538 2312 sunt,
1574 2251 1642 2296 ut
1674 2234 1910 2295 animas
1942 2233 2423 2296 innumerabiles
2455 2233 2688 2295 iamdiu
2723 2234 3082 2315 perdiderit,

462 2361 530 2403 ac
577 2342 942 2423 provinciaS,
991 2358 1051 2403 et
1094 2361 1283 2421 regna
1317 2342 1570 2403 Christo
1618 2361 1726 2421 per
1764 2360 2077 2403 summam
2111 2341 2398 2404 iniuriam
2431 2357 2654 2423 erepta,
2686 2362 2831 2404 suae
2864 2358 3078 2424 tyran-

462 2449 594 2511 nidi
626 2449 1081 2530 mancipaverit.

676 2566 706 2627 s
751 2577 798 2619 1.
864 2556 1314 2634 Quamobrem,
1364 2556 1474 2616 etsi
1519 2577 1553 2616 a
1601 2556 1788 2617 felicis
1833 2556 2280 2618 recordationis
2328 2555 2629 2617 Romanis
2673 2554 3089 2617 Pontificibus

465 2662 1031 2744 praedecessoribus
1064 2663 1301 2738 nostriS,
1334 2662 1621 2744 pastorali
1654 2662 1985 2745 vigilantia,
2030 2680 2170 2744 ope,
2200 2661 2407 2724 studio
2441 2677 2499 2722 et
2532 2660 2832 2722 industria
2863 2660 3072 2722 elabo-

467 2784 668 2830 ratum
715 2770 913 2847 fuerit,
964 2790 1040 2831 ne
1091 2787 1215 2832 tam
1266 2772 1497 2834 multae
1543 2772 1728 2832 messi
1780 2772 2064 2831 deessent
2107 2769 2388 2851 operarii,
2438 2785 2496 2829 et
2543 2768 2892 2848 negociatio
2926 2768 3082 2829 haec

465 2892 670 2938 sancta
723 2898 855 2940 non
907 2878 1352 2961 negligeretur;
1402 2879 1811 2942 nihilominus
1859 2898 1994 2956 nos»,
2041 2893 2110 2939 ut
2141 2877 2361 2939 maiori
2392 2896 2534 2938 cum
2568 2876 2901 2956 vigilantia,
2932 2895 3086 2937 cura

466 3001 523 3046 et
570 2985 804 3047 servore
851 3007 1014 3068 opus
1060 2987 1354 3069 prosequi
1387 2987 1723 3070 possimus,
1753 3001 1812 3047 et
1844 2986 1908 3047 in
1941 3000 2257 3068 posterum
2288 3003 2672 3046 successores
2708 2983 2899 3047 nostri
2934 3002 3078 3064 pos-

465 3094 606 3170 sint,
657 3095 1112 3157 nonnullorum
1160 3096 1605 3158 venerabilium
1653 3095 1908 3158 fratrum
1956 3109 2315 3155 nostrorum
2367 3093 2428 3155 S.
2468 3092 2538 3153 R.
2572 3093 2641 3154 E.
2678 3092 3087 3154 cardinalium

466 3203 753 3284 peculiari
786 3204 1184 3265 sollicitudini
1219 3204 1540 3284 negotium
1575 3204 2096 3266 committendum
2129 3203 2440 3279 duximus,
2461 3217 2648 3283 prout
2666 3217 2883 3263 tenore
2906 3220 3084 3282 prae-

464 3310 731 3372 sentium
765 3311 1211 3372 committimus
1246 3329 1304 3373 et
1336 3312 1807 3373 demandamus

680 3426 708 3486 s
746 3437 800 3478 2.
852 3418 1161 3494 VolenteS,
1195 3436 1262 3480 ut
1295 3420 1358 3479 in
1392 3439 1591 3480 unum
1624 3418 2003 3500 congregati,
2038 3417 2323 3478 adhibitis
2356 3416 2540 3477 etiam
2572 3415 2808 3496 aliquot
2843 3416 3076 3475 Roma-

468 3542 580 3583 nae
613 3523 840 3586 Curiae
886 3525 1166 3606 praelatis
1213 3541 1269 3585 et
1313 3524 1610 3603 religiosis
1658 3524 1819 3601 viris,
1872 3543 1941 3584 ac
1986 3522 2331 3599 secretari0,
2367 3537 2552 3602 prout
2586 3539 2701 3580 nos
2737 3521 2850 3580 hac
2883 3519 3079 3600 prima

469 3630 595 3690 vice
628 3649 735 3690 eos
768 3630 1042 3692 adhiberi
1078 3631 1392 3692 voluimus
1425 3646 1484 3691 et
1514 3631 1996 3708 nominavimus,
2035 3630 2098 3690 in
2122 3648 2461 3690 commune
2482 3628 3086 3703 consulant,tantae·

468 3758 592 3819 que
637 3739 722 3800 rei
773 3739 1097 3801 nobiscum
1143 3738 1487 3817 invigilent,
1536 3758 1604 3798 ac
1649 3752 1772 3798 tam
1821 3754 2035 3800 sancto
2084 3754 2143 3798 et
2188 3736 2430 3798 divinae
2481 3735 2773 3797 maiestati
2818 3735 3092 3796 maxime

467 3861 638 3925 grato
685 3846 874 3927 operi,
920 3861 1154 3924 quanto
1202 3845 1424 3907 melius
1470 3843 1599 3905 fieri
1648 3845 1890 3924 poterit,
1923 3844 2301 3905 incumbant.
2365 3842 2557 3918 Quod
2592 3859 2656 3902 ut
2689 3842 3094 3903 commodius

471 3953 753 4034 praestari
788 3953 997 4034 possit,
1028 3953 1218 4014 semel
1252 3973 1461 4027 coram
1496 3954 1674 4014 nobis
1708 3973 1777 4014 ac
1811 3954 1902 4014 bis
1922 3954 2138 4015 saltem
2158 3953 2222 4013 in
2243 3952 2437 4012 domo
2459 3951 2821 4031 antiquioris
2842 3970 3090 4027 eorum,

470 4060 750 4140 quolibet
795 4079 1008 4121 mense
1057 4077 1531 4140 congregentur,
1580 4061 1919 4142 omniaque
1968 4076 2025 4121 et
2069 4059 2314 4140 singula
2365 4058 2629 4139 negotia,
2690 4059 2764 4119 ad
2798 4057 2984 4119 fidem
3020 4059 3094 4119 in

471 4166 760 4227 universo
806 4168 1045 4228 mundo
1092 4170 1553 4250 propagandam
1599 4168 1984 4249 pertinentia,
2034 4182 2412 4246 cognoscant
2458 4180 2516 4226 et
2548 4180 2819 4242 tractent,
2852 4180 2912 4226 et
2943 4185 3083 4243 gra-

471 4274 660 4350 viora,
691 4294 851 4354 quae
886 4275 948 4335 in
982 4275 1281 4355 praedicta
1318 4276 1511 4336 domo
1545 4275 1902 4356 congregati
1935 4274 2337 4347 tractaverint,
2369 4273 2445 4333 ad
2481 4291 2595 4332 nos
2631 4271 2930 4333 referant:
2966 4272 3081 4332 alia

472 4401 616 4443 vero
650 4401 759 4463 per
789 4380 1024 4461 seipsos
1058 4382 1342 4442 decidant
1373 4400 1431 4443 et
1464 4382 1792 4461 expediant
1824 4402 1939 4462 pro
1974 4400 2193 4441 eorum
2227 4380 2568 4461 prudentia.

684 4498 712 4558 s
751 4509 807 4569 3.
844 4488 1244 4549 Missionibus
1276 4491 1574 4553 omnibus
1606 4491 1682 4551 ad
1717 4490 2200 4572 praedicandum
2223 4504 2281 4548 et
2303 4488 2663 4550 docendum
2683 4486 3082 4567 evangelium,

473 4611 531 4656 et
575 4591 937 4656 catholicam
988 4595 1333 4657 doctrinam
1379 4597 1902 4678 superintendant,
1947 4595 2258 4656 ministros
2304 4595 2675 4656 necessarios
2708 4593 3084 4654 constituant

473 4718 530 4763 et
575 4718 833 4764 mutent.
897 4705 1031 4764 Nos
1077 4704 1245 4764 enim
1292 4703 1395 4781 eis,
1441 4719 1566 4765 tam
1611 4703 1962 4785 praemissa,
1998 4722 2191 4783 quarn
2223 4703 2431 4763 omnia
2466 4717 2525 4763 et
2556 4701 2798 4780 singula
2831 4698 2944 4760 alia
2979 4699 3085 4760 de-

472 4830 657 4892 super
691 4811 1023 4871 necessaria
1057 4827 1115 4871 et
1147 4826 1516 4892 opportuna,
1548 4811 1731 4871 etiam
1761 4811 1812 4871 si
1845 4810 1982 4871 talia
2018 4810 2264 4885 fuerint,
2313 4829 2472 4889 quae
2505 4806 2856 4890 specialem,
2888 4805 3087 4887 speci-

474 4918 653 4980 ficam
689 4932 747 4978 et
779 4936 1123 4999 expressam
1159 4919 1474 5000 requirant
1495 4919 1895 4998 mentionem,
1919 4918 2203 4995 faciendi,
2220 4917 2498 4998 gerendi,
2521 4914 2839 4994 tractandi,
2862 4913 3092 4995 agendi
