3684 5416
1133 388 1341 444 Vicat-ii
1379 402 1434 445 et
1475 389 1842 445 coadiutores
1883 390 2311 462 episcoporum.
2920 393 3026 453 600

411 592 466 635 et
512 574 788 635 sacrificii
838 573 1176 634 necessaria
1223 573 1596 649 sollicitud0‚
1647 574 1788 653 quis
1838 574 2194 636 Leuitarum
2231 576 2601 656 Apostolum
2649 591 2707 635 et
2742 576 3023 653 Euangess-

412 682 565 742 lium
614 681 792 760 legat,
842 680 981 761 quis
1034 699 1245 760 preces
1293 681 1452 742 dicat
1497 700 1606 740 seu
1651 682 2042 761 responsoria
2076 683 2140 743 in
2174 681 2503 744 dominicis
2537 682 2753 743 diebus
2786 698 2889 743 aut
2920 700 3024 742 so-

414 787 873 869 lempnitatibus
896 788 1190 848 decantet.
1224 786 1592 847 Sollicitudo
1616 806 1873 868 quoque
1907 789 2341 869 parochiarum
2376 804 2434 849 et
2465 789 2774 850 ordinatio
2807 804 2866 850 et
2899 788 3024 866 jur·

411 895 508 971 gia
541 894 618 955 ad
651 894 782 954 eius
816 893 1122 973 pertinent
1155 913 1388 970 curam,
1424 912 1536 974 pro
1561 870 1915 974 reparandis
1937 895 2280 956 diocesanis
2301 895 2561 955 basilicis
2595 896 2721 976 ipse
2755 896 3027 974 suggerit

335 1027 353 1069 ,³
412 1000 741 1070 sacerdoti:
793 1000 922 1080 ipse
972 1000 1224 1080 inquirit
1272 1000 1625 1081 parrochias
1656 1019 1799 1061 cum
1834 1001 2102 1063 iussione
2136 1002 2408 1083 episcopi
2442 1019 2498 1063 et
2531 1019 2892 1063 ornamenta
2929 1002 3026 1062 uel
3105 1024 3106 1027 ¹

313 1568 362 1600 10

316 2262 360 2305 ¹5

315 2797 370 2829 20

320 3456 370 3498 25

325 4043 378 4087 30

326 4571 376 4614 ‘35

413 1128 506 1168 res
539 1107 929 1168 basilicarum
964 1108 1065 1167 uel
1100 1106 1552 1187 parochiarum,
1586 1124 1755 1187 gesta
1787 1108 2135 1185 libertatum
2167 1109 2711 1169 ecclesiasticarum
2732 1108 3025 1190 episcopo

414 1215 578 1275 idem
625 1214 823 1291 refert,
875 1214 1196 1274 collectam
1244 1214 1568 1293 pecuniam
1617 1215 1692 1274 de
1739 1217 2188 1276 communione
2237 1215 2362 1296 ipse
2397 1216 2612 1297 accipit
2645 1232 2702 1276 et
2735 1216 3027 1297 episcopo

413 1323 623 1399 defert,
657 1337 715 1382 et
746 1321 978 1382 clericis
1011 1337 1207 1401 partes
1240 1320 1517 1401 proprias
1549 1320 1715 1380 idem
1748 1321 2072 1383 distribuit.
2126 1324 2219 1382 Ab
2255 1322 2708 1383 Archidiacono
2740 1322 3026 1383 nuntian-

413 1445 513 1488 tur
558 1428 852 1509 episcopo
899 1449 1182 1491 excessus
1216 1430 1648 1505 diaconorum,
1700 1431 1825 1510 ipse
1860 1431 2184 1491 denuntiat
2215 1430 2514 1492 sacerdoti
2548 1430 2614 1491 in
2647 1430 2907 1491 sacrario
2943 1431 3028 1490 ie-

415 1536 732 1597 iuniorum
766 1537 895 1597 dies
928 1554 1110 1619 atque
1143 1538 1652 1618 solempnitatum
1680 1554 1736 1598 et
1769 1540 1844 1597 ab
1866 1538 2001 1619 ipso
2024 1539 2265 1623 publice
2289 1539 2350 1599 in
2374 1538 2625 1600 ecclesia
2648 1537 3023 1619 predicatur;

414 1643 668 1722 quando
700 1661 846 1703 vero
878 1642 1347 1703 archidiaconus
1379 1645 1597 1704 absens
1630 1660 1733 1720 est,
1757 1643 1923 1704 uices
1954 1645 2084 1703 eius
2106 1644 2407 1705 diaconus
2426 1665 2693 1725 sequens
2713 1644 3026 1726 adimplet.

981 1868 1110 1925 252.
1153 1868 1567 1925 conantum
1606 1837 2012 1925 Msstssnmtsn
2052 1870 2194 1926 hab.
2234 1886 2292 1926 a.
2331 1870 2459 1926 845.

629 2022 658 2050 ‘
710 2022 981 2088 Mansi,
1018 2024 1109 2075 SS.
1153 2023 1359 2075 Concil.
1400 2040 1535 2076 nova
1573 2028 1627 2076 et
1663 2025 1826 2092 ampl.
1867 2024 2126 2076 collectio.
2167 2024 2340 2076 Tom.
2383 2022 2528 2076 XIV.
2570 2039 2622 2093 p.
2666 2022 2786 2094 8²9·
2863 2023 3028 2077 Hin..

417 2099 705 2165 sebius,
747 2103 1150 2156 Kz'rcleenreclet.
1191 2103 1365 2156 Tom.
1395 2102 1455 2156 ll.
1496 2121 1548 2174 p.
1586 2103 1697 2158 166.

631 2251 682 2291 c.
719 2252 826 2310 44.
881 2233 964 2294 Ut
1011 2233 1494 2314 chorepiscopus
1542 2234 1808 2294 modum
1856 2253 2044 2294 suum
2092 2232 2256 2294 iuxta
2304 2233 3036 2294 canonicaminstitutioe

422 2357 562 2397 nem
595 2353 795 2398 teneat
829 2354 886 2399 et
921 2359 1033 2400 nec
1066 2356 1350 2400 sanctum
1385 2339 1649 2400 chrisma
1685 2359 1799 2400 nec
1832 2355 2115 2402 sanctum
2150 2338 2520 2420 paracletum
2553 2339 2854 2420 spiritum,
2885 2339 3035 2401 solis

420 2444 737 2525 Episcopis
758 2446 923 2507 iuxta
944 2447 1183 2507 decreta
1207 2446 1545 2507 Innocentii
1578 2444 1648 2525 [e.
1685 2469 1696 2506 ι
1728 2468 1797 2525 19
1825 2448 1899 2508 D.
1921 2446 2015 2508 1v.
2050 2447 2126 2506 de
2148 2444 2444 2525 consecr.]
2466 2447 2732 2507 tribuere
2754 2447 3034 2508 debitum

420 2551 652 2612 tradere
700 2568 918 2619 tentet:
973 2573 1086 2613 nec
1117 2553 1402 2614 ecclesias
1436 2570 1752 2615 consecret
1791 2573 1994 2633 neque
2027 2553 2466 2614 ecclesiasticos
2499 2554 2607 2633 qui
2640 2574 2747 2633 per
2776 2553 3032 2633 imposi-

420 2659 653 2720 tionem
702 2679 922 2720 manus
966 2659 1321 2721 tribuuntur
1365 2660 1404 2721 i.
1440 2680 1509 2734 e.‚
1558 2659 1806 2721 nonnisi
1852 2679 2052 2740 usque
2103 2660 2179 2720 ad
2231 2660 2750 2722 subdiaconatum
2803 2675 2862 2721 et
2914 2660 3035 2721 hoc

422 2768 666 2828 iubente
702 2767 995 2848 episcopo
1028 2786 1085 2827 et
1116 2767 1191 2830 in.
1212 2768 1365 2828 locis
1399 2767 1630 2854 quibus
1664 2787 1935 2828 canones
1969 2787 2146 2848 agere
2182 2767 2523 2849 designant,
2574 2787 2750 2847 agere
2786 2786 3034 2848 praesu-

427 2890 611 2934 mant.
676 2874 1054 2954 Impositioni
1103 2889 1305 2934 autem
1342 2874 1757 2955 poenitentiae
1791 2891 1895 2935 aut
1929 2874 2379 2955 poenitentium
2412 2874 2895 2934 reconciliationi
2929 2892 3036 2954 per

428 2981 782 3062 parochiam
817 2982 1167 3041 secundum
1201 2958 1565 3041 mandatum
1599 2981 1870 3062 episcopi
1904 2981 2000 3042 sui
2033 2981 2334 3042 inserviat.

1064 3205 1195 3262 253.
1251 3206 1764 3263 mxocmwms
1804 3208 1926 3262 111.
1966 3165 2398 3276 (nas—iata).

632 3359 1129 3414 Innocentius
1170 3360 1280 3413 111.
1324 3359 1756 3414 Arelatensi
1799 3359 2440 3431 Archiepiscopo,
2480 3357 2535 3411 in
2576 3376 2623 3412 c.
2666 3377 2712 3428 5.
2755 3359 2821 3411 X.

1081 3442 1147 3492 de
1184 3442 1382 3493 clerico
1420 3445 1738 3507 aegrotante
1773 3442 1856 3492 vel
1888 3441 2182 3492 debilitas&
2226 3440 2311 3493 ΙΙΙ.
2350 3440 2398 3492 6.

642 3584 671 3612 ‘
713 3584 871 3653 Corp.
912 3585 1016 3636 ίαν.
1055 3601 1176 3636 can.
1220 3583 1307 3640 ed.
1350 3581 1777 3652 Friedberg.
1820 3583 1888 3636 T.
1920 3582 1979 3636 11.
2009 3581 2118 3636 col.
2145 3581 2268 3651 482.
2309 3583 2689 3653 Potthast‚
2729 3598 2781 3634 n.
2815 3599 2968 3654 2335·

510 3706 820 3778 Episcop0‚
852 3707 949 3778 qui
977 3721 1216 3780 propter
1244 3709 1515 3761 morbum
1544 3705 1914 3761 incurabilem
1944 3705 2228 3776 pastorale
2257 3704 2517 3760 officium
2546 3722 2810 3760 exercere
2838 3724 2957 3761 non

1262 3800 1472 3859 potest,
1514 3787 1735 3842 dandus
1776 3800 1861 3842 est
1892 3787 2210 3844 coadiutor.

642 3906 730 3961 Ex
765 3918 929 3981 parte
966 3900 1075 3961 fuit
1111 3901 1499 3982 propositum
1531 3923 1733 3961 coram
1756 3903 1958 3975 nobis,
1992 3902 2182 3981 quod,
2205 3920 2406 3980 quum
2439 3900 2806 3960 venerabilis
2818 3903 3037 3977 frater

432 4015 637 4069 noster
668 4009 1058 4069 Aurasiensis
1108 4009 1434 4090 episcopus
1482 4009 1647 4087 gravi
1695 4024 1753 4069 et
1798 4008 2116 4069 incurabili
2164 4011 2384 4068 morbo
2433 4007 2554 4067 fere
2591 4011 2712 4067 iam
2749 4026 2858 4087 per
2890 4026 3042 4086 qua-

433 4115 784 4175 driennium
835 4114 1200 4176 laboraverit
1251 4116 1347 4186 ita,
1398 4117 1569 4196 quod
1619 4117 1919 4195 pastorale
1970 4115 2247 4176 officium
2296 4135 2423 4175 non
2445 4118 2673 4195 poluit,
2706 4135 2815 4174 nec
2847 4129 3046 4194 potest

438 4223 741 4283 ullatenus
790 4241 1089 4298 exercere,
1143 4223 1370 4284 nabilis
1404 4226 1499 4283 vir
1531 4224 1605 4283 de
1640 4223 1874 4283 Baucio
1910 4223 2192 4303 princeps
2225 4238 2416 4282 terrae
2452 4222 2632 4295 illius,
2667 4221 2945 4282 consules
2978 4239 3045 4279 ac

434 4329 593 4389 cives
641 4329 895 4388 civitatis
935 4329 1212 4389 eiusdem
1252 4352 1281 4390 a
1317 4347 1372 4390 te
1410 4330 1722 4410 postulant
1756 4330 2149 4398 incessanter,
2187 4345 2253 4390 ut
2288 4336 2410 4388 tam
2445 4328 2586 4408 ipsis
2620 4349 2799 4408 quam
2835 4328 3045 4387 Aura-

435 4438 664 4495 sicensi
691 4435 1003 4507 ecclesiae,
1036 4455 1237 4514 quum
1271 4436 1351 4496 sis
1372 4436 1888 4516 metropolitanus
1910 4455 2146 4506 eorum,
2171 4436 2414 4494 studeas
2439 4434 2776 4514 providere.
2816 4433 3045 4494 Verum

436 4560 637 4621 quum
672 4547 733 4600 tn
766 4542 974 4622 ipsum
1008 4543 1083 4602 ad
1118 4542 1455 4602 cessionem
1492 4542 1863 4622 compellere
1897 4561 2028 4602 non
2062 4542 2276 4621 possis,
2300 4561 2412 4601 nec
2432 4541 2652 4601 debeas
2677 4541 2805 4600 ullo
2828 4541 3042 4615 modo,

438 4668 550 4708 nec
583 4647 811 4709 afflicto
845 4648 1094 4709 afflictio
1128 4649 1198 4709 sit
1223 4650 1523 4718 addenda,
1548 4650 1741 4708 immo
1764 4650 1968 4730 potius
1989 4653 2075 4709 sit
2095 4649 2284 4729 ipsius
2306 4649 2582 4708 miseriae
2607 4648 3047 4720 miserendum,

438 4774 533 4830 e0,
582 4755 755 4834 quod
807 4755 969 4816 idem
1028 4755 1117 4816 vir
1164 4758 1365 4815 bonus
1414 4756 1668 4815 extiterit
1716 4763 1775 4814 et
1805 4754 2114 4828 honestus,
2149 4773 2205 4816 et
2238 4755 2554 4816 ecclesiam
2587 4755 2906 4816 salubriter
2938 4753 3049 4813 sibi

437 4861 834 4922 commissam
880 4863 1330 4942 gubernaverit,
1366 4863 1522 4943 quid
1565 4871 1750 4943 super
1781 4863 1879 4923 his
1913 4885 2096 4943 agere
2127 4864 2368 4937 debeas,
2400 4864 2598 4923 sedem
2634 4863 2871 4921 duxisti
2898 4870 3049 4941 apo-

438 4968 715 5029 stolicam
766 4970 1217 5029 consulendam.
1280 4969 1413 5029 Nos
1465 4971 1661 5048 §gitur
1711 4968 1986 5029 volentes
2035 4986 2158 5043 tam
2193 4973 2485 5049 praefato
2532 4968 2827 5048 episcopo
2860 4986 3050 5046 quam

653 5087 691 5130 G
710 5101 731 5130 a
750 5088 761 5130 1
781 5096 948 5130 ante:
993 5088 1160 5131 Fontes
1188 5089 1269 5137 iur.
1299 5101 1395 5131 can.
2702 5087 2766 5140 39
