3684 5416
278 1559 335 1592 (0

277 2094 328 2138 ,15

267 2634 329 2666 ⁴20

267 3169 325 3213 ⁴³5

265 3704 326 3751 30

264 4238 323 4283 '35

266 4773 331 4814 «4ο

1036 396 1299 450 Potestas
1338 393 1718 450 ecclesiastica
1758 408 1815 449 et
1853 392 2154 465 imperium
2194 393 2368 449 civile.
2884 394 2999 468 ,163

606 577 727 638 Sed
760 594 825 639 ut
856 577 934 639 ad
956 597 1085 639 rem
1104 578 1458 640 redeamus:
1493 578 1654 640 itane
1676 577 1958 659 dignitaS,
1989 598 2023 638 a
2043 578 2457 639 saecularibus
2477 612 2563 622 —-
2583 577 2766 640 etiam
2788 579 2992 640 Deum

376 683 822 761 jgnorantibus
854 718 940 726 —
973 683 1238 762 inventa,
1271 705 1402 747 non
1436 684 1769 747 subicietur
1801 685 1856 746 ei
1882 683 2180 764 dignitati,
2201 704 2390 765 quam
2413 685 2862 765 omnipotentis
2885 684 3001 747 Dei

389 788 776 870 providentia
826 792 902 852 ad
954 792 1262 853 honorem
1312 810 1501 852 suum
1543 790 1780 852 invenit
1825 790 2197 871 mundoque
2243 791 2722 852 misericorditer
2753 790 3001 852 tribuit?

387 898 571 958 cuius
617 897 779 961 filius
827 934 915 943 —
965 899 1124 964 sicut
1167 901 1321 962 deus
1367 916 1426 962 et
1458 901 1652 962 homo
1684 898 2105 961 indubitanter
2136 899 2403 960 creditur
2454 932 2542 943 -—
2592 900 2671 960 ita
2718 917 3004 959 summus

388 1005 693 1081 sacerdos,
726 1021 908 1087 caput
938 1006 1226 1069 omnium
1258 1007 1667 1086 sacerdotum,
1698 1006 1773 1067 ad
1806 1007 2119 1068 dexteram
2152 1005 2334 1088 patris
2365 1007 2586 1069 sedens
2608 1022 2666 1068 et
2686 1025 2801 1088 pro
2822 1005 3004 1068 nobis

387 1120 635 1182 semper
677 1101 1089 1184 interpellans,
1135 1106 1427 1180 habetur3
1493 1105 1601 1185 qui
1647 1104 1956 1167 saeculare
1989 1124 2272 1184 regnum,
2304 1106 2471 1168 unde
2504 1104 2611 1167 filii
2643 1103 2872 1166 saeculi
2905 1118 3003 1164 tu-

388 1223 584 1287 ment,
636 1209 908 1291 despexit
954 1227 1013 1272 et
1057 1212 1133 1273 ad
1167 1212 1581 1274 sacerdotium
1628 1212 1825 1274 crucis
1871 1226 2253 1293 spontaneus
2297 1212 2480 1273 venit.
2544 1211 2705 1287 Quis
2737 1210 3001 1271 nesciat:

388 1336 564 1396 reges
610 1337 667 1377 et
712 1318 901 1379 duces
946 1322 1022 1380 ab
1055 1319 1127 1381 iis
1160 1320 1447 1382 habuisse
1480 1320 1877 1401 principium,
1911 1319 2038 1399 qui,
2071 1319 2276 1380 Deum
2309 1318 2683 1398 ignorantes,
2716 1316 3004 1399 superbia

388 1424 620 1505 rapinis
652 1424 904 1506 perfidia
940 1426 1309 1505 homicidiis,
1345 1443 1659 1509 postremo
1697 1427 1999 1489 universis
2019 1447 2180 1509 pene
2200 1425 2549 1503 sceleribus,
2581 1424 2801 1486 mundi
2831 1422 3004 1506 prin-

387 1532 524 1612 cipe
556 1531 803 1595 diabolo
835 1534 1120 1596 videlicet
1150 1535 1434 1616 agitante,
1469 1554 1655 1617 super
1675 1555 1868 1618 pareS,
1903 1534 2129 1596 scilicet
2150 1534 2460 1613 homines,
2496 1531 2803 1595 dominari
2826 1550 3004 1592 caeca

386 1639 676 1721 cupidine
691 1656 748 1702 et
763 1640 1130 1703 intolerabili
1155 1642 1655 1724 praesumptione
1680 1642 2132 1705 affectaverunt.
2166 1640 2294 1716 Qui
2321 1640 2617 1718 videlicet,
2640 1641 2794 1701 dum
2808 1656 3005 1699 sacer-

385 1749 565 1808 dotes
597 1747 853 1809 Domini
886 1749 962 1809 ad
996 1748 1244 1828 vestigia
1277 1770 1387 1811 sua
1421 1749 1713 1811 inclinare
1748 1748 2155 1825 contendunt,
2187 1746 2285 1808 cui
2320 1746 2542 1809 rectius
2564 1760 3002 1826 comparentur

385 1873 582 1935 quam
623 1854 696 1932 ei,
747 1854 854 1934 qui
886 1870 975 1916 est
1006 1871 1187 1937 caput
1217 1875 1403 1937 super
1433 1875 1655 1917 omnes
1688 1855 1839 1917 filios
1871 1853 2230 1936 superbiae?
2278 1854 2386 1934 qui
2434 1853 2638 1934 ipsum
2679 1869 3001 1912 summum

385 1958 768 2041 pontificem,
800 1961 1189 2023 sacerdotum
1222 1977 1423 2044 caput,
1458 1960 1754 2023 Altissimi
1788 1960 2004 2037 filium,
2036 1974 2339 2040 temptans
2360 1973 2420 2020 et
2441 1959 2652 2019 omnia
2673 1958 2758 2019 illi
2782 1956 3005 2018 mundi

383 2086 575 2146 regna
609 2067 992 2149 promittens,
1023 2070 1136 2130 ait:
1182 2068 1397 2129 ‹Haec
1428 2071 1633 2130 omnia
1667 2068 1785 2128 tibi
1812 2067 1991 2140 dabo,
2019 2067 2080 2126 si
2097 2067 2429 2147 procidens
2451 2066 2808 2126 adoraveris
2828 2064 3005 2125 nm?

386 2175 555 2249 Quis
601 2173 857 2251 dubitet,
901 2175 1248 2236 sacerdotes
1280 2174 1507 2236 Christi
1541 2194 1760 2254 regum
1792 2190 1852 2234 et
1882 2173 2235 2254 principum
2267 2171 2681 2251 omniumque
2717 2170 3001 2231 fidelium

379 2298 589 2364 patres
622 2298 681 2343 et
715 2283 1036 2362 magistros
1070 2283 1342 2344 censeri?
1395 2284 1625 2344 Nonne
1660 2281 2020 2344 miserabilis
2053 2280 2323 2341 insaniae
2356 2299 2486 2341 esse
2520 2278 2915 2356 cognoscitur
2952 2278 3001 2340 si

384 2390 553 2451 filius
599 2404 853 2471 patrem,
901 2390 1239 2472 discipulus
1270 2391 1639 2469 magistrum
1672 2391 1785 2451 sibi
1817 2404 2079 2450 conetur
2109 2388 2456 2467 subiugare,
2490 2402 2546 2448 et
2578 2385 2808 2466 iniquis
2841 2384 3001 2446 obli-

377 2496 737 2577 gationibus
783 2497 961 2559 illum
1011 2517 1157 2559 suae
1204 2499 1483 2580 potestati
1528 2498 1825 2575 subicere,
1874 2517 1908 2557 a
1956 2514 2085 2577 quo
2119 2494 2309 2556 credit
2342 2513 2472 2555 non
2506 2495 2714 2555 solum
2748 2493 2812 2553 in
2847 2508 3002 2553 terra

374 2605 496 2670 sed
543 2604 723 2665 etiam
757 2604 821 2665 in
853 2605 1039 2666 coelis
1070 2625 1134 2666 se
1166 2606 1340 2686 ligari
1373 2626 1552 2686 posse
1585 2622 1642 2666 et
1673 2605 1848 2668 solvi.
1904 2605 2093 2684 Haec,
2126 2604 2282 2664 sicut
2313 2604 2528 2663 beatus
2561 2601 2901 2680 Gregorius
2934 2600 2999 2663 in

380 2712 641 2794 epistola
690 2714 768 2774 ad
821 2714 1180 2776 Mauritium
1230 2715 1662 2795 imperatorem
1727 2715 1953 2799 directa
2015 2725 2483 2789 commemorat,
2548 2710 2998 2772 Constantinus

379 2820 658 2899 Magnus
691 2821 1039 2902 imperator,
1072 2821 1358 2882 omnium
1391 2841 1610 2902 regum
1642 2837 1700 2882 et
1732 2820 2083 2903 principum
2117 2818 2240 2879 fere
2274 2817 2463 2880 totius
2495 2816 2660 2877 orbis
2681 2816 3000 2897 dominus,

382 2926 704 2988 evidenter
747 2927 1117 3007 intelligenS,
1165 2928 1230 2989 in
1263 2943 1469 2989 sancta
1505 2930 1758 3010 Nycena
1791 2928 2038 3010 synodo
2072 2942 2212 3008 post
2243 2945 2464 2987 omnes
2497 2923 2820 3006 episcopos
2853 2924 2995 2984 ulti-

381 3055 531 3095 mus
575 3035 865 3113 residenS,
916 3036 1154 3097 nullam
1202 3036 1408 3098 iudicii
1453 3038 1820 3098 sententiam
1852 3056 2037 3118 super
2068 3055 2176 3096 eos
2210 3036 2353 3096 dare
2387 3031 2823 3114 praesumpsit;
2887 3032 2995 3095 sed

383 3142 528 3205 illos
561 3143 743 3204 etiam
776 3143 925 3205 deos
958 3163 1204 3222 vocanS,
1240 3165 1370 3206 non
1391 3165 1507 3206 suo
1530 3146 1751 3206 debere
1773 3149 2025 3207 subesse
2044 3144 2292 3216 iudicio,
2324 3160 2540 3202 verum
2562 3160 2625 3201 se
2647 3140 2723 3200 ad
2744 3140 2991 3201 illorum

381 3249 655 3329 pendere
688 3249 1004 3311 arbitrium
1037 3249 1339 3311 iudicavit.
1371 3250 1570 3331 Supra
1604 3251 1766 3311 dicto
1800 3270 2054 3331 quoque
2087 3248 2414 3310 Anastasio
2446 3245 2800 3327 imperatori
2820 3265 2995 3327 prae·

379 3356 608 3419 libatus
641 3375 797 3437 papa
830 3357 1112 3418 Gelasius
1144 3360 1542 3438 persuadenS,
1577 3377 1654 3418 ne
1687 3358 1788 3418 ille
1821 3357 2161 3418 intimatam
2196 3356 2323 3417 suis
2355 3355 2637 3415 sensibus
2669 3354 2984 3415 veritatem

379 3463 777 3525 arbitraretur
808 3466 1115 3543 iniuriam,
1148 3466 1471 3527 subintulit
1515 3466 1754 3526 dicens:
1827 3463 2010 3525 ‹Duo
2054 3470 2201 3524 sunt
2229 3466 2468 3544 quippe,
2502 3464 2836 3543 imperator
2866 3484 2983 3522 au-

369 3580 582 3655 guste,
614 3574 836 3655 quibus
852 3575 1297 3656 principaliter
1315 3574 1576 3634 mundus
1596 3573 1697 3633 hic
1718 3576 1979 3652 regitur,
1995 3572 2337 3660 fractoritas
2355 3575 2602 3629 sacrata
2609 3570 2922 3649 pontificu
2936 3588 2992 3628 m

380 3687 447 3740 et
476 3680 708 3760 regalis
731 3688 1051 3762 potesta5,·
1099 3684 1164 3741 in
1197 3680 1415 3761 quibus
1449 3686 1613 3740 tanto
1638 3682 1900 3759 gravius
1919 3678 2166 3760 pondus
2199 3682 2293 3736 est
2320 3676 2728 3749 sacerdotum,
2761 3680 2986 3754 quanto

378 3789 567 3848 etiam
585 3797 710 3869 pro
744 3790 899 3869 ipsis
928 3787 1176 3868 regibus
1195 3787 1502 3847 hominum
1525 3789 1589 3846 in
1611 3786 1818 3846 divino
1839 3786 2152 3846 reddituri
2168 3789 2313 3843 sunt
2328 3784 2603 3843 examine
2623 3784 2991 3841 rationem».

379 3894 461 3956 Et
505 3894 715 3975 paucis
759 3893 1151 3975 interpositis,
1194 3893 1427 3973 inquit:
1487 3893 1712 3952 «Nosti
1754 3895 1960 3973 itaque
1997 3894 2159 3952 inter
2189 3889 2321 3963 hec,
2355 3910 2426 3949 ex
2459 3889 2705 3949 illorum
2740 3894 2796 3947 te
2812 3895 2989 3968 pen-

379 4001 530 4080 dere
561 4001 815 4075 iudicio,
859 4022 979 4063 non
1023 4001 1166 4061 illos
1196 4002 1283 4062 ad
1310 4007 1475 4061 tuam
1507 4000 1660 4060 velle
1692 4000 1900 4080 redigi
1927 3999 2354 4060 voluntatem».
2416 3996 2619 4072 (Conf.
2653 4013 2827 4056 num.
2870 3994 2990 4073 30.)

596 4107 858 4169 Talibus
890 4126 1038 4187 ergo
1073 4106 1362 4167 institutis
1391 4106 1737 4186 talibusque
1774 4106 1907 4167 fulti
1942 4104 2422 4179 auctoritatibuS‚
2471 4102 2750 4184 plerique
2783 4100 2992 4181 ponti-

380 4213 592 4292 ficum,
625 4213 725 4274 alii
756 4233 918 4292 rege,
954 4213 1052 4274 alii
1083 4214 1485 4294 imperatores
1518 4211 2227 4273 excommunicaverunt.
2293 4210 2474 4285 Nam,
2510 4209 2558 4269 si
2592 4207 2848 4289 speciale
2882 4206 2990 4267 ali-

379 4322 558 4402 quod
588 4320 665 4381 de
698 4320 977 4402 personis
1009 4319 1359 4401 principum
1394 4318 1740 4399 requiratur
1771 4318 2147 4398 exemplum,
2181 4318 2393 4376 beatus
2416 4314 2810 4376 Innocentius
2833 4333 2989 4394 papa

381 4430 766 4492 Archadium
799 4431 1255 4511 imperatorem,
1290 4428 1434 4508 quia
1466 4426 1796 4503 consensit,
1827 4441 1897 4487 ut
1928 4441 2176 4487 sanctus
2196 4424 2503 4485 Iohannes
2524 4421 2991 4484 Chrisostomus

378 4561 417 4601 a
450 4540 592 4600 sede
624 4559 737 4600 sua
769 4538 1112 4619 pelleretur,
1165 4534 1737 4597 excommunicavit.
1801 4534 1979 4595 Alius
2010 4533 2156 4595 item
2192 4533 2513 4593 Romanus
2545 4529 2840 4612 pontifex,
2873 4531 2991 4591 Za-

380 4647 617 4708 charias
661 4644 957 4722 videlicet,
1006 4662 1215 4724 regem
1248 4643 1649 4719 Francorum,
1702 4660 1835 4703 non
1878 4657 2005 4702 tam
2037 4660 2149 4722 pro
2182 4641 2310 4702 suis
2343 4636 2766 4719 iniquitatibus
2799 4657 2989 4718 quam

382 4775 496 4837 pro
531 4774 627 4833 e0,
661 4753 836 4835 quod
867 4767 1069 4813 tantae
1103 4750 1383 4833 potestati
1416 4769 1546 4812 non
1581 4764 1705 4811 erat
1737 4749 1925 4827 utilis,
1960 4769 1993 4809 a
2026 4767 2220 4828 regno
2253 4745 2569 4828 deposuit;
2607 4760 2666 4805 et
2697 4743 2989 4825 Pipinum

371 4860 590 4940 ⁴Caroli
626 4859 838 4940 Magni
870 4857 1253 4940 imperatoris
1287 4872 1520 4938 patrem
1553 4856 1617 4916 in
1650 4855 1783 4916 eius
1813 4855 1954 4916 loco
1985 4852 2323 4924 substituit;
2361 4869 2707 4931 omnesque
2739 4849 2992 4911 Franci-

381 4988 570 5050 genas
620 4989 655 5029 a
699 4966 1047 5028 iuramento
1095 4963 1418 5045 fidelitatis,
1464 4963 1636 5044 quod
1682 4962 1767 5023 illi
1803 4963 2085 5038 fecerant,
2133 4959 2408 5037 absolvit.
2474 4957 2669 5035 Quod
2703 4956 2883 5018 etiam
2916 4977 2991 5019 ex

2576 5059 2669 5113 11‘
