3684 5416
602 382 708 436 570
1698 368 2126 440 Metropolitae.

602 549 755 629 vice,
800 551 1204 612 anathematis
1247 552 1504 614 vinculo
1550 573 1680 614 esse
1727 552 2116 630 innodatum,
2162 570 2220 613 et
2265 575 2299 615 a
2345 572 2542 632 regno
2575 553 2691 614 Dei
2737 573 2870 615 esse
2913 555 3226 630 alienum;

600 658 712 739 qui
755 677 906 720 vero
954 656 1143 736 hujus
1190 675 1434 721 nostrae
1466 660 1778 741 Epistolae
1826 660 2231 722 institutionis
2262 660 2328 722 in
2359 660 2652 722 omnibus
2682 663 3042 722 observator
3072 660 3222 722 exti-

597 765 755 843 terit,
799 766 1246 829 benedictionis
1290 770 1565 846 gratiam,
1607 769 1923 850 vitamque
1970 784 2303 846 aeternam,
2353 785 2409 830 et
2443 769 2901 830 absolutionem
2933 767 3219 829 omnium

598 888 990 953 peccatorum
1039 893 1299 937 suorum
1331 876 1634 957 consequi
1666 892 1975 938 mereatur
2005 897 2038 937 a
2077 876 2229 954 De0‚
2265 875 2373 957 qui
2404 876 2551 937 vivit
2581 890 2641 937 et
2672 891 2887 956 regnat
2918 875 2984 937 in
3016 874 3220 936 secula

517 1000 541 1044 5
598 979 974 1058 seculorum,
1006 987 1232 1045 Amen.

814 1106 1128 1188 Scriptum
1162 1127 1270 1189 per
1302 1127 1526 1170 manus
1559 1109 1815 1170 Joannis
1849 1108 2213 1188 Cardinalis,
2247 1126 2303 1170 et
2334 1108 2701 1171 Cancellarii
2736 1107 2865 1170 vice
2887 1107 3046 1169 Petri
3066 1106 3211 1167 Dia-

599 1213 741 1274 coni
774 1214 991 1275 Mense
1041 1214 1441 1295 Septembris,
1489 1215 1829 1277 Indictione
1884 1215 2143 1277 decima.
2210 1217 2440 1277 Datum
2492 1236 2600 1298 per
2649 1235 2872 1277 manus
2920 1214 3224 1276 Bossonis

599 1319 887 1402 Episcopi
937 1337 993 1381 et
1024 1321 1479 1383 Bibliothecarii
1525 1322 1585 1383 S.
1619 1322 1691 1385 R.
1726 1322 1795 1384 E.
1833 1322 1898 1384 in
1932 1324 2170 1403 Mense,
2218 1340 2278 1385 et
2324 1323 2660 1385 Indictione
2695 1322 3121 1405 suprascripta,
3156 1321 3222 1381 in

601 1426 1017 1488 Sacratissima
1052 1428 1209 1490 Sede
1242 1429 1410 1490 Beati
1442 1429 1602 1490 Petri
1638 1429 1924 1511 Apostoli
1972 1450 2143 1491 anno
2176 1431 2271 1493 lv.
2306 1431 2442 1492 Deo
2488 1430 2775 1512 propiti0,
2824 1427 3228 1492 pontificatus

495 1553 545 1586 ιο
601 1532 676 1592 D.
724 1533 980 1594 Joannis
1026 1534 1267 1597 Summi
1320 1537 1633 1599 Pontificis
1683 1553 1741 1598 et
1788 1537 2152 1599 universalis
2197 1538 2353 1599 XIX.
2402 1538 2617 1619 Papae.
2682 1539 2754 1613 (a.
2803 1536 3010 1612 1026.)
3073 1531 3132 1614 [1.
3166 1553 3227 1593 c-

598 1639 713 1699 col.
746 1639 1048 1721 49—50.]

1273 1817 1401 1874 228.
1441 1817 1913 1874 ALEXANDER
1951 1819 2071 1875 ΙΙΙ.
2108 1819 2544 1890 (1159-1181).

1479 1998 1527 2038 e.
1578 1999 1652 2034 11.
1694 1981 1761 2033 X.
1802 1983 1869 2034 de
1905 1983 2176 2034 electione.
2218 1981 2254 2038 1.
2294 1982 2344 2036 6.

813 2133 841 2162 ³
884 2134 1043 2204 Corp.
1081 2136 1189 2189 iur.
1227 2153 1347 2188 cau.
1388 2135 1477 2188 ed.
1518 2132 1956 2204 Friedberg.
1997 2135 2172 2190 Tom·
2213 2135 2251 2189 1.
2291 2134 2399 2190 col.
2442 2153 2524 2207 53.

497 2302 544 2345 ¹5
601 2277 1075 2350 Metropolitanus
1116 2276 1513 2347 confirmatu8‚
1552 2275 1684 2332 licet
1722 2277 1988 2333 nondum
2016 2275 2294 2348 receperit
2320 2275 2573 2348 pallium,
2601 2288 2789 2348 potest
2814 2293 2984 2331 suum
3011 2274 3220 2330 suffra-

1493 2375 1746 2428 ganeum
1773 2357 2100 2413 consecrari
2126 2357 2332 2412 facere.

815 2473 1233 2552 Suffraganeis
1280 2473 1538 2534 alicuius
1584 2473 2065 2554 metropolitani,
2117 2474 2193 2534 ad
2242 2473 2602 2534 mandatum
2635 2471 2829 2552 ipsius
2861 2472 3218 2553 metropoli-

600 2585 758 2657 tani,
809 2596 948 2663 post
995 2579 1531 2642 confirmationem
1579 2579 1892 2641 electionis
1943 2599 2111 2658 suae,
2160 2579 2392 2641 etiarnsi
2442 2579 2698 2660 pallium
2744 2598 2876 2641 non
2910 2578 3222 2660 receperit,

597 2689 835 2752 licitum
868 2704 957 2751 est
989 2688 1254 2770 aliquem
1288 2688 1576 2765 electum,
1608 2685 1718 2767 qui
1750 2686 1827 2747 ad
1862 2686 1994 2748 eius
2028 2685 2508 2748 iurisdictionem
2544 2686 2824 2769 pertinet,
2842 2704 3220 2763 consecrare,

492 2838 547 2869 ao
600 2804 661 2858 et
686 2798 1151 2879 metropolitano
1197 2798 1590 2877 aegritudine
1637 2794 1954 2855 laborante
1984 2795 2082 2855 vel
2107 2795 2270 2855 alias
2287 2796 2679 2876 praepedito,
2698 2802 2853 2876 post
2878 2795 3216 2873 susceptio-

600 2926 735 2965 nem
768 2906 989 2986 pallii,
1037 2912 1097 2965 et
1139 2908 1322 2965 etiam
1368 2911 1507 2965 ante
1553 2905 1614 2963 si
1655 2907 1789 2963 eius
1821 2910 1916 2964 est
1943 2903 2154 2964 electio
2185 2906 2553 2981 confirmata
2587 2904 2981 2985 suffraganei
3006 2907 3111 2963 sui
3136 2903 3226 2962 ad

602 3012 953 3071 mandatum
988 3013 1185 3092 ipsius
1203 3016 1472 3092 possunt
1498 3011 1685 3070 electo
1719 3030 1941 3070 munus
1973 3013 2455 3071 consecrationis
2487 3014 2782 3089 conferre.

1254 3271 1382 3326 229.
1438 3269 1944 3327 INROCENTHJS
1985 3272 2105 3329 111.
2145 3272 2579 3341 (nal—1198).

601 3433 668 3504 a)
725 3432 1226 3488 Innocentius
1268 3434 1378 3488 111.
1421 3434 1487 3488 C.
1528 3434 1997 3502 Presbytero
2040 3431 2434 3487 Cardinali
2473 3431 2979 3503 Apostolicae
3016 3430 3228 3486 sedis

490 3531 542 3574 25
1028 3514 1322 3585 legato.
1361 3513 1431 3568 in
1471 3531 1519 3569 c.
1560 3534 1610 3587 3.
1649 3515 1715 3573 X.
1754 3516 1822 3568 de
1860 3518 2190 3569 auctoritate
2226 3519 2283 3567 et
2318 3532 2418 3567 usu
2451 3516 2622 3586 pallii.
2663 3513 2699 3571 1.
2739 3512 2789 3567 8.

815 3676 843 3705 ·
886 3677 1044 3746 Corp.
1086 3678 1189 3728 iur.
1228 3693 1348 3729 can.
1391 3674 1478 3730 ed.
1521 3672 1952 3744 Friedberg.
1994 3674 2294 3730 T.11.c01.
2333 3692 2445 3732 101.
2484 3673 2869 3743 Potthast,
2908 3689 2962 3726 n.
2999 3688 3146 3725 1112.

686 3836 795 3890 Per
822 3836 1053 3907 pallium
1083 3835 1379 3891 confertur
1406 3834 1704 3906 plenitudo
1736 3835 2079 3906 pontificalis
2107 3834 2284 3890 officii
2311 3847 2367 3889 et
2393 3852 2610 3890 nomen
2638 3830 3137 3904 archiepiscopale.

816 3966 948 4027 Nisi
994 3966 1271 4047 specialis
1317 3966 1563 4028 dilectio
1616 3966 1714 4026 illa
1764 3965 1881 4040 (Et
1924 3969 2137 4045 iufra:
2182 3964 2298 4045 [es.
2342 3988 2390 4025 c.
2423 3965 2483 4025 8.
2540 3966 2615 4025 de
2659 3963 2762 4045 off
2806 3962 2919 4043 leg.
2960 3960 3010 4023 J.
3041 3956 3222 4041 30]),

597 4074 778 4152 Sane,
810 4074 860 4135 si
895 4074 1226 4155 postulatio
1259 4073 1625 4134 venerabilis
1638 4076 1880 4152 fratris
1913 4074 2144 4134 uostris
2162 4073 2420 4134 Troiani
2453 4072 2729 4154 episcopi
2762 4071 2948 4151 regni
2962 4067 3216 4130 Siciliae

490 4212 543 4256 30
596 4180 967 4240 cancellarii
1022 4181 1097 4240 ad
1146 4180 1648 4242 panormitanam
1697 4179 2016 4242 ecclesiam
2064 4178 2275 4241 fuisset
2321 4199 2429 4262 per
2475 4199 2592 4241 nos
2637 4179 2818 4240 etiam
2865 4176 3216 4258 approbata,

599 4305 729 4349 non
774 4303 980 4347 tamen
1026 4287 1275 4348 deberet
1320 4309 1383 4347 se
1431 4287 1966 4369 archiepiscopum
2014 4287 2319 4368 appellare
2354 4287 2546 4367 prius,
2581 4305 2773 4366 quam
2806 4305 2841 4345 a
2874 4283 3055 4346 nobis
3087 4282 3213 4363 pal-

594 4396 752 4456 lium
799 4394 1181 4474 suscepisset,
1232 4395 1296 4456 in
1341 4415 1470 4475 quo
1518 4395 1889 4477 pontificalis
1923 4394 2109 4457 officii
2144 4395 2467 4477 plenitudo
2501 4413 2650 4456 cum
2680 4390 3216 4474 archiepiscopalis

595 4500 870 4563 nominis
916 4501 1324 4581 appellatione
1371 4502 1702 4563 confertur.
1766 4502 1871 4563 Tu
1921 4520 2089 4581 ergo,
2138 4504 2303 4562 sicut
2343 4504 2440 4562 vir
2471 4502 2777 4583 providus
2822 4507 2884 4562 et
2912 4501 3216 4561 discretus

594 4610 770 4690 quod
823 4608 1052 4670 factum
1103 4623 1193 4669 est
1242 4608 1328 4669 sic
1376 4610 1622 4670 studeas
1671 4609 1941 4691 palliare,
1976 4626 2042 4671 ut
2077 4609 2139 4670 id
2172 4609 2236 4670 in
2269 4607 2709 4671 confusionem
2739 4623 2933 4685 tuam,
2966 4623 3026 4669 et
3054 4606 3216 4668 sedis

486 4746 535 4792 35
595 4715 965 4797 apostolicae
998 4714 1411 4797 opprobrium
1445 4734 1576 4777 non
1611 4717 1935 4793 redundet,
1970 4716 2296 4796 quoniam,
2330 4716 2379 4776 si
2413 4731 2709 4797 oporteat,
2743 4731 2812 4777 ut
2844 4715 2943 4775 vel
2970 4734 3090 4776 nos
3118 4714 3213 4774 vel

595 4839 663 4885 tu
698 4844 770 4885 ex
805 4825 925 4885 hoc
956 4823 1208 4902 negotio
1243 4822 1723 4895 confundamur,
1759 4824 2062 4903 eligemus
2096 4825 2303 4906 potius
2335 4840 2392 4885 te
2426 4822 2747 4903 confundi,
2782 4841 2978 4902 quam
3007 4821 3209 4883 laeda-

592 4949 738 4991 mus
770 4931 932 4992 sedis
964 4933 1333 5012 apostolicae
1367 4932 1745 5012 dignitatem.
