3684 5416
376 1584 422 1615 to

373 2117 417 2161 ¹5

368 2650 422 2683 20

368 3192 417 3234 25

367 3726 419 3771 30

364 4258 414 4302 35

1550 405 1719 460 Curia
1759 423 2019 460 romana.
2996 428 3099 484 537

476 482 887 489 ———-———-
904 482 3088 493 ———-—————-———-————-———-——-———-—--

693 599 722 659 s
758 610 858 668 27.
907 591 1074 652 Cum
1110 589 1358 667 Puellis,
1409 609 1567 670 quae
1601 590 1886 670 Virgines
1934 609 2064 651 non
2115 607 2277 668 sunt,
2320 608 2377 653 et
2408 592 2679 653 subsidia
2715 593 2955 654 Dotalia
2990 614 3093 675 pe-

478 713 637 774 tunt,
671 717 779 757 seu
814 695 937 774 jam
971 696 1378 757 obtinuerunt
1411 719 1442 757 a
1482 696 2120 774 Confraternitatibus,
2166 713 2271 759 aut
2302 699 2432 759 aliis
2464 700 2665 776 LociS,
2701 703 2796 762 vel
2832 702 3096 783 Dispen-

477 804 779 865 satoribus
826 803 958 885 piis,
1006 804 1236 884 quibus
1282 802 1632 881 injunctum
1682 820 1788 883 est,
1845 821 1912 865 ut
1959 805 2091 866 illas
2127 805 2482 888 Virginibus
2512 823 2754 870 tantum
2790 811 2955 884 dent,
2987 831 3094 873 seu

477 911 875 986 distribuant3
926 911 990 971 in
1022 910 1300 988 occultiS,
1346 926 1405 971 et
1437 911 1502 971 in
1539 910 1675 971 foro
1708 911 2141 973 Conscientiae
2171 927 2433 991 tantum,
2468 932 2776 995 quatenus
2807 917 2944 979 illae
2977 918 3094 979 irn-

477 1032 793 1096 posterum
841 1017 1101 1078 honeste
1150 1017 1372 1093 vivant,
1405 1016 1756 1079 facultatem
1793 1019 2012 1079 habeat
2044 1019 2458 1100 dispensandi.
2523 1023 2654 1083 Nec
2686 1042 2816 1084 non
2849 1024 3094 1106 dispen-

476 1142 606 1183 sare
640 1122 832 1203 possit
865 1123 929 1183 in
963 1125 1221 1186 occultis
1255 1125 1495 1205 pariter,
1532 1141 1590 1186 et
1622 1126 1687 1186 in
1721 1125 1858 1186 foro
1890 1126 2322 1189 Conscientiae
2355 1145 2615 1206 tantum,
2648 1151 2791 1193 cum
2826 1132 3095 1214 Virgini·

477 1235 612 1310 buS,
661 1252 822 1313 quae
869 1248 1107 1313 petunt,
1162 1235 1261 1294 vel
1294 1235 1705 1296 obtinuerunt
1737 1234 1995 1314 ingredi,
2028 1235 2123 1296 vel
2158 1233 2278 1312 jam
2310 1236 2618 1316 ingressae
2651 1255 2798 1299 sunt
2827 1239 2888 1300 in
2923 1241 3093 1302 Con·

476 1356 714 1416 ventus,
746 1360 856 1402 seu
894 1341 1271 1404 Monasteria
1305 1341 1605 1403 destinata
1639 1362 1753 1423 pro
1776 1341 2142 1403 Mulieribus
2174 1343 2251 1404 ad
2273 1346 2503 1404 bonam
2525 1344 2766 1423 frugem
2790 1347 3096 1424 traductis,

476 1445 551 1505 ad
585 1445 873 1507 effectum
906 1467 975 1508 ea
1010 1447 1172 1509 licite
1210 1448 1615 1528 ingrediendi,
1648 1468 1758 1509 seu
1792 1448 1859 1508 in
1892 1448 1978 1508 eis
2011 1449 2393 1526 remanendi,
2428 1469 2496 1510 ac
2529 1450 2877 1532 profitendi,
2911 1469 2968 1514 et
3000 1452 3095 1513 of-

477 1551 606 1613 ficia
643 1572 1079 1635 quaecumque
1114 1554 1509 1635 suscipiendi,
1544 1570 1602 1615 et
1634 1554 1978 1616 exercendi.

689 1669 718 1729 s
755 1663 854 1723 28.
903 1662 1258 1723 Juramenta
1295 1680 1749 1741 quaecumque,
1795 1661 1859 1722 in
1894 1661 2129 1742 quibus
2162 1664 2561 1745 imploraturn
2597 1666 2673 1726 sit
2708 1667 2949 1728 nullum
2986 1687 3092 1729 cu·

478 1765 765 1847 jusquam
796 1768 894 1850 agi
927 1767 1391 1849 praejudicium,
1426 1768 1774 1829 facultatem
1810 1769 2030 1830 habeat
2061 1768 2123 1830 in
2157 1769 2295 1832 foro
2316 1773 2745 1835 Conscientiae
2782 1775 3095 1836 dumtaxat

475 1875 799 1936 relaxandi.

689 1991 718 2051 s
757 2002 857 2059 29.
909 1982 1067 2043 Vota
1108 1981 1412 2064 simplicia
1450 2001 1887 2062 quaecumque
1919 1983 2395 2062 quomodolibet
2426 1986 2667 2051 emissa.
2701 1988 2937 2050 tametsi
2970 1989 3092 2069 pri-

475 2104 617 2151 vato
665 2087 1012 2166 juramento
1060 2089 1442 2164 confirmata,
1479 2089 1661 2150 etiam
1697 2089 2065 2169 ReligioniS,
2101 2090 2426 2168 CastitatiS,
2463 2093 2839 2154 Visitationis
2872 2094 3091 2174 Sepul-

476 2196 605 2256 chri
655 2196 983 2270 Dominici‚
1035 2213 1138 2258 aut
1192 2197 1522 2258 Sacrorum
1572 2195 1896 2258 Liminum
1945 2197 2278 2258 Beatorum
2331 2200 2775 2280 Apostolorum
2822 2201 3003 2279 Petri,
3037 2219 3094 2263 et

476 2303 648 2364 Pauli
694 2304 770 2364 de
804 2303 992 2377 Urbe,
1042 2321 1150 2364 aut
1185 2304 1464 2384 Sepulcri
1512 2301 1576 2365 S.
1607 2303 1818 2363 Jacobi
1868 2304 1943 2364 de
1976 2303 2417 2385 Compostella,
2464 2305 2658 2386 possit
2690 2306 2856 2367 idem
2891 2307 3094 2386 Major

479 2412 983 2473 poenitentiarius
1031 2413 1095 2472 in
1143 2412 1259 2473 alia
1306 2411 1542 2493 pietatis
1588 2430 1774 2492 opera
1806 2412 2230 2492 dispensando
2263 2428 2646 2473 commutare
2679 2414 2863 2474 etiam
2895 2415 2971 2475 ad
3004 2415 3092 2476 ef-

477 2518 705 2580 fectum
751 2518 1156 2580 contrahendi
1208 2518 1695 2595 matrimonium,
1744 2537 1888 2579 cum
1921 2518 2119 2598 agitur
2151 2520 2226 2580 de
2263 2534 2408 2580 voto
2441 2519 2743 2599 castitatis,
2780 2521 2986 2582 aliisue
3019 2542 3090 2583 ex

474 2647 537 2687 se
586 2625 1053 2687 matrimonium
1105 2625 1383 2686 illicitum
1435 2625 1865 2698 reddentibus;
1921 2626 2065 2686 item
2102 2626 2414 2687 Votorum
2455 2626 2928 2708 implementum
2976 2628 3093 2690 dif-

478 2734 649 2805 ferre,
698 2751 757 2795 et
802 2736 878 2795 ab
914 2733 1165 2795 illorum
1201 2733 1791 2811 transgressionibus
1823 2734 2170 2805 absolvere;
2222 2749 2280 2794 et
2311 2735 2639 2815 respective
2672 2736 3091 2817 dispensando

475 2841 861 2917 commutari,
895 2840 1145 2919 differri,
1182 2857 1239 2901 et
1272 2840 1502 2901 absolvi
1543 2842 1865 2913 mandare;
1901 2841 2302 2902 consideratis
2334 2841 2530 2902 causis
2562 2842 2779 2903 talium
2801 2861 3089 2905 commu-

474 2949 797 3024 tationum,
842 2948 1229 3024 dilationum,
1276 2965 1380 3008 aut
1428 2947 1916 3025 absolutionum,
1962 2964 2022 3008 et
2065 2947 2310 3027 adjectis
2354 2948 2662 3025 clausuliS,
2709 2970 2865 3032 quas
2897 2971 3090 3033 appo-

476 3075 637 3133 nere,
669 3056 864 3137 iisque
899 3054 1166 3132 injuctis,
1210 3074 1372 3135 quae
1406 3054 1730 3133 injungere
1766 3056 2061 3116 hactenus
2096 3054 2160 3116 in
2195 3054 2555 3133 hujusmodi
2590 3057 2831 3118 casibus
2863 3057 3089 3119 Poeni-

473 3162 745 3223 tentiaria
777 3163 1161 3224 laudabiliter
1193 3162 1528 3225 consuevit.

686 3279 716 3339 s
768 3289 866 3351 30.
915 3271 1115 3352 Super
1160 3270 1515 3331 recitatione
1568 3269 1775 3330 Divini
1824 3270 2051 3347 Officii,
2099 3290 2209 3331 seu
2258 3271 2576 3332 Horarum
2611 3272 3087 3347 Canonicarum‚

475 3392 723 3457 propter
773 3378 1044 3457 aliquam
1093 3378 1667 3459 impossibilitatem,
1710 3397 1819 3438 seu
1858 3377 2155 3437 moralem
2191 3378 2632 3453 difficultatem,
2668 3379 3085 3461 dispensandi,

473 3502 616 3544 cum
650 3486 1136 3546 commutatione
1171 3486 1240 3547 in
1273 3486 1421 3545 alias
1453 3503 1679 3565 preces»,
1714 3485 1809 3544 vel
1845 3484 2176 3559 orationes,
2212 3485 2305 3545 vel
2338 3484 2453 3545 alia
2487 3484 2584 3564 pia
2620 3505 2823 3565 opera,
2843 3505 3086 3547 earum·

474 3609 613 3669 que,
646 3611 756 3651 seu
791 3610 1011 3653 eorum
1046 3591 1448 3670 injunctione,
1485 3590 1703 3651 habeat
1740 3590 2107 3651 facultatem.

686 3707 714 3767 S
755 3719 851 3779 3¹·
913 3700 1080 3761 Cum
1119 3699 1529 3778 Regularibus
1574 3713 1779 3760 autem
1833 3717 2020 3779 super
2067 3697 2529 3777 Irregularitate,
2563 3713 2688 3757 tam
2722 3717 2792 3757 ex
2827 3698 3089 3771 defectu,

473 3823 662 3885 quam
695 3825 767 3867 ex
798 3826 1204 3887 quocumque
1239 3806 1464 3868 delicto
1499 3806 2034 3886 quandocumque
2055 3820 2420 3886 perpetrato,
2445 3804 2917 3884 quomodolibet
2939 3824 3087 3866 con-

469 3927 681 3990 tracto,
730 3929 797 3973 ut
844 3914 1061 3974 eadem
1110 3913 1570 3993 Irregularitate,
1615 3927 1722 3973 aut
1768 3911 1985 3992 quavis
2031 3911 2427 3989 inhabilitate,
2459 3911 2717 3991 aliisque
2750 3911 3089 3972 defectibus

472 4019 975 4100 quibuscumque
1025 4040 1151 4082 non
1198 4021 1607 4098 obstantibus,
1656 4020 1956 4100 susceptis
1989 4017 2348 4095 OrdinibuS,
2398 4033 2454 4078 et
2501 4037 2719 4078 eorum
2757 4016 3089 4097 privilegiis

472 4125 578 4202 uti,
623 4145 693 4186 ac
725 4126 787 4187 in
820 4127 957 4203 illis,
1010 4129 1191 4189 etiam
1224 4128 1286 4188 in
1321 4127 1521 4188 altaris
1555 4127 1896 4187 ministerio
1929 4126 2293 4203 ministrare,
2329 4141 2385 4186 et
2417 4124 2685 4186 Ordines
2718 4144 2847 4186 non
2881 4144 3087 4185 susce-

471 4249 611 4314 ptos
643 4234 973 4314 suscipere,
1024 4255 1093 4295 ac
1126 4235 1187 4295 in
1222 4235 1438 4295 iisdem
1474 4234 1692 4315 pariter
1724 4234 2084 4308 ministrare,
2134 4252 2378 4294 necnon
2414 4251 2868 4313 quaecumque,
2903 4248 3086 4313 quot-

473 4360 765 4422 cumque,
798 4357 857 4402 et
889 4344 1368 4423 qualiacumque
1402 4362 1668 4404 suorum
1701 4342 2036 4418 Ordinum,
2085 4356 2145 4401 et
2175 4339 2776 4419 Congregationum,
2809 4340 3088 4420 alioquin

470 4447 788 4510 Canonice
822 4451 1088 4529 obtenta,
1110 4450 1348 4526 Officia,
1370 4450 1676 4511 Beneficia
1710 4448 2030 4529 regularia,
2052 4449 2284 4525 munia,
2316 4447 2848 4528 praeeminentias,
2884 4447 3086 4525 digni-

469 4571 637 4632 tates,
671 4572 728 4617 et
761 4556 1159 4634 PraelaturaS,
1194 4557 1379 4618 etiam
1413 4557 1695 4633 maioreS,
1728 4572 1786 4616 et
1821 4555 2212 4637 principales,
2248 4555 2527 4632 retinere,
2559 4570 2618 4615 et
2650 4573 2944 4629 exercere,
2976 4574 3089 4615 nec

470 4681 599 4723 non
646 4664 883 4741 eadem,
936 4685 1045 4726 seu
1096 4665 1364 4742 easdem,
1416 4665 1491 4725 ad
1526 4684 1705 4743 quae,
1741 4683 1853 4724 seu
1887 4682 2043 4743 quas
2076 4664 2141 4723 in
2177 4663 2456 4723 futurum
2491 4662 2798 4731 canonice,
2833 4677 2889 4721 et
2923 4659 3107 4741 juxta*

470 4769 835 4830 eorumdem
872 4770 1207 4849 Ordinum,
1254 4787 1311 4832 et
1346 4770 1923 4849 Congregationum
1973 4769 2270 4849 regularia
2317 4770 2608 4847 Instituta,
2641 4768 2959 4847 eligentur,
2992 4769 3086 4827 vel

470 4876 641 4937 aliter
685 4895 1094 4956 assumentur,
1145 4879 1430 4960 recipere,
1480 4878 1743 4959 assequi,
1778 4898 2009 4959 gerere,
2042 4897 2112 4939 ac
2142 4879 2351 4952 libere,
2387 4893 2447 4938 et
2479 4876 2637 4938 licite
2674 4894 2951 4936 exercere
2986 4896 3086 4935 va-

471 4985 651 5062 leant,
700 4984 1074 5067 dispensare,
1129 5006 1359 5066 eosque
1413 4986 1476 5046 in
1526 4985 1879 5066 pristinum,
1929 5002 1985 5047 et
2017 4988 2090 5047 ad
2127 5006 2293 5061 eum,
2327 4985 2388 5045 in
2422 5004 2550 5064 quo
2583 5000 2725 5044 ante
2760 4983 3087 5064 praemissa
