3684 5416
584 1047 612 1090 5

559 1583 618 1616 10

562 2115 614 2159 ¹5

556 3182 614 3226 ²5

558 3716 616 3761 30

553 4250 609 4295 35

554 4787 611 4826 40

668 409 773 483 556
1712 406 1912 478 Legati
1950 404 2247 478 pontificii.

668 590 1007 655 uerentiam
1040 610 1181 671 erga
1214 592 1426 652 sedem
1462 590 1906 671 Apostolicam,
1958 590 2057 651 cui
2102 590 2316 651 diuina
2351 590 2613 672 patiente
2644 588 3082 666 misericordia,
3112 590 3287 651 nullo

665 698 1033 761 meritorum
1080 712 1444 760 nostrorum
1490 697 1807 778 suffragio,
1854 697 2295 777 praesidemus,
2359 697 2531 758 Tum
2583 715 2731 758 vero
2764 695 3105 775 largitatem
3135 695 3289 757 libe-

669 805 919 866 ralitatis
953 824 1076 886 qua
1111 805 1300 865 Beato
1333 804 1536 881 Petro,
1572 804 2026 885 Apostolorum
2059 803 2346 885 Principi,
2380 822 2663 883 regnum,
2709 822 2780 864 ac
2809 818 3078 881 gentem,
3112 802 3288 863 cuius

668 912 812 973 Dux
858 931 944 989 es,
993 926 1342 991 cunctaque
1388 926 1514 988 tua,
1548 931 1620 972 ac
1650 911 2050 992 temetipsum
2084 929 2194 991 per
2225 910 2480 973 eosdem
2512 910 2769 992 legatos,
2804 925 2864 970 et
2896 908 3118 970 litteras
3151 927 3286 989 per-

669 1033 928 1099 petuum
960 1018 1260 1096 obtulisti,
1295 1018 1485 1096 digno
1520 1017 1853 1098 praeconio
1887 1018 2422 1079 commendamus.
2477 1017 2619 1078 Hoc
2650 1015 2816 1077 enim
2849 1014 3009 1076 facto
3041 1016 3287 1096 egregio

668 1139 873 1206 aperte
918 1138 1174 1186 testatus
1222 1143 1305 1200 es,
1349 1139 1407 1185 et
1451 1142 1666 1184 reuera
1697 1121 1884 1185 talem
1916 1137 1974 1184 te
2005 1123 2226 1184 merito
2259 1142 2414 1201 esse,
2448 1122 2900 1199 demonstrasti,
2932 1123 3199 1202 qualem,
3227 1138 3289 1183 vt

664 1249 787 1292 nos
817 1246 876 1292 te
909 1231 1214 1292 declarare
1247 1230 1664 1308 dignaremur,
1685 1229 1960 1291 studiose
1981 1229 2343 1311 expetiuisti.
2378 1229 2500 1291 Sed
2520 1229 2853 1311 parcimus.
2885 1230 3105 1309 Neque
3124 1228 3290 1291 enim

669 1358 919 1400 necesse
966 1354 1076 1417 est,
1122 1354 1185 1400 vt
1228 1358 1420 1419 quem
1466 1352 1556 1399 tot
1588 1353 1647 1400 et
1677 1337 1815 1399 talia
1850 1338 2156 1420 praeclara
2191 1358 2304 1419 pro
2336 1336 2592 1399 Christo
2623 1352 2793 1416 gesta
2827 1336 3095 1399 facinora
3137 1357 3286 1399 voce

672 1445 916 1528 publica
950 1445 1236 1522 clamant,
1272 1464 1589 1526 quemque
1624 1446 1794 1506 Deus
1826 1445 1957 1526 ipse
1991 1446 2410 1523 commendat,
2459 1444 2729 1525 amplius
2758 1444 3290 1505 commendemus.

671 1553 881 1630 Quare
912 1553 1183 1632 gloriose
1216 1552 1302 1613 fili
1335 1568 1555 1613 cuncta
1588 1572 1619 1613 a
1656 1552 1856 1628 nobis,
1889 1568 1948 1613 et
1980 1553 2125 1613 sede
2156 1551 2511 1634 Apostolica
2545 1551 2947 1632 expostulata,
2991 1551 3291 1628 diadema,

673 1679 1035 1739 nomenque
1070 1659 1330 1741 regium,
1380 1659 1866 1740 Strigoniensem
1904 1659 2322 1740 Metropolim,
2359 1674 2418 1720 et
2450 1658 2723 1738 reliquos
2755 1657 3181 1739 Episcopatus,
3213 1658 3289 1720 de

673 1765 1137 1847 Omnipotentis
1172 1766 1308 1845 Dei,
1342 1786 1411 1827 ac
1444 1767 1775 1827 Beatorum
1797 1766 1959 1826 Petri
1982 1782 2040 1826 et
2063 1765 2234 1826 Pauli
2258 1765 2710 1847 Apostolorum
2742 1765 2877 1826 eius
2909 1766 3285 1842 auctoritate,

671 1888 1116 1954 praemonente
1162 1887 1347 1955 atque
1395 1873 1475 1934 ita
1520 1872 1770 1934 iubente
1818 1873 2042 1933 eodem
2090 1873 2518 1955 omnipotente
2552 1873 2704 1950 De0,
2751 1891 2899 1933 cum
2933 1873 3289 1953 Apostolica

671 1997 730 2041 et
780 1995 987 2041 nostra
1040 1980 1470 2041 benedictione
1520 1979 1778 2040 libenter
1828 1979 2271 2059 concessimus,
2318 1979 2741 2057 concedimus,
2790 1994 2851 2040 et
2885 1979 3289 2059 impertimur.

674 2087 968 2165 Regnum
1016 2106 1271 2167 quoque
1317 2107 1349 2147 a
1386 2085 1809 2147 Munificentia
1855 2100 1960 2146 tua
1995 2086 2054 2147 S.
2086 2086 2267 2147 Petro
2299 2085 2599 2163 oblatum,
2647 2101 2834 2166 teque
2866 2104 3003 2163 vna,
3035 2106 3105 2147 ac
3134 2105 3285 2165 gen-

671 2210 814 2271 tem,
868 2210 927 2254 et
978 2193 1313 2255 Nationem
1363 2193 1735 2272 Vngaricam
1789 2209 2174 2274 praesentem
2228 2208 2288 2253 et
2335 2192 2628 2268 futuram,
2674 2194 2790 2253 sub
2843 2192 3291 2274 protectionem

670 2315 914 2361 sanctae
947 2319 1237 2361 romanae
1272 2299 1579 2360 Ecclesiae
1613 2315 2015 2382 acceptanteS,
2063 2299 2425 2381 prudentiae
2456 2315 2595 2361 tuae
2631 2299 3003 2377 Heredibus,
3035 2319 3107 2360 ac
3139 2299 3288 2379 legi·

671 2407 835 2468 timis
879 2407 1338 2468 successoribus
1385 2407 1505 2469 tuis
1553 2407 1937 2483 habendum,
1984 2407 2345 2484 tenendum,
2396 2407 2760 2486 regendum,
2790 2406 3292 2485 gubernandum,

672 2534 741 2574 ac
786 2514 1237 2596 possidendum
1285 2516 1606 2576 reddimus
1653 2530 1713 2575 et
1758 2514 2161 2576 conferimus.
2254 2514 2386 2591 Qui
2432 2514 2688 2594 quidem
2725 2513 3002 2574 Heredes
3033 2532 3105 2573 ac
3136 2512 3289 2574 Suc-

672 2640 945 2683 cessores
990 2620 1078 2682 tui
1127 2623 1514 2703 quicunque,
1561 2637 1970 2703 posteaquam
2018 2640 2124 2703 per
2156 2621 2500 2702 Optimates
2533 2619 2806 2702 legitime
2840 2620 3013 2681 electi
3048 2619 3292 2698 fuerint,

672 2743 996 2790 teneantur
1044 2729 1319 2790 similiter
1368 2729 1568 2805 nobis,
1617 2744 1675 2789 et
1709 2728 2184 2790 Successoribus
2232 2727 2455 2790 nostris
2499 2747 2611 2808 per
2638 2747 2724 2805 se,
2757 2727 2855 2788 vel
2887 2746 2995 2808 per
3029 2727 3289 2807 Legatos

672 2853 819 2895 suos
866 2834 1135 2895 debitam
1182 2834 1620 2910 obedientiam,
1669 2854 1738 2894 ac
1772 2833 2183 2895 reuerentiam
2217 2833 2518 2912 exhibere,
2555 2853 2748 2913 seque
2780 2847 3023 2894 sanctae
3059 2834 3290 2895 Roma·

673 2958 787 3000 nae
818 2941 1143 3015 Ecclesiae,
1179 2961 1339 3021 quae
1371 2941 1680 3002 subiectos
1712 2960 1841 3002 non
1877 2942 2058 3001 habet
2092 2956 2152 3000 vt
2183 2959 2422 3017 seruos,
2453 2940 2561 3000 sed
2593 2955 2656 3001 vt
2685 2939 2846 3001 filios
2865 2940 3125 3021 suscipit
3154 2940 3289 3001 vni-

671 3064 903 3122 uersos,
934 3047 1212 3108 subditos
1244 3067 1374 3108 esse
1408 3049 1751 3126 ostendere,
1800 3064 1983 3128 atque
2015 3048 2079 3110 in
2114 3046 2411 3109 catholica
2444 3047 2583 3124 fide,
2629 3047 2987 3128 Christique
3020 3048 3274 3110 Domini

671 3174 739 3214 ac
771 3152 1105 3214 Saluatoris
1151 3154 1341 3216 nostri
1387 3154 1682 3236 religione
1731 3156 1985 3217 firmiter
2017 3174 2426 3237 perseuerare,
2473 3155 2860 3235 eandemque
2894 3173 3291 3236 promouere.

671 3260 745 3320 Et
791 3260 936 3340 quia
970 3260 1271 3321 Nobilitas
1316 3276 1423 3322 tua
1455 3262 1907 3342 Apostolorum
1952 3261 2214 3341 gloriam
2262 3262 2655 3338 aemulando,
2686 3260 3119 3342 Apostolicum
3153 3282 3288 3323 mu-

671 3385 809 3444 nus,
845 3366 1165 3429 Christum
1198 3368 1632 3450 praedicandO,
1675 3369 1937 3449 eiusque
1973 3367 2159 3429 fidem
2197 3368 2620 3450 propagandO,
2651 3387 2863 3449 gerere
2897 3387 3026 3429 non
3059 3385 3148 3429 est
3179 3369 3283 3429 de-

668 3474 937 3553 dignata,
972 3491 1355 3556 nostrasque,
1391 3496 1460 3536 ac
1492 3476 1810 3537 sacerdotii
1846 3475 2006 3536 vices
2038 3476 2323 3556 supplere
2356 3476 2609 3553 studuit,
2631 3490 2816 3555 atque
2840 3476 3288 3558 Apostolorum

666 3581 1018 3662 Principem
1065 3602 1210 3663 prae
1259 3583 1472 3644 ceteris
1517 3583 1907 3662 singulariter
1953 3584 2298 3643 honorare:
2345 3582 2572 3644 idcirco
2620 3597 2679 3642 et
2725 3601 2842 3643 nos
2873 3582 3168 3662 singulari
3198 3583 3290 3644 in-

668 3708 853 3768 super
886 3688 1214 3769 priuilegio
1249 3689 1689 3750 Excellentiam
1720 3705 1912 3767 tuam,
1945 3704 2327 3769 tuorumque
2349 3688 2713 3749 meritorum
2734 3688 2978 3767 intuitu,
3011 3689 3286 3750 Heredes
3353 3762 3360 3768 ⁵
3401 3758 3406 3761 ,

669 3814 739 3855 ac
773 3795 1169 3856 Successores
1202 3811 1343 3856 tuos
1376 3795 1703 3874 legitimos,
1739 3795 1850 3875 qui
1883 3796 2039 3856 sicut
2072 3795 2309 3857 dictum
2329 3810 2421 3856 est
2441 3795 2630 3873 electi,
2662 3813 2845 3876 atque
2867 3816 2897 3856 a
2921 3794 3081 3857 Sede
3112 3802 3286 3878 Apo-

667 3901 880 3963 stolica
913 3903 1227 3984 approbati
1266 3902 1508 3979 fuerint,
1556 3921 1722 3963 nunc
1770 3916 1828 3963 et
1863 3902 2172 3983 perpetuis
2208 3902 2428 3963 futuris
2460 3902 2843 3982 temporibus
2876 3904 3288 3965 condecorare

667 4009 1013 4090 cupientes;
1065 4023 1126 4069 vt
1160 4026 1490 4091 postquam
1525 4026 1590 4071 tu
1625 4025 1682 4070 et
1714 4009 1800 4070 illi
1834 4029 2087 4087 corona,
2124 4029 2312 4089 quam
2349 4009 2669 4085 mittimuS,
2702 4010 2814 4070 rite
2846 4010 3012 4071 iuxta
3045 4009 3282 4072 formu-

666 4116 791 4176 lam
824 4116 1064 4195 Legatis
1110 4116 1230 4178 tuis
1278 4117 1578 4194 traditam,
1624 4131 1959 4178 coronatus
1991 4115 2085 4177 vel
2118 4117 2400 4178 coronati
2435 4116 2797 4194 exstiteritis,
2846 4116 3115 4179 Crucem
3148 4133 3284 4179 ante

668 4241 751 4296 se,
776 4221 1173 4302 Apostolatus
1195 4222 1455 4303 insigne,
1488 4241 1721 4303 gestare
1746 4224 1941 4285 facere
1966 4223 2183 4303 possiS,
2216 4243 2286 4284 ac
2320 4225 2539 4299 valeaS,
2576 4240 2757 4305 atque
2791 4224 2876 4284 illi
2911 4225 3148 4305 possint
3176 4245 3281 4285 va-

666 4327 987 4407 leantque;
1039 4342 1098 4388 et
1142 4331 1489 4391 secundum
1537 4332 1708 4411 quod
1756 4330 1970 4391 diuina
2016 4331 2205 4411 gratia
2252 4346 2332 4408 te,
2381 4347 2439 4391 et
2471 4331 2613 4393 illos
2646 4330 2944 4409 docuerit,
2985 4331 3282 4393 Ecclesias

668 4434 842 4513 regni
875 4434 966 4495 tui
1000 4452 1366 4516 praesentes,
1413 4453 1471 4497 et
1521 4438 1772 4516 futuraS,
1807 4453 2033 4515 nostra,
2067 4458 2138 4499 ac
2168 4457 2600 4499 successorum
2635 4455 2996 4501 nostrorum
3031 4438 3160 4501 vice
3192 4438 3283 4499 di-

666 4561 948 4625 sponere,
980 4563 1050 4603 ac
1081 4543 1388 4621 ordinare,
1412 4546 1771 4626 Apostolica
1803 4546 2159 4607 auctoritate
2192 4546 2470 4606 similiter
2503 4546 2956 4618 concessimus;
2991 4547 3286 4607 volumus

666 4666 725 4712 et
774 4670 1087 4731 rogamus,
1132 4650 1309 4712 sicuti
1356 4652 1421 4712 in
1467 4652 1598 4713 aliis
1643 4653 1873 4730 litteris,
1920 4672 2074 4733 quas
2120 4652 2186 4713 in
2232 4652 2554 4713 communi
2601 4653 2676 4714 ad
2718 4669 2794 4727 te,
2830 4652 3282 4733 optimatesque

666 4758 884 4838 Regni,
933 4774 992 4819 et
1036 4774 1334 4820 cunctum
1380 4759 1623 4819 fidelem
1672 4760 2000 4841 populum,
2047 4779 2156 4841 per
2187 4760 2509 4821 Nuncium
2544 4776 2850 4837 nostrum,
2898 4779 3090 4841 quem
3121 4761 3198 4821 ad
3231 4777 3287 4821 te

664 4864 1006 4944 dirigimuS,
1052 4865 1419 4944 deferendis,
1466 4866 1711 4946 plenius
1760 4869 1913 4929 haec
1957 4867 2170 4928 omnia
2217 4866 2508 4947 explicata
2542 4866 2953 4928 continentur.
3019 4866 3286 4929 Oramus

663 4973 1168 5054 omnipotentem
1203 4973 1428 5051 Deum,
1475 4974 1583 5054 qui
1615 4974 1710 5035 Te
1758 4975 1835 5035 de
1883 4990 2052 5035 vtero
2085 4973 2292 5034 matris
2323 4989 2464 5035 tuae
2497 4972 2743 5035 vocauit
2775 4973 3034 5035 nomine
3065 4988 3179 5035 tuo
3211 4972 3285 5034 ad
