3684 5416
322 1534 381 1565 10

320 2102 376 2147 ιε

317 2641 380 2673 20

317 3174 377 3219 25

317 3711 380 3756 30

320 4245 376 4291 35

430 430 482 436 -
1377 354 1629 410 Ecclesia
1668 354 2076 426 antiquissima.
2975 371 3041 438 33

430 553 597 599 sunt.
660 539 1018 600 Daemones
1062 556 1267 601 autem
1314 557 1446 601 non
1488 556 1727 600 tantum
1776 541 2145 621 respuimus,
2194 559 2408 601 verum
2461 557 2518 601 et
2565 540 2942 603 revincimus
2984 558 3044 604 et

432 644 678 705 cottidie
723 645 1105 707 traducimus
1150 661 1209 707 et
1240 647 1317 707 de
1348 646 1712 708 hominibus
1744 646 2130 728 expellimuS,
2175 646 2332 708 sicut
2365 648 2648 729 plurimis
2680 663 2904 710 notum
2936 665 3042 710 est.

432 750 518 811 lta
566 771 685 813 nos
732 753 927 832 tnagis
976 773 1229 815 oramus
1275 774 1391 835 pro
1434 755 1628 816 salute
1674 755 2082 836 imperatoriS,
2129 756 2203 815 ab
2244 775 2319 834 eo
2352 775 2489 816 eam
2522 756 2904 836 postulantes
2934 756 3043 837 qui

434 874 735 939 praestare
779 875 998 940 potest.
1064 861 1136 922 Et
1184 861 1400 941 utique
1447 882 1520 922 ex
1552 861 1872 943 disciplina
1908 861 2233 942 patientiae
2268 862 2511 923 divinae
2543 881 2721 941 agere
2755 883 2871 924 nos
2902 863 3044 925 satis

431 966 825 1027 manifestum
874 988 1008 1029 esse
1051 968 1228 1030 vobis
1273 983 1492 1050 potest,
1539 988 1685 1030 cum
1718 985 1881 1030 tanta
1914 968 2250 1030 hominum
2283 969 2639 1046 multitude,
2674 989 2811 1050 pars
2845 989 3041 1051 paene

433 1073 632 1134 maior
677 1072 930 1136 civitatis
975 1076 1302 1157 cuiusque,
1350 1077 1415 1137 in
1461 1075 1707 1138 silentio
1738 1092 1797 1137 et
1831 1077 2132 1138 modestia
2164 1076 2424 1155 agimus,
2466 1076 2693 1157 singuli
2727 1076 2881 1138 forte
2914 1076 3043 1137 noti

433 1181 633 1260 magis
662 1200 849 1262 quam
884 1200 1128 1259 omnes,
1165 1201 1279 1244 nec
1311 1182 1560 1245 aliunde
1592 1182 1921 1245 noscibiles
1953 1203 2142 1264 quam
2175 1185 2252 1244 de
2284 1184 2718 1245 emendatione
2753 1183 3044 1245 vitiorum

432 1289 855 1371 pristinorum.
917 1290 1094 1351 Absit
1137 1290 1323 1365 enim,
1375 1306 1441 1352 ut
1485 1290 1741 1369 indigne
1787 1289 2060 1352 feramus
2103 1311 2171 1352 ea
2221 1310 2338 1353 nos
2385 1291 2506 1371 pati
2538 1311 2696 1371 quae
2730 1307 3040 1373 optamus,

433 1413 543 1459 aut
584 1397 885 1459 ultionem
919 1419 951 1457 a
985 1396 1165 1459 nobis
1197 1396 1471 1477 aliquam
1505 1397 1955 1472 machinemur,
2002 1416 2192 1477 quam
2225 1419 2258 1457 a
2291 1397 2411 1458 deo
2445 1413 2856 1479 expectamus.
2899 1396 2954 1476 [l.
2987 1418 3040 1459 c.

435 1524 569 1586 pag.
606 1504 994 1584 αφ’-298]

1388 1594 1467 1670 d)
1529 1594 1633 1655 De
1682 1593 2098 1675 baptismo.

645 1738 795 1818 Cap.
828 1736 1011 1798 XVll.
1072 1736 1364 1818 Superest
1410 1737 1486 1796 ad
1533 1736 2032 1797 concludendam
2079 1736 2462 1797 materiolam
2507 1738 2583 1798 de
2615 1737 3044 1799 observatione

432 1862 689 1924 quoque
708 1845 895 1904 dandi
917 1860 981 1904 et
995 1843 1332 1924 accipiendi
1355 1842 1639 1924 baptismi
1660 1843 2210 1904 commonefacere.
2245 1843 2448 1904 Dandi
2466 1845 2726 1925 quidem
2747 1845 3044 1907 hebetius

430 1968 717 2011 summus
746 1951 1049 2023 sacerdos,
1080 1950 1187 2031 qui
1209 1966 1300 2011 est
1318 1949 1676 2031 episcopus;
1711 1948 1938 2010 dehinc
1956 1948 2292 2029 presbyteri
2311 1966 2370 2010 et
2389 1950 2652 2026 diaconi,
2687 1971 2818 2014 non
2837 1969 3043 2014 tamen

432 2059 563 2119 sine
596 2058 865 2140 episcopi
896 2056 1272 2133 auctoritate,
1306 2075 1554 2139 propter
1584 2056 1871 2117 ecclesiae
1907 2057 2234 2132 honorem,
2264 2075 2392 2135 quo
2426 2057 2594 2117 salvo
2615 2059 2778 2119 salva
2798 2079 2913 2139 pax
2933 2074 3041 2121 ast.

435 2165 734 2246 Alioquin
774 2165 958 2227 etiam
988 2164 1155 2225 laicis
1185 2164 1282 2225 ius
1313 2181 1425 2224 est.
1456 2163 1657 2239 Quod
1682 2162 1854 2223 enim
1885 2182 1958 2223 ex
1991 2182 2193 2243 aequo
2225 2162 2539 2243 accipitur,
2573 2183 2646 2223 ex
2681 2184 2885 2244 aequo
2915 2166 3043 2226 dari

434 2289 653 2355 potest.
727 2272 859 2334 Nisi
910 2271 1185 2355 episcopi
1236 2272 1356 2332 iam
1407 2288 1512 2332 aut
1562 2270 1898 2352 presbyteri
1949 2287 2054 2332 aut
2098 2269 2362 2345 diaconi,
2397 2284 2695 2330 vocantur
2726 2270 3045 2334 discentes.

437 2381 692 2443 Domini
741 2380 946 2442 sermo
994 2399 1122 2440 non
1169 2380 1350 2441 debet
1394 2379 1686 2440 abscondi
1734 2380 1810 2439 ab
1846 2374 1996 2439 uss0.
2064 2377 2330 2438 Proinde
2363 2394 2420 2437 et
2454 2376 2826 2471 baptismus,v
2848 2397 3045 2458 aeque

434 2488 534 2550 dei
578 2508 818 2566 census,
864 2491 938 2549 ab
972 2487 1266 2549 omnibus
1299 2487 1560 2548 exerceri
1596 2501 1813 2567 potest.
1876 2486 2000 2547 Sed
2033 2499 2268 2565 quanto
2302 2483 2496 2563 magis
2528 2482 2698 2544 laicis
2727 2483 3046 2565 disciplina

433 2596 837 2658 verecundiae
883 2612 941 2655 et
985 2595 1324 2656 modestiae
1370 2593 1694 2671 incumbit,
1742 2612 1888 2654 cum
1920 2613 1989 2654 ea
2023 2592 2365 2653 maioribus
2396 2606 2771 2671 competant,
2820 2612 2902 2652 ne
2931 2592 3046 2654 sibi

432 2706 762 2766 adsumant
806 2702 1079 2765 dicatum
1123 2701 1395 2785 episcopi
1443 2701 1752 2763 officium!
1810 2700 2217 2782 Episcopatus
2262 2698 2592 2761 aemulatio
2643 2700 3047 2762 schismatum

433 2830 629 2875 mater
660 2828 764 2873 est.
827 2810 1063 2872 Omnia
1089 2809 1270 2871 licere
1302 2810 1452 2870 dixit
1484 2809 1907 2870 sanctissimus
1938 2807 2280 2889 apostolus,
2314 2808 2421 2868 sed
2458 2825 2585 2868 non
2618 2807 2830 2867 omnia
2862 2827 3045 2888 expe-

433 2920 583 2982 dire.
616 2917 892 2981 Sufficiat
924 2916 1149 2978 scilicet
1180 2917 1246 2976 in
1278 2914 1740 2977 necessitatibus
1774 2930 1842 2975 ut
1875 2914 2086 2993 utaris,
2118 2914 2313 2975 sicubi
2347 2929 2452 2974 aut
2482 2913 2601 2974 loci
2624 2929 2732 2973 aut
2749 2914 3047 2994 temporis

433 3043 538 3088 aut
584 3043 886 3108 personae
924 3024 1212 3085 condicio
1250 3024 1583 3104 compellit.
1648 3023 1837 3083 Tunc
1868 3022 2036 3084 enim
2068 3022 2408 3083 constantia
2440 3021 2852 3083 succurrentis
2883 3021 3046 3083 exci-

434 3134 619 3215 pitur,
666 3152 814 3193 curn
860 3148 1036 3211 urget
1080 3130 1535 3191 circumstantia
1568 3130 1979 3211 periclitantis,
2027 3129 2328 3209 quoniam
2359 3146 2506 3189 reus
2534 3128 2645 3190 erit
2676 3129 2895 3207 perditi
2930 3129 3046 3190 ho-

433 3243 639 3318 minis,
672 3244 727 3303 si
757 3241 1168 3323 supersederit
1201 3255 1499 3321 praestare
1520 3239 1691 3318 quod
1714 3238 1904 3300 libere
1926 3238 2142 3320 potuit.
2181 3237 2550 3298 Petulantiae
2572 3251 2780 3296 autem
2801 3235 3044 3314 mulier,

434 3372 594 3432 quae
642 3348 959 3430 usurpavit
1006 3348 1243 3419 docere,
1290 3347 1504 3426 utique
1552 3364 1683 3406 non
1728 3346 1915 3406 etiam
1958 3343 2286 3424 tinguendi
2323 3343 2422 3404 ius
2451 3343 2565 3404 sibi
2601 3344 2812 3423 pariet,
2846 3343 2961 3404 nisi
2994 3344 3045 3404 si

435 3478 591 3539 quae
643 3477 803 3519 nova
850 3456 1040 3516 bestia
1074 3453 1339 3515 evenerit
1370 3451 1588 3513 similis
1621 3451 1929 3533 pristinae,
1976 3468 2060 3529 ut,
2110 3451 2650 3530 quemadmodum
2685 3450 2784 3511 illa
2821 3450 3047 3532 baptis-

434 3584 611 3625 mum
658 3562 988 3639 auferebat,
1038 3563 1117 3623 ita
1164 3562 1367 3642 aliqua
1412 3581 1519 3643 per
1570 3580 1637 3620 se
1681 3579 1826 3621 eum
1874 3558 2164 3620 conferat.
2232 3557 2477 3633 Quodsi
2511 3578 2668 3638 quae
2706 3557 2874 3618 Pauli
2908 3577 3045 3638 per-

439 3692 647 3753 peram
696 3672 914 3753 scripta
947 3687 1091 3732 sunt
1123 3672 1478 3751 exemplum
1509 3669 1778 3730 Theclae
1812 3668 1890 3728 ad
1921 3666 2231 3727 licentiam
2264 3665 2599 3726 mulierum
2631 3664 2893 3725 docendi
2926 3663 3044 3725 tin-

432 3781 795 3861 guendique
828 3779 1188 3853 defendunt,
1227 3778 1420 3838 sciant
1452 3777 1517 3837 in
1547 3775 1692 3837 Asia
1727 3776 2157 3855 presbyterum
2190 3773 2300 3854 qui
2332 3791 2468 3832 eam
2501 3771 2862 3853 scripturam
2895 3790 3046 3832 con—

434 3888 671 3965 struxit,
718 3888 893 3968 quasi
925 3887 1105 3949 titulo
1142 3886 1309 3947 Pauli
1343 3886 1419 3946 de
1451 3903 1568 3944 suo
1601 3882 1947 3953 cumulans,
1993 3880 2350 3940 convictum
2379 3896 2563 3959 atque
2594 3878 2953 3939 confessum
2985 3876 3046 3939 id

435 4018 502 4059 se
532 4015 744 4058 amore
776 3995 949 4057 Pauli
984 3994 1194 4056 secisse
1213 3993 1354 4054 loco
1375 3992 1724 4053 decessisse.
1756 3989 1970 4065 Quam
1990 3987 2160 4048 enirn
2180 3986 2322 4047 fidei
2343 3985 2698 4067 proximum
2718 3986 3045 4062 videretur,

435 4121 505 4167 ut
550 4105 603 4166 is
636 4104 903 4166 docendi
934 4118 992 4163 et
1023 4100 1346 4180 tinguendi
1380 4101 1550 4160 daret
1584 4097 1845 4159 feminae
1881 4097 2242 4177 potestatem
2276 4094 2383 4174 qui
2417 4112 2495 4154 ne
2529 4093 2760 4155 discere
2791 4093 3048 4173 quidem

435 4228 789 4275 constanter·
804 4209 1053 4272 mulieri
1069 4207 1343 4290 permisit
1364 4211 1386 4268 ?
1418 4206 1706 4284 Taceant,
1727 4203 1949 4284 inquit,
1983 4218 2041 4264 et
2061 4200 2235 4262 domi
2253 4200 2507 4260 maritos
2528 4220 2678 4262 suos
2698 4198 3047 4260 consulant.

436 4320 495 4402 [l.
532 4341 580 4382 c.
615 4340 753 4402 pag.
791 4335 1089 4399 350--35
1116 4313 1182 4395 t.]

1113 4478 1180 4549 e)
1246 4476 1350 4536 De
1400 4440 1908 4535 exortatione
1958 4469 2375 4548 castitatis,

651 4623 802 4705 Cap.
824 4622 951 4683 Vll.
986 4621 1116 4683 Cur
1150 4633 1357 4680 autem
1389 4618 1464 4678 de
1498 4615 1771 4698 pristinis
1801 4613 2097 4694 exemplis
2130 4632 2260 4674 non
2293 4633 2361 4672 ea
2397 4611 2608 4692 potius
2636 4627 3048 4689 agnoscamus

437 4753 594 4814 quae
628 4750 775 4792 cum
806 4727 1249 4812 posterioribus
1281 4722 1747 4785 communicant
1779 4723 1858 4782 de
1890 4719 2207 4801 disciplina
2240 4736 2297 4780 et
2332 4719 2596 4780 formam
2628 4714 2942 4777 vetustatis
2971 4715 3048 4775 ad

439 4842 772 4904 novitatem
790 4837 1239 4901 transmittunt?
1277 4834 1427 4895 Ecce
1444 4832 1690 4893 enimin
1711 4846 1910 4890 vetere
1931 4829 2064 4909 lege
2087 4827 2507 4889 animadverto
2524 4840 2840 4886 castratam
2855 4821 3044 4882 licen-

437 4952 586 5013 tiam
617 4949 861 5031 saepius
895 4943 1189 5009 nubendi.
1225 4942 1497 5003 Cautum
1532 4938 1594 4999 in
1616 4936 1921 4998 Levitico:
1959 4935 2317 4996 Sacerdotes
2337 4934 2459 4995 mei
2482 4952 2612 4994 non
2634 4932 2772 5014 plus
2795 4933 3046 4994 nubent.

650 5074 940 5118 Galantc:
991 5070 1157 5113 Fontes
1189 5069 1270 5123 jur.
1299 5081 1394 5111 can.
2732 5070 2759 5124 3
