3684 5416
364 1643 413 1675 10

362 2192 412 2236 ³5

355 2727 416 2760 ⁴10

358 3263 417 3306 ⁴³5

359 3796 423 3842 ‚30

371 4331 421 4377 35

363 4867 429 4908 40

1615 374 1934 431 Ordinatio.
2970 397 3070 453 323

466 555 840 636 significasti,
889 557 1033 637 quia
1079 556 1140 618 in
1186 550 1427 619 sanctae
1460 559 1667 619 matris
1699 560 1986 621 ecclesiae
2019 561 2140 621 fide
2173 576 2232 622 et
2263 561 2490 623 Christi
2524 563 2797 624 nominis
2829 563 3072 624 confes-

468 662 642 723 sione
691 665 1111 743 perseveravit,
1156 667 1230 725 ab
1277 666 1559 747 originali
1608 684 1859 748 peccato
1906 668 2202 739 solutum,
2248 683 2307 731 et
2353 669 2630 730 coelestis
2662 670 2886 751 patriae
2918 690 3073 750 gau-

461 772 640 833 dium
673 791 803 832 esse
834 772 1145 853 adeptum,
1181 794 1252 833 ex
1282 775 1642 834 auctoritate
1673 783 2024 836 sanctorum
2064 777 2316 836 Patrum
2340 778 2682 858 Augustini
2708 784 2889 858 atque
2918 778 3072 839 Am-

465 878 661 939 brosii
702 879 1030 939 asserimus
1074 879 1519 941 incunctanter.
1587 881 1770 959 Lege,
1802 884 2045 960 j‘rater,
2077 902 2263 964 super
2296 899 2519 944 octavo
2553 884 2709 945 libro
2744 883 3074 965 Augustini

466 987 540 1047 de
561 986 798 1048 civitate
821 987 953 1061 Dei,
990 987 1093 1048 ubi
1127 988 1285 1049 inter
1317 1004 1511 1048 cetera
1544 988 1797 1069 legitur;
1841 989 2230 1070 «Baptismus
2264 989 2645 1051 invisibiliter
2679 991 3072 1067 ministratur,

465 1115 651 1175 quem
700 1115 831 1157 non
877 1112 1265 1176 contemptus
1310 1095 1638 1174 religionis,
1687 1098 1792 1157 sed
1841 1097 2144 1158 terminus
2178 1098 2547 1159 necessitatis
2579 1099 2902 1162 excludit.»
2975 1101 3075 1162 Li·

467 1208 646 1265 brum
698 1206 882 1266 etiam
927 1205 994 1266 B.
1048 1206 1358 1267 Ambrosii
1411 1207 1486 1267 de
1537 1208 1711 1268 obitu
1768 1208 2176 1269 Valentiniani
2229 1209 2389 1269 idem
2444 1209 2765 1270 asserentis
2814 1212 3073 1272 revolve.

467 1311 694 1393 Sopitis
726 1312 910 1393 igitur
940 1313 1404 1393 quaestionibus
1437 1314 1767 1376 doctorum
1803 1316 2042 1375 Patrum
2075 1315 2402 1376 sententias
2434 1332 2658 1393 teneas,
2698 1332 2756 1377 et
2787 1317 2850 1378 in
2884 1319 3075 1379 eccle-

465 1421 550 1481 sia
583 1436 688 1481 tua
722 1421 896 1499 iuges
929 1441 1136 1502 preces
1169 1422 1524 1502 hostiasque
1550 1423 1683 1483 Deo
1716 1422 1921 1483 offerri
1956 1423 2164 1483 iubeas
2197 1443 2309 1503 pro
2331 1426 2691 1505 presbytero
2713 1442 3075 1489 memorato,

467 1637 525 1692 b)
577 1630 1092 1685 Innocent.111.
1147 1629 1622 1685 Ferrariensi
1664 1630 2069 1702 EpiscopO.
2111 1631 2180 1685 in
2221 1649 2268 1685 c.
2310 1650 2359 1703 3.
2400 1632 2466 1686 X.
2521 1634 2587 1685 de
2617 1637 2936 1704 presbytero
2971 1651 3075 1688 non

1510 1714 1790 1783 baptizato.
1832 1711 1919 1765 111.
1955 1729 2042 1783 43.

680 1838 708 1866 ⁸
749 1838 908 1909 Corp.
937 1840 1042 1891 τάν.
1069 1857 1190 1891 can.
1217 1839 1307 1892 ed.
1348 1838 1387 1893 F
1406 1838 1561 1893 ried
1582 1840 1616 1892 b
1636 1856 1778 1909 erg.
1819 1839 1994 1893 Tom.
2022 1838 2081 1892 ΙΙ.
2124 1839 2232 1893 col.
2261 1840 2381 1908 64²1.
2422 1841 2465 1893 Ρ
2485 1857 2520 1893 0
2541 1839 2743 1894 tthas
2762 1850 2798 1894 t.
2839 1855 2893 1892 n.
2921 1856 3076 1911 2749.

467 1972 599 2026 Non
642 1972 960 2043 baptizatus
1002 1970 1249 2026 ordinari
1291 1989 1409 2026 non
1450 1985 1661 2043 potest,
1701 1985 1775 2037 ct,
1801 1971 1846 2025 si
1875 1973 1944 2025 de
1976 1971 2128 2026 sacto
2159 1972 2471 2040 ordinetur,
2497 1990 2609 2026 non
2637 1971 2835 2044 recipit
2862 1970 3077 2026 ordinis

1123 2052 1530 2121 characterem,
1556 2052 1687 2107 licet
1715 2052 2057 2108 credebatur
2083 2053 2418 2122 baptizatus·

683 2165 953 2226 Veniens
1004 2169 1080 2228 ad
1131 2166 1527 2248 apostolicam
1580 2166 1793 2226 sedem
1845 2165 2108 2225 dilectus
2135 2165 2331 2242 filius
2376 2163 2413 2223 l.
2462 2163 2616 2224 lator
2662 2164 3078 2245 praesentium

469 2273 648 2332 nobis
694 2274 993 2354 exposuit,
1039 2276 1232 2354 quod,
1282 2292 1480 2353 quum
1513 2282 1634 2353 per
1666 2272 1945 2351 singulos
1977 2272 2227 2331 ordines
2258 2291 2447 2351 usque
2477 2272 2552 2331 ad
2587 2270 2846 2349 gradum
2881 2288 3076 2329 sacer-

470 2377 616 2439 dotii
667 2379 1104 2459 adscendisset,
1153 2380 1452 2459 comperit
1498 2379 1746 2440 tandem
1767 2388 1891 2459 pro
1923 2386 2111 2451 certo,
2145 2378 2315 2456 quod
2352 2397 2480 2438 non
2520 2377 2698 2438 fuerit
2731 2377 3078 2437 secundum

473 2483 732 2545 formam
783 2485 1079 2563 evangelii
1127 2486 1484 2566 baptizatuS,
1538 2485 1700 2546 unde
1752 2503 1868 2544 nos
1922 2503 2063 2543 eum
2084 2495 2206 2565 per
2237 2484 2642 2545 venerabilem
2670 2486 2931 2556 fratrem
2965 2502 3079 2542 no-

473 2596 661 2650 strum
684 2591 757 2651 N.
799 2589 1199 2651 Desctaelanum
1234 2594 1576 2672 episcopum
1612 2591 1719 2651 rite
1756 2590 2015 2651 fecimus
2049 2590 2350 2671 baptizari.
2388 2590 2732 2669 Quumque
2764 2607 2948 2669 super
2980 2607 3079 2648 or·

472 2697 719 2758 dinibus
765 2719 970 2759 coram
1019 2697 1193 2759 nobis
1241 2697 1448 2759 fuisset
1481 2696 1713 2760 diutius
1745 2698 2143 2780 disputatum,
2179 2697 2436 2778 quidam
2469 2697 2529 2759 in
2565 2718 2698 2758 eam
2734 2696 3080 2758 declinave-

473 2821 613 2866 runt
644 2806 1026 2883 sententiam,
1069 2821 1152 2883 ut,
1185 2825 1381 2886 quum
1418 2807 1759 2887 baptismus
1791 2807 1867 2868 sit
1901 2807 2377 2867 fundamentum
2415 2805 2700 2867 omnium
2734 2825 3078 2866 sacramen-

474 2929 702 2992 torum,
755 2931 893 2975 ante
938 2916 1395 2996 susceptionem
1449 2916 1734 2998 baptismi
1786 2935 1918 2978 non
1969 2916 2335 2997 suscipiatur
2385 2915 2550 2976 aliud
2608 2929 3082 2994 sacramentum,-

475 3023 789 3104 quoniam,
843 3024 949 3084 ubi
1003 3023 1478 3084 fundamentum
1532 3044 1660 3084 non
1712 3040 1817 3096 est,
1879 3023 2370 3104 superaedificari
2424 3043 2550 3084 non
2601 3038 2813 3104 potest.
2890 3022 3083 3084 Porro

476 3145 727 3192 econtra
773 3129 963 3190 videri
997 3147 1218 3211 posset.
1286 3132 1445 3191 Nam
1481 3150 1680 3211 quum
1714 3131 1853 3211 quis
1888 3150 2016 3191 non
2053 3131 2259 3192 solum
2294 3150 2401 3212 per
2434 3146 2888 3191 sacramentum
2920 3127 3082 3207 fidei,

476 3239 581 3298 sed
632 3257 739 3319 per
786 3237 972 3298 fidem
1020 3237 1200 3298 etiam
1245 3238 1606 3299 sacramenti
1641 3238 1939 3298 efficiatur
1972 3238 2188 3318 procul
2222 3237 2415 3299 dubio
2449 3240 2804 3298 membrum
2836 3235 3088 3308 Christi,

477 3361 534 3404 et
583 3344 693 3424 qui
744 3343 1065 3404 Christum
1118 3345 1299 3404 habet
1348 3363 1458 3425 per
1508 3343 1713 3420 fidem,
1765 3343 2000 3404 etiamsi
2048 3342 2423 3423 baptismum
2473 3364 2601 3405 non
2636 3344 2873 3419 habeat,
2909 3344 3089 3403 habet

473 3452 688 3532 utique
723 3451 1216 3528 fundamentum,
1250 3467 1484 3533 praeter
1516 3453 1687 3531 quod
1722 3452 1889 3512 aliud
1926 3451 2073 3532 poni
2107 3470 2236 3511 non
2261 3465 2477 3529 potest,
2502 3450 2671 3529 quod
2695 3465 2782 3510 est
2802 3449 3088 3510 Christus

481 3558 676 3619 lesus:
726 3557 1228 3639 superaedificare
1275 3578 1453 3640 posse
1501 3559 1761 3635 videtur,
1806 3559 1962 3620 sicut
1994 3558 2301 3619 salutifera
2340 3576 2545 3637 opera,
2578 3557 2662 3618 sic
2696 3573 2754 3617 et
2784 3556 3092 3637 quaelibet

478 3665 875 3726 ecclesiastica
921 3683 1319 3743 sacramenta,
1369 3685 1567 3746 quum
1613 3666 1764 3727 illud
1814 3685 1945 3727 non
1991 3665 2065 3725 sit
2110 3665 2473 3744 generaliter
2506 3683 2741 3739 verum,
2775 3684 2978 3744 neque
3013 3663 3088 3724 de

478 3775 671 3852 novis,
725 3795 928 3855 neque
976 3776 1051 3836 de
1099 3777 1403 3837 veteribus
1448 3775 1862 3847 sacramentis,
1910 3775 2082 3855 quod
2130 3773 2471 3855 baptismus
2504 3772 2576 3833 sit
2610 3772 3090 3833 fundamentum

478 3882 745 3954 illorum,
791 3882 1090 3961 quoniam
1138 3899 1194 3942 et
1226 3899 1681 3943 sacramentum
1716 3880 1989 3960 coniugii
2025 3897 2081 3940 et
2114 3886 2563 3941 sacramentum
2598 3882 2780 3939 etiam
2813 3881 3090 3941 euchari-

479 3990 624 4050 stiae
680 4011 712 4049 a
767 4009 895 4050 non
950 3989 1264 4070 baptizatis
1313 3990 1500 4070 recipi
1548 4004 1765 4070 potest.
1831 3989 2145 4049 Praeterea
2193 4003 2649 4048 sacramentum
2695 3986 2929 4047 ordinis
2962 4004 3090 4048 non

481 4096 687 4157 solum
725 4095 1111 4177 pontificaliS,
1134 4096 1241 4157 sed
1274 4096 1663 4158 sacerdotalis
1698 4095 1882 4156 etiam
1915 4110 1972 4155 et
2003 4095 2225 4157 levitici
2259 4113 2330 4154 ex
2363 4093 2753 4154 institutione
2785 4113 2893 4154 sua
2915 4112 3090 4175 prae-

482 4204 657 4264 cessit
704 4204 1062 4285 baptismus,
1113 4223 1220 4284 per
1265 4203 1436 4282 quod
1486 4203 1736 4263 forsitan
1771 4202 2030 4278 videtur,
2065 4201 2239 4282 quod
2275 4216 2413 4261 ante
2446 4200 2841 4281 baptismum,
2874 4200 3092 4262 huius-

484 4312 655 4372 modi
690 4311 937 4372 ordines
972 4327 1221 4391 possent
1252 4310 1361 4370 rite
1393 4310 1672 4384 conferri,
1706 4310 1971 4371 maxime
2005 4310 2118 4387 his,
2143 4309 2251 4389 qui
2286 4308 2567 4389 baptizati
2590 4328 2720 4369 esse
2740 4309 3094 4370 creduntur.

489 4416 673 4496 Quid
719 4419 904 4491 enim,
951 4419 1012 4477 si
1017 4419 1299 4495 forsitan
1333 4418 1413 4489 is,
1445 4418 1555 4496 qui
1583 4417 1923 4497 baptizalus
1955 4437 2084 4476 esse
2115 4417 2411 4489 creditur,
2445 4423 2505 4476 et
2535 4436 2653 4475 non
2686 4422 2796 4490 est,
2829 4417 2895 4476 in
2928 4418 3094 4496 epis-

481 4533 696 4605 copum
730 4525 943 4585 saltem
978 4525 1241 4602 desacto
1263 4525 1469 4598 fuerit
1496 4522 1940 4584 consecratus?
1985 4521 2259 4582 Eruntne
2294 4522 2702 4582 reordinandi
2728 4542 2958 4596 omnes,
2990 4523 3101 4602 qui

485 4631 560 4691 ab
593 4652 658 4692 eo
672 4632 932 4708 suerint
958 4629 1282 4691 ordinali?
1327 4629 1409 4690 Et
1437 4650 1618 4709 quum
1652 4631 1725 4690 de
1743 4628 2040 4710 pluribus
2072 4630 2372 4709 episcopis
2404 4632 2738 4705 nesciatur,
2784 4649 2863 4688 an
2897 4630 3102 4687 renati

463 4739 720 4816 suerint
761 4758 917 4817 aqua
965 4736 1369 4818 baptismatis,
1402 4757 1583 4816 quum
1618 4736 1729 4797 hoc
1760 4757 1871 4796 nec
1904 4738 2031 4816 ipsi
2059 4737 2562 4809 reminiscantur,
2584 4755 2693 4794 nec
2726 4735 2881 4794 alii:
2912 4733 3095 4794 dubi-

487 4850 653 4904 tatur
704 4846 924 4924 igitur,
970 4866 1047 4904 an
1097 4844 1250 4905 tales
1296 4846 1426 4904 sint
1453 4847 1751 4904 veraciter
1784 4847 1847 4904 in
1883 4846 2194 4924 episcopos
2225 4842 2619 4904 consecrati?
2669 4840 2843 4902 Unde
2875 4847 3020 4921 quot
3044 4847 3103 4899 et

492 4959 721 5032 quanta
754 4958 1088 5031 sequantur
1121 4971 1238 5011 non
1273 4951 1467 5011 solum
1502 4950 1753 5024 absona,
1775 4951 1887 5010 sed
1913 4951 2207 5022 absurda,
2241 4950 2545 5010 silendum
2579 4955 2671 5009 est
2684 4951 2899 5030 potius
2919 4968 3097 5028 quam

2675 5049 2776 5102 αι’
