3684 5416
354 1549 406 1580 lo

352 2084 400 2127 ¹5

353 3154 405 3197 ²5

349 4225 403 4269 35

1419 381 1669 438 Ecclesia
1697 383 2108 455 antiquissima.
3003 403 3069 458 57

457 564 618 639 liari;
655 565 703 625 si
736 566 927 627 alium
960 566 1197 629 duxerit
1230 568 1441 629 relicto
1475 568 1606 645 illo,
1640 568 1836 629 necin
1862 568 2048 629 finem
2071 569 2338 631 dandam
2362 589 2492 631 esse
2514 571 3061 644 communionem;

457 674 553 734 vel
586 673 632 733 si
667 672 848 734 fuerit
880 672 981 734 ille
1016 673 1209 734 fidelis
1242 694 1433 755 quem
1465 675 1701 755 accipit,
1750 676 2268 738 communionem
2315 696 2442 738 non
2475 676 2746 759 accipiet,
2786 678 2898 739 nisi
2934 694 3072 759 post

458 781 674 842 decem
721 801 920 842 annos
967 797 1098 842 acta
1142 781 1411 862 legitima
1465 783 1851 864 poenitentia,
1898 783 1993 843 vel
2037 784 2087 845 si
2136 781 2453 844 infirmitas
2499 784 2768 864 coegerit
2802 784 3070 847 velocius

458 888 586 948 dari
620 888 1146 950 communionem.
1213 887 1287 968 [c.
1322 911 1379 957 7.
1414 891 1483 953 C.
1515 890 1730 951 XXXI.
1766 910 1823 970 q.
1869 888 1939 969 ι.]

670 996 825 1057 Can.
852 995 1090 1057 LXXIII
1138 996 1241 1057 De
1273 996 1668 1058 delatoribus.
1708 995 1956 1058 Delator
1987 995 2036 1056 si
2069 997 2209 1076 quis
2243 995 2498 1057 extiterit
2519 996 2735 1072 fidelis,
2758 1014 2818 1058 et
2837 1016 2944 1079 per
2964 999 3071 1059 de-

460 1102 745 1163 lationem
797 1102 929 1164 eius
979 1103 1200 1183 aliquis
1247 1103 1426 1165 fuerit
1472 1104 1848 1185 proscriptus
1893 1103 1988 1164 vel
2020 1102 2392 1180 interfectus,
2424 1105 2649 1185 placuit
2680 1124 2826 1166 eum
2861 1124 2977 1166 nec
3008 1106 3070 1166 in

460 1208 648 1270 finem
692 1209 964 1291 accipere
1010 1212 1565 1282 communionem;
1618 1212 1669 1271 si
1700 1211 1895 1273 levior
1928 1230 2108 1272 causa
2143 1211 2339 1285 fuerit,
2377 1211 2530 1272 intra
2565 1212 3071 1293 quinquennium

458 1318 730 1398 accipere
776 1318 994 1396 poterit
1039 1319 1584 1393 communionem
1638 1319 1687 1379 si
1733 1319 2217 1380 catechumenus
2251 1317 2448 1396 fuerit,
2495 1334 2633 1398 post
2665 1320 3070 1399 quinquennii

459 1441 735 1506 tempora
768 1424 1120 1486 admittetur
1150 1426 1225 1486 ad
1261 1425 1654 1506 baptismum.
1719 1423 1789 1504 [c.
1828 1427 1887 1487 6.
1919 1427 1988 1487 C.
2026 1425 2095 1488 V.
2129 1445 2189 1506 q.
2228 1423 2306 1504 6.]

671 1536 824 1598 Can.
848 1536 1115 1597 LXXIV.
1150 1536 1253 1596 De
1263 1536 1464 1614 salsis
1497 1536 1769 1596 testibus.
1807 1535 2021 1596 Falsus
2039 1535 2209 1597 testis
2230 1551 2414 1616 prout
2443 1552 2533 1597 est
2554 1535 2786 1596 crimen
2807 1534 3070 1595 abstine-

459 1643 638 1704 bitur.
689 1642 752 1703 Si
798 1658 1006 1704 tamen
1052 1661 1182 1704 non
1231 1641 1410 1703 fuerit
1457 1642 1714 1704 mortale
1760 1643 1933 1723 quod
1974 1642 2194 1704 obiecit
2243 1657 2304 1703 et
2335 1642 2698 1723 probaverit,
2735 1641 2909 1722 quod
2944 1661 3070 1703 non

460 1749 733 1825 tacuerit,
785 1749 1012 1811 biennii
1061 1766 1339 1830 tempore
1386 1749 1820 1824 abstinebitur3
1869 1749 1919 1810 si
1964 1766 2173 1811 autem
2218 1770 2347 1812 non
2383 1749 2727 1830 probaverit
2760 1765 3070 1811 convento

460 1857 644 1933 clerc,
675 1856 898 1937 placuit
931 1876 1039 1937 per
1069 1856 1578 1937 quinquennium
1608 1857 1919 1918 abstineri.
2139 1849 2144 1853 ’

672 1964 822 2025 Can.
861 1963 1104 2025 LXXV.
1166 1964 1270 2025 De
1313 1963 1436 2037 bis,
1469 1966 1579 2043 qui
1606 1963 1953 2024 sacerdotes
1983 1964 2082 2023 vel
2105 1966 2430 2045 ministros
2460 1970 2755 2024 accusant
2783 1985 2895 2024 nec
2915 1972 3070 2045 pro·

461 2069 622 2130 bant.
686 2068 750 2129 Si
780 2069 921 2150 quis
951 2085 1162 2132 autem
1193 2070 1556 2150 episcopum
1588 2069 1682 2129 vel
1716 2072 2142 2150 presbyterum
2175 2069 2270 2129 vel
2303 2069 2641 2130 diaconum
2675 2069 2835 2130 falsis
2868 2070 3072 2130 crimi-

461 2176 644 2237 nibus
675 2176 990 2257 appetierit
1022 2192 1083 2238 et
1115 2180 1371 2258 probare
1405 2196 1536 2238 non
1570 2175 1857 2256 potuerit,
1893 2194 2007 2237 nec
2041 2175 2103 2236 in
2136 2174 2327 2236 finem
2359 2175 2627 2236 dandam
2662 2176 2712 2236 ei
2748 2196 2878 2237 esse
2902 2195 3074 2237 com-

461 2284 843 2346 munionem.

674 2391 825 2453 Can.
862 2390 1130 2452 LXXVI.
1163 2390 1265 2451 De
1295 2391 1683 2465 diaconibus,
1715 2393 1777 2451 si
1803 2397 1946 2451 ante
1976 2389 2262 2450 honorem
2285 2398 2573 2470 peccasse
2594 2389 2959 2470 probantur.
3013 2391 3074 2450 Si

461 2497 601 2577 quis
632 2497 970 2560 diaconum
1000 2518 1063 2558 se
1100 2497 1439 2578 permiserit
1469 2498 1766 2571 ordinari,
1807 2513 1868 2558 et
1901 2511 2110 2577 postea
2146 2496 2326 2557 fuerit
2358 2497 2691 2556 detetectus
2725 2496 2786 2557 in
2822 2496 3075 2556 crimine

464 2604 676 2666 mortis
722 2605 895 2685 quod
944 2604 1282 2684 aliquando
1316 2604 1713 2679 commiserit,
1748 2604 1797 2665 si
1831 2619 2049 2685 sponte
2086 2603 2266 2665 fuerit
2300 2602 2639 2679 confessuS,
2676 2603 2899 2683 placuit
2931 2622 3076 2663 eum

462 2727 591 2773 acta
635 2711 906 2792 legitima
955 2712 1323 2794 poenitentia
1372 2729 1510 2793 post
1547 2713 1884 2775 triennium
1916 2713 2190 2794 accipere
2222 2713 2768 2785 communionem;
2819 2712 2991 2792 quod
3025 2713 3074 2772 si

461 2818 617 2879 alius
660 2838 804 2879 eum
852 2820 1162 2896 detexerit,
1203 2836 1341 2900 post
1371 2820 1879 2900 quinquennium
1914 2835 2044 2881 acta
2077 2819 2451 2901 poenitentia
2484 2819 2754 2899 accipere
2788 2837 3075 2880 commu-

463 2923 714 2986 nionem
746 2925 963 2986 laicam
999 2925 1237 2989 debere.

674 3034 830 3094 Can.
863 3032 1163 3094 LXXVII.
1220 3032 1324 3094 De
1356 3032 1713 3114 baptizatis,
1753 3035 1866 3113 qui
1892 3034 2158 3094 nondum
2191 3034 2548 3100 confirmali
2576 3035 2938 3093 moriuntur.
3014 3032 3077 3092 Si

462 3139 601 3219 quis
637 3139 936 3202 diaconus
982 3159 1203 3219 regens
1236 3138 1480 3220 plebem
1512 3139 1641 3200 sine
1675 3140 1968 3221 episcopo
2005 3139 2096 3200 vel
2131 3143 2486 3221 presbytero
2529 3140 2772 3220 aliquos
2806 3139 3078 3219 baptiza-

462 3246 626 3312 verit.
679 3247 1005 3328 episcopus
1052 3266 1158 3307 eos
1207 3266 1313 3327 per
1355 3245 1854 3308 benedictionem
1890 3245 2179 3326 perficere
2213 3246 2485 3314 debebit:
2539 3246 2713 3327 quod
2747 3246 2795 3306 si
2829 3262 2971 3306 ante
3003 3247 3079 3308 de

461 3352 709 3414 saeculo
742 3354 1116 3426 recesserint,
1151 3356 1266 3414 sub
1300 3352 1420 3414 fide
1455 3373 1577 3433 qua
1611 3354 1752 3433 quis
1785 3352 2042 3414 credidit
2076 3353 2296 3433 poterit
2327 3372 2458 3414 esse
2492 3352 2706 3415 iustus.

675 3460 828 3522 Can.
850 3438 1169 3523 LXXVIII.
1200 3459 1304 3521 De
1328 3460 1626 3536 fidelibus
1657 3462 2028 3540 coniugatis,
2060 3461 2123 3519 si
2148 3479 2283 3519 cum
2306 3459 2535 3519 Iudaea
2564 3458 2664 3519 vel
2667 3459 2903 3538 gentili
2918 3479 3079 3520 moe-

462 3566 676 3628 chatae
708 3565 773 3644 (I.
804 3567 1135 3640 moechati)
1154 3571 1424 3647 suerint.
1467 3567 1533 3628 Si
1566 3567 1707 3647 quis
1740 3566 1937 3627 fidelis
1973 3568 2201 3627 babens
2234 3584 2514 3640 uxorem,
2551 3584 2699 3626 cum
2731 3565 2951 3625 Iudaea
2983 3567 3076 3626 vel

463 3673 674 3754 gentili
707 3672 886 3735 fuerit
916 3690 1257 3751 moecatus,
1287 3696 1318 3735 a
1354 3674 1806 3736 communione
1827 3689 2129 3747 arceatur3
2166 3672 2337 3752 quod
2359 3672 2408 3731 si
2430 3671 2583 3732 alius
2605 3690 2749 3732 eum
2770 3672 3079 3738 detexerit,

464 3796 602 3861 post
634 3780 1137 3861 quinquennium
1173 3797 1302 3841 acta
1334 3780 1614 3859 legitima
1652 3779 2025 3862 poenitentia
2060 3778 2281 3859 poterit
2299 3777 2648 3839 dominicae
2667 3777 2882 3839 sociari
2903 3797 3078 3839 com-

466 3886 768 3949 munioni.

676 3994 826 4056 Can.
863 3994 1132 4057 LXXIX.
1187 3996 1289 4057 De
1333 3994 1457 4068 his,
1504 3997 1616 4076 qui
1659 3993 1929 4054 tabulam
1967 3993 2203 4053 ludunt.
2267 3991 2329 4053 Si
2364 3991 2502 4072 quis
2541 3991 2736 4052 fidelis
2767 3990 2983 4067 aleam,
3019 3991 3078 4051 id

462 4118 553 4162 est
581 4102 877 4176 tabulam,
925 4103 1136 4163 luserit
1173 4102 1467 4179 nummiS,
1505 4100 1731 4182 placuit
1763 4120 1906 4160 eum
1942 4099 2261 4171 abstineri;
2312 4115 2371 4160 et
2403 4099 2453 4159 si
2486 4099 2850 4159 emendatus
2883 4118 3080 4158 cessa-

463 4209 633 4282 verit,
665 4223 803 4289 post
833 4227 1073 4270 annum
1109 4208 1331 4290 poterit
1362 4206 1797 4275 communioni
1832 4204 2229 4267 reconciliari.

677 4316 831 4378 Can.
854 4316 1099 4377 LXXX.
1131 4316 1233 4377 De
1264 4315 1525 4377 libertis.
1559 4313 2050 4386 Prohibendam,
2089 4328 2155 4372 ut
2186 4312 2406 4385 liberti,
2441 4330 2715 4392 quorum
2749 4309 2987 4392 patroni
3019 4309 3078 4369 in

462 4423 711 4485 saeculo
745 4422 988 4496 fuerint,
1021 4422 1096 4482 ad
1130 4422 1365 4483 clerum
1400 4440 1527 4482 non
1561 4436 2062 4501 promoveantur.
2129 4417 2200 4498 [c.
2241 4439 2342 4498 24.
2378 4419 2531 4479 Dist.
2571 4417 2742 4496 LIV.}

675 4528 831 4590 Can.
887 4528 1157 4589 LXXXI.
1241 4526 1346 4588 De
1369 4529 1794 4607 foeminarum
1841 4525 2138 4606 epistolis.
2216 4526 2311 4585 Ne
2359 4524 2663 4586 foeminae
2709 4543 2826 4584 suo
2874 4522 3078 4604 potius

462 4638 695 4717 absque
737 4636 1098 4698 maritorum
1136 4636 1495 4697 nominibus
1530 4635 1694 4696 laicis
1727 4634 1989 4695 scribere
2025 4633 2307 4710 audeant,
2353 4652 2512 4712 quae
2545 4631 2755 4692 fideles
2785 4646 2951 4707 sunt,
2985 4631 3078 4690 vel

461 4743 688 4805 litteras
717 4743 973 4805 alicuius
1007 4743 1287 4825 pacificas
1320 4743 1397 4805 ad
1430 4761 1618 4803 suum
1640 4741 1850 4803 solum
1872 4759 2106 4801 nomen
2127 4740 2382 4821 scriptas
2401 4739 2714 4819 accipiant.
2750 4737 2829 4817 [H
2848 4757 2880 4797 e
2903 4738 2970 4798 fe
2987 4737 3005 4797 l
3021 4757 3079 4808 e,

463 4849 501 4912 I.
536 4869 585 4913 c.
618 4850 659 4912 I.
697 4869 830 4932 pag.
876 4846 1259 4930 155—192.]
