3684 5416
351 1573 396 1602 10

354 2105 398 2148 ¹5

350 2639 403 2672 20

360 3718 411 3760 30

362 4258 410 4301 33

1515 399 1685 454 Curia
1725 418 1981 455 romana.
2951 422 3057 475 497

450 470 1071 479 ——fflmffi
1094 474 1347 480 ——-———

447 581 618 658 quod
668 580 729 640 in
778 581 1038 661 praefata
1072 582 1332 643 Camera
1365 583 1585 645 Clerici
1633 585 2152 666 supernumerarii
2200 585 2561 662 hujusmodi
2596 589 2752 649 adeo
2785 607 3063 649 excreve-

447 703 597 760 rant,
632 702 700 747 ut
732 707 912 767 saepe
946 688 1326 769 contingeret
1359 691 1563 770 plures
1597 711 1748 765 un0,
1782 707 1840 753 et
1873 691 2093 752 eodem
2132 709 2409 775 tempore
2440 695 2516 754 ad
2535 692 2904 771 hujusmodi
2929 715 3061 775 per-

447 796 761 874 agendum
808 794 1085 856 officium
1134 796 1199 857 in
1247 796 1374 877 ipsa
1404 796 1668 861 Camera
1714 795 1903 859 simul
1949 798 2177 871 sedere,
2224 799 2512 861 confusio
2560 801 2865 880 quaedam
2903 801 3060 862 inter

448 920 554 961 eos
586 901 914 963 oriebatur.
981 903 1190 982 Itaque
1225 904 1416 985 ipsius
1448 903 1636 965 officii
1669 905 1840 984 quod
1872 905 2033 965 inter
2066 921 2296 967 caetera
2331 906 2516 967 Rom.
2551 907 2697 968 Cur.
2733 905 2936 968 officia
2968 909 3064 969 in-

447 1008 619 1086 signe
669 1024 727 1069 et
775 1009 1185 1090 praecipuum
1219 1010 1413 1073 existit
1443 1011 1790 1084 auctoritas,
1829 1030 1959 1074 non
1996 1031 2214 1092 parum
2252 1012 2447 1074 minui
2478 1012 2818 1090 videbatur,
2853 1014 3058 1094 quod-

450 1136 574 1196 que
607 1135 674 1176 ea
709 1136 870 1196 quae
902 1115 967 1178 in
1001 1117 1216 1179 eadem
1238 1119 1519 1196 Camera,
1554 1138 1731 1180 secus
1764 1120 1838 1178 ab
1874 1118 1942 1179 iis
1976 1120 2082 1199 qui
2117 1119 2270 1180 intra
2291 1120 2706 1200 septenarium
2727 1140 3061 1182 numerum

453 1223 613 1302 juxta
663 1240 1031 1287 statutorum
1083 1227 1562 1304 ordinationem,
1622 1242 1682 1288 et
1732 1227 2149 1307 capitulorum
2200 1229 2644 1296 continentiam
2704 1229 3066 1306 hujusmodi

448 1335 879 1408 tractabantur,
924 1353 999 1395 ex
1050 1336 1736 1415 supernumerariorum
1787 1337 2182 1398 multitudine
2248 1338 2722 1419 praedictorum,
2777 1338 2948 1401 facile
3000 1340 3064 1399 in

455 1441 762 1521 publicam
807 1440 973 1519 vulgi
1027 1440 1307 1504 notitiam
1359 1442 1779 1506 deveniebant.
1844 1443 2008 1505 Idem
2045 1443 2339 1504 Nicolaus
2387 1445 2816 1525 praedecessor
2850 1446 3066 1507 incon-

453 1545 842 1607 venientibus
888 1545 1248 1625 hujusmodi
1293 1549 1617 1610 salubriter
1648 1550 1894 1611 obviare
1928 1553 2157 1621 volens,
2195 1553 2371 1613 Motu
2408 1553 2678 1633 propri0,
2711 1553 3069 1614 auctoritate

455 1652 829 1733 Apostolica,
863 1673 937 1714 ex
970 1671 1127 1716 certa
1158 1655 1433 1732 scientia,
1469 1676 1575 1736 per
1607 1656 1752 1717 alias
1782 1677 1926 1718 suas
1956 1659 2157 1719 literas
2179 1658 2462 1732 decrevit,
2484 1675 2543 1720 et
2561 1659 2786 1736 statuit,
2809 1674 2868 1722 et
2885 1660 3070 1722 etiam

456 1759 775 1837 ordinavit,
822 1780 983 1840 quos
1028 1781 1270 1839 omneS,
1318 1777 1377 1823 et
1410 1763 1640 1840 singuli
1671 1779 1833 1826 extra
1864 1765 2281 1845 septenarium
2315 1784 2650 1826 numerum
2685 1765 3069 1826 Clericorum

458 1869 974 1950 participantium,
1016 1885 1141 1931 tam
1190 1893 1223 1932 a
1271 1872 1553 1950 Nicolao,
1598 1892 1789 1952 quam
1837 1873 2119 1950 Eugenio
2169 1875 2743 1954 praedecessoribus
2788 1874 3071 1955 praefatis

457 1994 713 2038 eatenus
763 1978 965 2051 creati,
1012 1995 1071 2040 et
1101 1977 1166 2040 in
1200 1991 1519 2060 posterum
1555 1981 1820 2059 creandi,
1856 2001 2016 2061 quos
2049 1981 2113 2042 in
2148 1980 2305 2042 dicta
2337 1981 2601 2044 ¹Camera
2634 1980 3071 2060 quandocum-

459 2104 581 2164 que
627 2100 686 2146 et
732 2084 1247 2166 quotiescumque
1292 2086 1480 2166 fieret,
1529 2107 1637 2148 seu
1684 2103 1994 2150 teneretur
2026 2088 2235 2149 adesse
2269 2087 2672 2165 contingeret,
2709 2103 3070 2174 postquam

457 2190 851 2259 audientiam,
900 2191 965 2253 in
1011 2213 1079 2254 ea
1133 2195 1631 2275 proponentibus
1679 2215 1790 2276 pro
1834 2212 2118 2276 tempore
2166 2195 2448 2257 noverint
2475 2196 2705 2273 datam,
2739 2194 2864 2255 sive
2898 2214 3070 2274 prae-

458 2299 678 2375 stitam,
726 2298 966 2379 ipsique
1010 2319 1234 2362 omoes
1282 2317 1351 2362 ut
1397 2317 1487 2363 est
1532 2303 1723 2364 moris
1759 2302 2048 2364 licentiati
2083 2301 2303 2377 forent,
2339 2302 2525 2363 simul
2558 2320 2704 2362 cum
2740 2300 2859 2361 illis
2891 2299 3072 2377 exire,

459 2406 759 2488 dictisque
793 2407 1156 2469 numerariis
1189 2423 1256 2469 ut
1289 2428 1353 2470 se
1382 2408 1648 2471 invicem
1683 2409 1988 2485 claudere,
2039 2426 2099 2471 et
2132 2429 2319 2489 super
2349 2409 2549 2470 causis
2584 2407 3070 2490 proponentium

460 2511 819 2587 hujusmodi
867 2514 1218 2586 deliberare,
1264 2537 1332 2577 ac
1380 2536 1564 2597 super
1610 2517 1859 2577 caeteris
1893 2516 2290 2597 expediendis
2324 2515 2602 2592 ejusdem
2635 2515 2932 2577 Gamerae
2967 2534 3073 2574 ne-

458 2620 638 2699 gotiis
684 2621 1023 2696 consulere,
1071 2637 1130 2683 et
1178 2622 1581 2684 determinare
1612 2625 1902 2700 valerent,
1941 2625 2202 2685 onmino
2236 2625 2470 2699 cedere,
2507 2623 2798 2703 ipsosque
2832 2622 3075 2701 quietos

460 2728 782 2799 dimittere,
831 2744 888 2789 et
934 2749 966 2789 a
1013 2728 1562 2791 deliberationibus
1610 2745 1669 2790 et
1713 2730 2270 2792 consultationibus
2326 2730 2689 2807 hujusmodi
2726 2747 2978 2810 prorsus
3010 2748 3072 2788 se

464 2836 767 2897 retrahere
802 2852 859 2895 et
892 2838 1100 2898 abesse
1135 2838 1446 2913 deberent,
1480 2856 1549 2897 ac
1581 2837 1763 2898 etiam
1795 2853 2168 2901 tenerentur.

677 2952 705 3011 S
743 2963 797 3022 3.
845 2943 972 3005 Nec
1018 2943 1237 3023 aliquis
1285 2960 1508 3004 eorum
1540 2944 1764 3024 quovis
1797 2945 2075 3024 quaesito
2110 2945 2317 3005 colore
2352 2961 2564 3005 contra
2599 2942 2947 3023 praemissa,
2983 2942 3077 3002 vel

461 3050 692 3130 aliquid
740 3049 1242 3130 praemissorum,
1290 3051 1631 3131 quicquam
1665 3050 2009 3131 impetrare,
2058 3071 2168 3112 seu
2203 3050 2349 3111 alias
2382 3050 2856 3130 quomodolibet
2888 3065 3080 3109 atten-

463 3173 586 3218 tare
629 3173 1059 3238 praesumeret.
1126 3159 1358 3220 Volens
1392 3158 1733 3238 quemlibet
1765 3157 2262 3239 supradictorum
2296 3157 2681 3234 hujusmodi,
2717 3176 3077 3219 excommu-

468 3265 790 3327 nicationis
822 3266 1203 3342 sententiam‚
1252 3284 1321 3325 ac
1355 3280 1593 3326 reatum
1626 3264 1894 3347 perjurii,
1940 3264 2126 3326 officii
2159 3264 2276 3341 sui,
2309 3265 2637 3343 omnisque
2670 3262 2802 3335 eius
2837 3263 3078 3343 privile-

464 3372 547 3454 gii
579 3371 984 3434 immunitatis
1017 3387 1075 3433 et
1109 3372 1560 3454 praerogativae
1592 3371 2059 3433 summissionem
2090 3371 2400 3432 incurrere
2437 3372 2569 3452 ipso
2595 3372 2774 3445 facto,
2796 3387 2980 3450 prout
3012 3371 3075 3430 in

465 3479 722 3559 singulis
756 3479 1039 3556 Eugenii.
1088 3495 1146 3540 et
1177 3479 1415 3539 Nicolai
1464 3479 2007 3559 praedecessorum
2049 3476 2409 3556 hujusmodi
2444 3477 2647 3551 literis,
2684 3495 2949 3556 quarum
2983 3490 3072 3534 te-

467 3606 649 3648 nores
684 3605 796 3667 pro
831 3585 1128 3667 expressis
1162 3585 1371 3646 haberi
1407 3585 1714 3659 volumus,
1749 3587 2113 3646 continetur.

681 3702 709 3763 S
743 3715 802 3772 4.
854 3695 1019 3755 Cum
1062 3693 1269 3773 itaque
1318 3693 1473 3753 sicut
1519 3692 1701 3753 etiam
1736 3691 2100 3773 accepimuS,
2134 3692 2291 3751 inter
2325 3689 2439 3750 alia
2472 3690 2753 3767 ejusdem
2786 3688 3081 3748 Gamerae

467 3817 702 3878 statuta,
752 3817 821 3862 ut
869 3800 1269 3882 praemittitur
1308 3799 1691 3878 confirmata,
1727 3799 2082 3878 diutiusque
2115 3798 2501 3860 laudabiliter
2534 3797 2871 3869 observata,
2909 3814 3082 3854 cave-

467 3924 604 3969 atur
636 3927 935 3989 expresse,
972 3909 1142 3987 quod
1181 3928 1250 3968 ex
1285 3908 1430 3987 ipsis
1463 3924 1699 3989 septem
1733 3906 2117 3985 numerariis,
2155 3907 2237 3968 illi
2273 3906 2380 3987 qui
2407 3904 2684 3987 publicae
2705 3902 2798 3962 vel
2821 3902 3083 3981 privatae

471 4017 555 4077 rei
603 4036 783 4077 causa
830 4019 1111 4076 absentes
1164 4016 1409 4089 fuerint,
1460 4016 1612 4075 nihil
1660 4014 1921 4075 omnino
1956 4015 2264 4096 percipere
2298 4029 2401 4074 aut
2436 4027 2641 4093 petere
2675 4010 2932 4083 valeant,
2969 4007 3085 4067 nisi

469 4124 733 4184 duarum
790 4143 861 4183 ex
911 4122 1104 4183 tribus
1154 4122 1427 4202 partibus
1479 4136 1625 4182 voto
1673 4122 2074 4192 decernatur;
2128 4122 2204 4181 ita
2251 4120 2424 4200 quod
2473 4116 2893 4179 emolumenta
2928 4132 3085 4192 quae

469 4230 825 4291 absentibus
872 4230 920 4289 si
969 4244 1315 4309 praesentes
1361 4245 1563 4288 essent
1609 4226 1964 4306 contingere
2011 4227 2322 4301 deberent,
2355 4227 2650 4285 haberent
2684 4223 2837 4283 inter
2869 4239 3084 4300 super-

470 4338 636 4398 stites
671 4352 1018 4417 praesentes
1052 4336 1258 4397 dividi.

686 4453 714 4514 S
756 4466 809 4524 5.
859 4444 1100 4505 Tamen
1149 4445 1287 4525 ipso
1318 4443 1576 4504 Nicolao
1610 4444 1813 4504 adhuc
1847 4443 1910 4503 in
1945 4442 2236 4503 humanis
2268 4456 2506 4521 agente,
2542 4437 2894 4499 execrabilis
2929 4456 3086 4515 quo-

472 4553 761 4613 rumdam
808 4551 1079 4627 ambitio,
1126 4550 1531 4630 avaritiaeque
1580 4551 1840 4612 coecitas
1888 4568 2106 4610 eorum
2155 4549 2371 4609 oculos
2418 4548 2575 4609 adeo
2622 4543 2985 4615 excoecavit,
3025 4558 3089 4601 ut

474 4677 610 4742 post
656 4678 711 4721 et
760 4675 972 4721 contra
1021 4673 1390 4718 statutorum
1424 4672 1482 4717 et
1515 4657 1987 4717 ordinationum
2024 4653 2384 4733 hujusmodi
2419 4651 2941 4726 confirmationeS,
2974 4669 3086 4729 ap-

475 4770 887 4850 probationeS,
924 4786 991 4827 ac
1024 4766 1087 4826 in
1122 4764 1654 4826 contravenientes
1689 4763 2134 4823 sententiarum
2169 4759 2718 4841 promulgationes,
2753 4758 2850 4817 illa
2875 4754 3089 4816 infrin-

473 4895 613 4954 gere
647 4892 875 4935 temere
908 4887 1267 4951 satagentes,
1317 4868 1977 4930 excommunicationis
2009 4867 2400 4941 sententiam,
2438 4864 2812 4946 perjuriique
2848 4878 3085 4922 reatum

475 5003 605 5044 non
640 4982 1058 5057 formidantes,
1093 4981 1446 5060 importuna
1480 4997 1697 5038 eorum
1734 4976 2038 5048 instantia,
2075 4979 2147 5035 ab
2183 4975 2402 5035 eodem
2443 4973 2702 5033 Nicolao
2738 4971 3092 5050 praedeces-

642 5101 679 5143 G
698 5103 934 5142 alante:
968 5098 1134 5141 Fontes
1162 5097 1243 5147 iur.
1273 5110 1369 5140 can.
2745 5090 2807 5144 32
