3684 5416
598 386 702 437 2¹4
1226 372 1488 425 Potestas
1528 372 1906 427 ecclesiastica
1949 388 2002 428 et
2042 373 2343 446 imperium
2384 375 2558 429 civile.

596 571 805 635 optare
838 555 943 615 sed
977 555 1149 616 omni
1183 573 1427 624 conatu,
1459 558 1666 618 studio
1699 574 1753 618 et
1788 559 2121 638 diligentia,
2154 560 2336 621 nullis
2368 561 2702 636 laboribuS,
2741 562 2925 622 nullis
2963 562 3203 643 impen-

594 661 674 722 sis
721 662 1032 742 nullisque
1081 666 1388 744 parcendo
1436 665 1737 744 periculi5‚
1788 661 1973 726 etiam
2020 668 2338 748 proprium
2385 668 2750 749 sanguinem
2798 669 3202 738 effundendO,

595 768 865 844 efiicere3
903 790 972 830 ac
1003 790 1261 831 omnem
1294 771 1575 832 animum
1611 789 1881 833 vestrum
1916 792 2257 854 omnesque
2290 791 2544 835 conatus
2577 776 2650 834 ad
2689 776 2808 835 hoc
2841 775 3203 836 iamdudum

595 876 924 952 dedicasse,
971 878 1503 958 quemadmodum
1552 881 1937 960 recuperatio
1983 881 2152 961 regni
2186 882 2486 943 Granatae
2535 902 2566 941 a
2600 884 2923 962 tyrannide
2957 884 3205 944 Sarace-

518 1008 536 1050 5
595 1002 841 1058 norum,
878 984 1194 1046 hodiernis
1227 986 1607 1066 temporibus
1642 1007 1746 1067 per
1781 1007 1890 1048 vos
1923 1007 2068 1049 cum
2101 1005 2262 1048 tanta
2296 989 2485 1049 divini
2519 990 2789 1051 nominis
2816 991 3009 1070 gloria
3035 991 3203 1062 facta,

494 1543 539 1573 to

593 1105 858 1162 testatur,
905 1091 1091 1169 digne
1139 1092 1427 1153 ducimus
1474 1112 1601 1152 non
1637 1093 1972 1169 immeritO,
2010 1110 2067 1154 et
2100 1096 2398 1156 debemus
2433 1096 2528 1156 illa
2564 1097 2739 1158 vobis
2772 1097 2954 1158 etiam
2988 1113 3205 1177 sponte

593 1214 650 1256 et
685 1197 1090 1259 favorabiliter
1121 1199 1479 1275 concedere,
1514 1219 1620 1280 per
1652 1220 1809 1280 quae
1846 1202 2206 1264 huiusmodi
2239 1219 2521 1263 sanctum
2556 1220 2612 1264 et
2645 1204 2948 1265 laudabile
2983 1206 3057 1264 ab
3091 1205 3205 1264 im·

594 1305 833 1365 mortali
880 1305 998 1365 deo
1045 1324 1337 1385 coeptum
1388 1308 1773 1388 propositum
1822 1309 1887 1369 in
1932 1309 2061 1369 dies
2114 1309 2465 1371 ferventiori
2514 1311 2723 1371 animo
2771 1313 2845 1370 ad
2883 1311 3071 1391 ipsius
3105 1312 3199 1371 dei

596 1411 904 1472 honorem
937 1427 995 1472 et
1028 1412 1264 1492 imperii
1298 1414 1604 1474 christiani
1639 1415 2146 1496 propagationem
2182 1418 2472 1496 prosequi
2507 1419 2767 1479 valeatis.

811 1528 839 1588 s
884 1541 930 1580 1.
977 1519 1135 1581 Sane
1167 1523 1515 1603 accepimus
1548 1524 1718 1602 quod
1750 1542 1863 1585 vos
1894 1525 2137 1585 dudum
2170 1525 2448 1585 animum
2483 1526 2942 1606 proposueratis
2974 1526 3207 1604 aliquas

596 1625 826 1686 insulas
872 1642 930 1686 et
968 1642 1155 1688 terras
1189 1628 1396 1689 firmas
1429 1647 1692 1692 remotas
1724 1649 1781 1692 et
1813 1632 2159 1710 incognitas
2191 1650 2261 1692 ac
2294 1651 2402 1711 per
2434 1631 2585 1692 alios
2620 1633 2916 1692 hactenus
2950 1651 3075 1691 non
3113 1653 3206 1692 re-

595 1747 795 1813 pertas
840 1753 1132 1813 quaerere
1179 1751 1237 1796 et
1281 1737 1570 1808 invenire,
1618 1754 1684 1798 ut
1731 1739 1971 1800 illarum
2007 1739 2237 1800 incolas
2270 1756 2328 1799 et
2362 1740 2729 1800 habitatores
2761 1740 2835 1798 ad
2870 1739 3205 1799 colendum

595 1840 1049 1920 redemptorem
1100 1857 1384 1903 nostrum
1424 1860 1482 1904 et
1515 1845 1697 1904 fidem
1735 1844 2101 1906 catholicam
2135 1846 2549 1926 profitendum
2585 1846 2968 1914 reduceretis,
3004 1847 3203 1904 hacte-

598 1965 716 2005 nus
747 1946 807 2006 in
843 1948 1298 2028 expugnatione
1333 1965 1390 2010 et
1423 1952 1885 2030 recuperatione
1919 1951 2108 2032 ipsius
2141 1952 2313 2032 regni
2333 1950 2632 2012 Granatae
2658 1951 2994 2029 plurimum
3019 1970 3205 2011 occu-

497 2078 534 2119 τε
595 2053 738 2133 pati,
778 2054 1136 2115 huiusmodi
1168 2071 1452 2116 sanctum
1485 2072 1542 2116 et
1576 2057 1878 2119 laudabile
1913 2057 2299 2138 propositum
2324 2073 2590 2118 vestrum
2616 2060 2691 2119 ad
2714 2074 2992 2137 optatum
3018 2058 3204 2117 tinem

487 3154 536 3196 25

595 2162 929 2240 perducere
978 2162 1366 2242 nequivistis;
1420 2164 1528 2224 sed
1573 2166 1847 2240 tandem,
1895 2165 2050 2226 sicut
2090 2164 2351 2226 domino
2388 2164 2632 2245 placuit,
2667 2183 2862 2246 regno
2898 2166 3206 2245 praedicto

595 2284 971 2348 recuperato,
1019 2269 1296 2330 volentes
1329 2271 1703 2331 desiderium
1735 2272 2070 2352 adimplere
2104 2287 2395 2348 vestrum,
2431 2271 2719 2332 dilectum
2757 2271 2951 2332 fllium
2986 2274 3094 2332 Ch
3116 2272 3203 2330 ri-

594 2377 1071 2455 stophorum
1106 2378 1250 2437 Col
1272 2381 1618 2450 umbum,
1656 2378 1857 2439 virum
1892 2378 2105 2458 utique
2138 2379 2397 2458 dignum
2433 2393 2491 2437 et
2526 2378 2859 2459 plurimum
2883 2397 3203 2439 commen-

594 2483 874 2543 dandum
920 2503 987 2544 ac
1033 2499 1203 2544 tanto
1252 2484 1503 2562 negotio
1551 2500 1764 2564 aptum
1799 2503 1944 2545 cum
1980 2485 2234 2562 navigiis
2268 2502 2323 2544 et
2358 2484 2715 2545 hominibus
2750 2487 2823 2544 ad
2860 2485 3074 2545 similia
3110 2486 3204 2544 in·

592 2591 852 2667 structis,
899 2610 1025 2651 non
1072 2590 1203 2651 sine
1251 2591 1532 2651 maximis
1575 2593 1889 2652 laboribus
1922 2610 1979 2652 et
2012 2591 2297 2672 periculis
2330 2611 2397 2650 ac
2434 2593 2715 2672 expensis
2747 2592 3106 2657 destinastis,
3140 2606 3208 2650 ut

593 2714 779 2758 terras
828 2698 1030 2758 firmas
1077 2715 1133 2759 et
1165 2698 1394 2759 insulas
1428 2717 1693 2760 remotas
1726 2715 1783 2760 et
1818 2699 2164 2780 incognitas
2199 2700 2556 2760 huiusmodi
2593 2718 2700 2778 per
2733 2719 2917 2770 mare,
2957 2699 3058 2759 ubi
3093 2700 3199 2759 ha-

594 2822 809 2865 ctenus
845 2807 1244 2884 navigantum
1280 2827 1408 2867 non
1447 2807 1656 2879 fuerat,
1693 2808 2016 2886 diligenter
2049 2808 2397 2887 inquireret.

813 2932 867 2972 2.
949 2912 1074 2987 Qui
1139 2915 1389 2973 tandem
1453 2914 1661 2973 divino
1712 2914 1961 2987 auxilio,
2017 2914 2166 2973 facta
2220 2930 2485 2974 extrema
2544 2913 2869 2992 diligentia,
2922 2913 2980 2974 in
3043 2932 3203 2972 mare

595 3017 849 3077 Oceano
883 3019 1255 3096 navigantes,
1307 3037 1496 3081 certas
1531 3020 1760 3080 insulas
1794 3020 2232 3081 remotissimas
2266 3037 2323 3081 et
2356 3021 2533 3081 etiarn
2572 3037 2755 3080 terras
2792 3020 3014 3091 firmaS,
3050 3039 3206 3099 quae

594 3144 702 3204 per
734 3124 884 3185 alios
921 3128 1213 3186 hactenus
1248 3144 1515 3207 repertae
1552 3147 1681 3187 non
1716 3128 1977 3201 fuerant,
2014 3128 2401 3201 invenerunt,
2438 3128 2499 3188 in
2534 3128 2760 3207 quibus
2793 3146 2981 3207 quam
3018 3126 3201 3207 pluri-

594 3252 728 3292 mae
760 3248 972 3311 gentes
1008 3233 1252 3313 pacifice
1288 3234 1557 3294 viventes
1591 3250 1667 3311 et,
1704 3250 1772 3294 ut
1803 3236 2112 3309 asseritur,
2150 3234 2353 3295 nudae
2387 3235 2742 3295 incedentes
2776 3252 2889 3293 nec
2923 3234 3205 3293 carnibus

593 3355 906 3400 vescentes
957 3341 1318 3416 inhabitant,
1365 3357 1439 3416 et,
1491 3357 1556 3401 ut
1608 3340 1855 3421 praefati
1908 3341 2109 3401 nuntii
2158 3342 2336 3402 vestri
2386 3356 2646 3420 possunt
2694 3342 2951 3423 opinari,
2997 3357 3206 3418 gentes

594 3447 756 3528 ipsae
789 3448 851 3507 in
887 3448 1102 3509 insulis
1135 3464 1191 3507 et
1225 3448 1394 3509 terris
1429 3448 1749 3528 praedictis
1785 3449 2127 3510 habitantes
2162 3450 2419 3510 credunt
2441 3468 2639 3509 unum
2660 3450 2849 3509 deum
2872 3464 3202 3508 creatorem

593 3555 654 3615 in
703 3556 887 3616 coelis
935 3574 1086 3629 esse,
1134 3575 1203 3614 ac
1234 3555 1308 3614 ad
1345 3554 1532 3614 fidem
1565 3554 1928 3614 catholicam
1967 3556 2446 3635 amplexandum
2482 3570 2539 3613 et
2573 3554 2749 3615 bonis
2783 3554 3059 3615 moribus
3093 3554 3206 3614 im-

594 3663 915 3722 buendum
949 3662 1088 3722 satis
1122 3660 1239 3741 apti
1273 3661 1590 3721 videntur:
1627 3680 1894 3741 spesque
1931 3663 2191 3721 habetur
2225 3662 2414 3741 quod,
2447 3660 2495 3720 si
2529 3661 2938 3729 erudirentur,
2976 3680 3204 3720 nomen

591 3769 907 3829 salvatoris
953 3769 1186 3829 domini
1235 3768 1427 3829 nostri
1474 3768 1607 3828 lesu
1641 3768 1869 3829 Christi
1909 3768 1968 3828 in
2003 3769 2175 3828 terris
2208 3783 2267 3828 et
2300 3766 2515 3828 insulis
2548 3768 2868 3849 praedictis
2904 3769 3203 3828 fateretur.

594 3884 684 3937 Ac
731 3877 1035 3958 praefatus
1069 3877 1560 3956 Christophorus
1611 3876 1674 3935 in
1722 3896 1841 3936 una
1887 3896 1957 3935 ex
1993 3874 2428 3955 principalibus
2464 3875 2677 3935 insulis
2711 3875 3051 3957 praedictiS,
3088 3874 3207 3933 iam

596 4004 786 4046 unam
817 3984 1034 4046 turrim
1067 3983 1208 4043 satis
1242 3983 1563 4057 munitam,
1600 3982 1659 4043 in
1694 4003 1815 4062 qua
1850 3998 2047 4043 certos
2078 3981 2461 4057 christianos,
2497 3982 2604 4061 qui
2626 4002 2837 4042 secum
2858 3982 3111 4045 iverant.
3146 3981 3206 4040 in

592 4093 954 4168 custodiam,
1000 4106 1056 4151 et
1105 4104 1170 4150 ut
1215 4091 1360 4151 alias
1408 4091 1638 4150 insulas
1684 4105 1742 4149 et
1774 4106 1961 4149 terras
1994 4088 2201 4148 firmas
2236 4104 2501 4148 remotas
2535 4104 2592 4149 et
2626 4089 2968 4167 incognitas
3001 4089 3204 4167 inqui-

592 4215 812 4277 rerent,
849 4199 1075 4280 posuit,
1110 4199 1383 4260 construi
1418 4214 1475 4257 et
1507 4197 1809 4258 aedificari
1847 4196 1998 4257 fecit.

812 4326 865 4386 3.
915 4307 981 4366 ln
1015 4306 1242 4385 quibus
1275 4305 1529 4385 quidem
1562 4304 1778 4364 insulis
1821 4320 1880 4363 et
1911 4304 2082 4364 terris
2117 4303 2236 4363 iam
2274 4303 2539 4383 repertis,
2574 4321 2816 4380 aurum,
2850 4319 3115 4362 aromata
3151 4318 3206 4362 et

592 4414 739 4474 aliae
787 4432 977 4493 quam
1025 4413 1321 4494 plurimae
1369 4433 1463 4474 res
1511 4412 1731 4473 diversi
1777 4412 2018 4488 generis
2066 4427 2125 4472 et
2157 4411 2426 4471 diversae
2460 4409 2762 4490 qualitatis
2795 4410 3201 4490 reperiuntur.

806 4541 865 4600 4.
931 4521 1112 4582 Unde
1146 4520 1439 4580 omnibus
1476 4520 1798 4597 diligenter
1830 4534 1890 4579 et
1924 4518 2278 4598 praesertim
2315 4517 2454 4577 fidei
2488 4516 2815 4576 catholicae
2849 4516 3206 4576 exaltatione

593 4645 651 4689 et
696 4628 1067 4699 dilatatione,
1116 4644 1300 4707 prout
1346 4627 1518 4686 decet
1565 4626 1899 4686 catholicos
1931 4646 2103 4704 reges
2137 4642 2193 4685 et
2227 4625 2550 4706 principes,
2586 4623 2999 4693 consideratis,
3036 4642 3208 4682 more

592 4736 1058 4818 progenitorum
1105 4750 1451 4794 vestrorum
1499 4733 1689 4792 clarae
1738 4732 2075 4792 memoriae
2125 4750 2337 4809 regum
2391 4745 2579 4790 terras
2628 4729 2833 4790 firmas
2877 4743 2937 4790 et
2979 4728 3208 4788 insulas
3288 4724 3295 4729 ”

595 4843 928 4924 praedictas
978 4842 1345 4920 illarumque
1397 4840 1628 4899 incolas
1680 4839 2048 4899 habitatores
2101 4839 2302 4905 vobis,
2358 4837 2561 4898 divina
2603 4837 2836 4897 favente
2870 4837 3207 4925 clementia,

592 4950 888 5011 subiicere
922 4965 980 5009 et
1013 4949 1086 5009 ad
1123 4948 1308 5008 {idem
1342 4947 1702 5007 catholicam
1737 4948 2029 5006 reducere
2066 4945 2490 5026 proposuistis.
