3684 5416
607 1529 655 1562 10

608 2063 654 2107 ι5

603 2599 656 2631 20

602 3132 653 3176 25

602 3665 656 3711 30

601 4200 652 4246 35

712 362 812 431 146
1335 362 1601 416 Potestas
1640 360 2027 417 ecclesiastica
2069 373 2126 415 et
2164 359 2468 432 imperium
2506 358 2680 413 civile.

709 546 867 621 facit,
919 562 977 606 et
1021 546 1218 627 qualis
1264 561 1354 607 est
1397 545 1464 607 in
1510 545 1833 627 regimine,
1886 545 2099 608 divino
2146 545 2220 607 sit
2257 559 2435 617 nutu,
2483 545 2639 606 sicut
2669 544 2964 625 scriptum
3000 559 3121 605 est:
3188 542 3312 606 Cor

709 655 877 735 regis
909 656 974 714 in
1005 672 1191 714 manu
1222 652 1355 713 Dei
1379 673 1734 734 quocunque
1762 652 2029 713 voluerit
2055 658 2249 714 vertet
2275 652 2438 713 illud
2467 649 2669 729 (Prov.
2701 651 2861 728 XXI,
2907 653 2976 728 ι).

922 758 1400 841 Responsio.
1485 758 1655 820 Haec
1703 779 1822 820 vox
1873 776 2002 820 non
2056 774 2145 820 est
2168 757 2479 820 ‘catholici
2530 754 2846 831 Cristiani,
2897 758 3004 819 sed
3056 757 3311 819 nimium

708 867 1070 950 blasphemi,
1103 882 1163 928 et
1193 865 1409 948 spiritu
1444 865 1750 928 diabolico
1784 865 1975 947 pleni.
2021 866 2243 928 -David
2273 885 2378 927 rex
2410 881 2470 927 et
2503 866 2799 947 propheta
2822 882 3103 947 peccans,
3137 865 3311 926 etiam

707 996 741 1037 a
788 976 1026 1036 minore
1071 993 1192 1036 suo
1222 974 1469 1036 Nathan
1513 972 1862 1056 increpatus
1908 965 2140 1035 audiuit
2185 972 2482 1054 quoniam
2529 971 2620 1033 vir
2664 971 2880 1033 mortis
2924 987 3072 1051 erat,
3118 987 3180 1032 et
3212 991 3314 1053 per

708 1083 1146 1145 validissimam
1194 1080 1642 1161 poenitentiam
1676 1095 1765 1141 est
1797 1081 2061 1143 salvatus
2094 1080 2192 1158 (II
2210 1080 2359 1161 Reg.
2391 1079 2537 1158 ΧΠ).
2601 1078 2750 1141 Saul
2793 1100 2827 1140 a
2859 1078 3145 1141 Samuele
3184 1098 3312 1160 per-

707 1190 865 1272 cepit
897 1188 1043 1270 quia
1077 1188 1153 1249 de
1184 1207 1381 1268 regno
1414 1203 1570 1248 esset
1602 1185 1875 1265 dejectus
1907 1187 1972 1265 (I
1992 1187 2147 1269 Reg.
2178 1187 2331 1267 XIII,
2365 1202 2424 1248 et
2454 1186 2608 1264 XV).
2638 1175 2923 1248 Roboam
2958 1207 2990 1246 a
3024 1187 3315 1267 propheta

707 1315 902 1378 aeque
947 1294 1233 1376 suscepit,
1279 1294 1425 1374 quia
1472 1295 1548 1355 de
1580 1285 1773 1355 manu
1808 1294 1974 1356 illius
2007 1304 2293 1373 regnum,
2327 1294 2501 1375 quod
2534 1295 2691 1355 bene
2722 1308 2892 1374 pater
2923 1311 3075 1354 suus
3102 1308 3313 1353 tenue-

707 1419 817 1482 rat,
870 1418 1028 1464 esset
1077 1400 1488 1463 scindendum
1541 1400 1672 1477 (III
1693 1400 1848 1482 Reg.
1897 1401 2020 1481 XI).
2085 1401 2363 1477 Quando
2413 1393 2816 1483 peccaverunt
2864 1411 3056 1479 reges,
3107 1415 3166 1461 et
3213 1399 3314 1460 filii

709 1511 910 1587 Israel,
961 1525 1019 1570 et
1069 1508 1269 1570 traditi
1314 1522 1459 1569 sunt
1502 1507 1565 1568 in
1600 1526 1825 1570 manus
1858 1508 2165 1588 gentium,
2213 1496 2369 1570 sicut
2400 1508 2714 1570 Manasses
2745 1523 2805 1570 et
2836 1505 3182 1584 Sedechias,
3224 1507 3313 1568 vel

707 1617 1053 1679 timuerunt
1083 1637 1116 1677 a
1150 1614 1300 1677 facie
1332 1614 1590 1676 Domini
1621 1614 1777 1676 sicut
1807 1614 2124 1693 Ezechias,
2156 1634 2266 1697 per
2297 1616 2630 1697 prophetas
2659 1615 2755 1675 vel
2787 1614 2940 1675 iram
2974 1635 3009 1675 a
3043 1599 3314 1676 Domino

709 1738 1130 1805 susceperunt,
1174 1723 1271 1784 vel
1318 1722 1802 1785 misericordiam
1849 1738 2231 1786 meruerunt.
2295 1724 2371 1784 Et
2402 1723 2464 1783 in
2499 1722 2993 1784 Deuteronomio
3023 1722 3312 1804 scriptum

709 1847 831 1895 est:
896 1834 969 1894 Si
1012 1831 1277 1912 difficile
1322 1838 1384 1892 et
1409 1831 1761 1912 ambiguum
1793 1833 1963 1913 apud
1990 1839 2048 1892 te
2060 1832 2375 1912 judicium
2409 1851 2539 1892 esse
2553 1833 2947 1913 perspexeris
2980 1832 3144 1891 inter
3173 1851 3313 1891 san·

700 1942 953 2021 guinem
986 1946 1047 2000 et
1073 1941 1460 2019 sanguinem,
1493 1958 1742 1999 causam
1775 1945 1836 1999 et
1864 1952 2138 2014 causam,
2172 1939 2403 2020 lepram
2437 1944 2498 2000 et
2527 1958 2648 1999 non
2670 1938 2927 2020 lepram,
2960 1943 3022 1999 et
3029 1937 3309 2017 judicum

711 2049 879 2108 intra
916 2052 1140 2128 portas
1188 2053 1326 2107 tuas
1374 2046 1608 2106 videris
1656 2045 1842 2106 verba
1887 2048 2151 2120 variari,
2197 2055 2382 2126 surge
2428 2052 2489 2106 et
2515 2033 2789 2107 ascende
2804 2046 2891 2105 ad
2918 2044 3113 2106 locum
3145 2065 3308 2126 quem

709 2155 969 2235 elegerit
999 2152 1310 2213 Dominus
1341 2151 1518 2212 Deus
1550 2158 1715 2225 tuus,
1745 2153 2067 2233 veniesque
2097 2153 2183 2213 ad
2208 2153 2556 2213 sacerdotes
2585 2152 2848 2213 Levitici
2852 2154 3132 2232 generis,
3165 2159 3222 2213 et
3236 2152 3315 2212 ad

691 2261 972 2342 judicem
1018 2262 1131 2342 qui
1149 2261 1363 2339 ficerit
1401 2261 1465 2320 in
1501 2258 1611 2320 illo
1643 2248 1933 2340 tempore,
1965 2278 2381 2340 quaerensque
2411 2258 2490 2320 ab
2521 2261 2635 2333 eis,
2667 2260 2779 2339 qui
2805 2259 3175 2321 indicabunt
3202 2259 3314 2320 tibi

691 2369 936 2450 judicii
977 2369 1320 2441 veritatem,
1365 2366 1430 2427 et
1449 2368 1660 2445 facies
1704 2366 2101 2447 quodcunque
2144 2367 2421 2427 dixerint
2461 2368 2572 2447 qui
2595 2372 2904 2448 praesunt
2944 2365 3102 2440 locO,
3144 2386 3308 2447 quem

710 2478 970 2558 elegerit
1012 2474 1347 2548 Dominus,
1398 2480 1460 2534 et
1504 2461 1829 2534 docuerint
1876 2479 1935 2534 te
1964 2473 2179 2553 juxta
2201 2473 2393 2554 legem
2440 2458 2616 2554 ejus,
2640 2474 2913 2554 sequeris
2957 2475 3308 2534 sententiam

708 2603 939 2657 eorum,
988 2602 1100 2642 nec
1146 2579 1487 2643 declinabis
1531 2580 1617 2641 ad
1658 2571 1968 2641 dexteram
2017 2579 2118 2640 vel
2159 2581 2246 2641 ad
2288 2582 2629 2642 sinistram.
2693 2579 2832 2659 Qui
2870 2586 3069 2640 autem
3101 2589 3309 2662 super·

711 2690 898 2752 bierit
941 2689 1153 2751 nolens
1196 2687 1443 2750 obedire
1486 2688 1826 2749 sacerdotis
1876 2689 2135 2770 imperio
2168 2690 2279 2770 qui
2306 2707 2372 2749 eo
2405 2694 2669 2771 tempore
2698 2690 3021 2749 ministrat
3047 2687 3310 2749 Domino

708 2798 846 2859 Deo
879 2804 1005 2871 tu0,
1038 2803 1099 2856 et
1127 2797 1365 2857 decreto
1380 2794 1650 2874 judicis,
1682 2797 1981 2856 morietur
2010 2792 2185 2856 homo
2218 2794 2349 2869 ille,
2381 2802 2443 2856 et
2467 2798 2711 2875 auferes
2739 2795 2967 2856 malum
2997 2796 3074 2856 de
3093 2793 3309 2867 Israel,

709 2911 1080 2984 cunctusque
1097 2902 1367 2985 populus
1399 2903 1658 2963 audiens
1689 2901 1951 2976 timebit,
1984 2908 2054 2962 ut
2081 2901 2290 2963 nullus
2322 2903 2606 2984 deinceps
2638 2904 3008 2964 intumescat
3031 2883 3314 2984 superbia

710 3011 914 3089 (Deut.
949 3009 1132 3087 XVII,
1170 3009 1293 3070 8—
1313 3009 1424 3088 13).
1489 3009 1604 3069 Per
1632 3008 1980 3069 sacerdotes
2014 3007 2186 3069 enim
2218 3008 2363 3069 dicit
2395 3008 2738 3071 Dominus:
2791 3008 2876 3070 Et
2902 3029 3090 3083 nunc,
3121 3028 3314 3089 reges,

710 3118 1088 3198 1‘ntellzgrite,·
1145 3116 1503 3189 erudimini,
1548 3117 1661 3196 qui
1675 3114 1991 3195 J'udicatis
2023 3121 2274 3177 terram.
2315 3116 2556 3177 servite
2586 3115 2857 3177 Domino
2889 3117 2953 3176 in
2988 3118 3227 3191 timore,
3259 3123 3318 3177 et

709 3223 1008 3286 exsultate
1053 3225 1115 3283 ei
1155 3243 1290 3283 cum
1337 3228 1613 3282 tremore.
1675 3218 2136 3303 Apprehendite
2172 3222 2594 3303 disciplinam,
2627 3244 2704 3283 ne
2735 3222 2976 3303 quando
3007 3224 3316 3284 irascatur

709 3331 1044 3404 Dominus,
1086 3336 1147 3390 et
1165 3330 1439 3411 pereatis
1469 3329 1545 3389 de
1574 3329 1675 3388 via
1707 3331 1873 3388 iusta
1920 3326 2105 3405 (Psal.
2139 3327 2207 3405 11,
2253 3338 2347 3407 10,
2392 3349 2486 3408 11,
2533 3329 2645 3405 12).
2710 3328 2782 3389 Et
2828 3329 3158 3409 apostolica
3205 3349 3313 3390 au·

709 3438 951 3500 ctoritas
999 3451 1377 3512 commonet,
1430 3450 1495 3497 ut
1527 3450 1588 3496 et
1620 3453 1800 3515 reges
1834 3434 2016 3496 etiam
2052 3435 2342 3497 obediant
2373 3434 2732 3517 praepositis
2760 3434 2887 3496 suis
2917 3434 2983 3495 in
3015 3435 3311 3508 Domino,

710 3546 818 3626 qui
865 3563 980 3626 pro
1024 3544 1348 3605 animabus
1394 3558 1614 3604 eorum
1648 3540 1984 3620 invigilant,
2016 3556 2085 3602 ut
2117 3559 2246 3603 non
2278 3562 2423 3603 cum
2453 3528 2684 3603 tristitia
2718 3543 2840 3602 hoc
2870 3540 3088 3603 faciant
3130 3541 3303 3616 (Heb.

707 3650 885 3728 XIII).
950 3652 1027 3712 Et
1070 3653 1288 3711 beatus
1319 3647 1604 3709 Gelasius
1651 3666 1810 3729 papa
1858 3648 1935 3708 ad
1966 3648 2364 3710 Anastasium
2411 3649 2841 3729 imperatorem
2888 3648 3095 3710 scribit
3125 3648 3315 3731 (epist.

722 3760 846 3835 10):
916 3756 1119 3832 «Quia
1166 3756 1323 3817 duae
1369 3770 1514 3815 sunt
1559 3772 1880 3835 personae,
1926 3753 2158 3834 quibus
2191 3754 2600 3836 principaliter
2631 3755 2731 3815 hic
2762 3755 2991 3834 regitur
3021 3755 3311 3823 mundus,

707 3866 932 3926 scilicet
977 3861 1343 3945 pontificalis
1389 3860 1737 3938 auctoritas,
1786 3876 1845 3921 et
1893 3854 2059 3940 regia
2100 3861 2383 3941 dignitaS‚
2428 3878 2487 3922 et
2518 3878 2687 3923 tanto
2721 3860 2918 3938 majus
2950 3877 3041 3922 est
3072 3861 3312 3943 pondus

708 3972 1095 4055 pontificum,
1127 3965 1367 4050 quanto
1399 3969 1474 4030 de
1506 3967 1654 4048 ipsis
1687 3967 1874 4028 etiam
1905 3967 2152 4047 regibus
2173 3968 2467 4030 reddituri
2488 3985 2632 4029 sunt
2652 3968 2930 4030 Domino
2951 3967 3307 4030 rationem.»

709 4079 1079 4141 Ambrosius
1108 4074 1548 4137 Theodosium
1591 4074 2028 4154 imperatorem
2075 4077 2151 4135 ab
2185 4075 2435 4137 ecclesia
2467 4076 2666 4156 culpis
2698 4074 3082 4155 exigentibus
3114 4095 3302 4154 segre-

707 4188 888 4267 gavit,
923 4200 982 4246 et
1015 4204 1125 4265 per
1155 4181 1595 4264 poenitentiam
1627 4181 1949 4242 revocavit.
2014 4182 2234 4242 Nostra
2281 4197 2472 4243 aetate
2506 4183 2682 4263 pium
2714 4172 3071 4262 Augustum
3103 4182 3311 4243 Ludo-

708 4294 913 4355 vicum
944 4313 978 4353 a
1013 4311 1207 4372 regno
1241 4290 1564 4370 dejectum,
1597 4307 1737 4372 post
1768 4290 2247 4353 satisfactionem
2268 4292 2631 4373 episcopalis
2652 4291 3046 4368 unanimitas,
3078 4292 3310 4354 saniore

708 4401 989 4478 consili0,
1023 4420 1163 4462 curn
1201 4398 1419 4481 populi
1452 4417 1779 4473 consensu,
1816 4413 1875 4459 et
1897 4390 2821 4479 Ecclesiae'et=regno*restituit.
2858 4398 3052 4474 Quod
3074 4398 3307 4473 dicitur,

709 4509 853 4590 quia
901 4529 1004 4569 rex
1049 4508 1366 4569 nullorum
1414 4506 1654 4586 legibus
1700 4505 1795 4567 vel
1827 4496 2074 4585 judiciis
2107 4506 2397 4586 subjacet,
2433 4508 2548 4569 nisi
2582 4507 2773 4568 solius
2807 4506 2939 4580 Dei,
2974 4526 3189 4568 verum
3220 4508 3310 4568 di·-

709 4616 884 4693 citur,
918 4616 967 4676 si
1002 4634 1103 4676 rex
1135 4631 1222 4676 est
1254 4614 1431 4676 sicuti
1464 4613 1844 4675 nominatur.
1880 4616 2013 4675 Rex
2046 4615 2215 4675 enim
2248 4636 2281 4675 a
2314 4614 2584 4695 regendo
2618 4599 2857 4690 dicitur,
2892 4629 2950 4674 et
2969 4614 3018 4675 si
3039 4616 3309 4696 seipsum

709 4723 1054 4783 secundum
1105 4721 1486 4781 voluntatem
1522 4718 1635 4779 Dei
1682 4712 1854 4798 regit,
1907 4736 1966 4780 et
2010 4722 2213 4782 bonos
2260 4721 2324 4781 in
2370 4721 2533 4781 viam
2578 4736 2801 4781 rectam
2848 4720 3071 4802 dirigit,
3119 4708 3309 4782 malos

709 4844 916 4891 autem
949 4828 1026 4888 de
1058 4827 1152 4887 via
1185 4846 1369 4907 prava
1402 4827 1476 4888 ad
1511 4819 1734 4887 rectam
1769 4826 2040 4906 corrigit,
2074 4843 2222 4888 tunc
2257 4840 2359 4888 rex
2397 4844 2502 4905 est,
2535 4842 2593 4887 et
2613 4828 2928 4889 nullorum
2950 4828 3188 4907 legibus
3219 4829 3309 4889 vel

711 4935 949 5013 judiciis
981 4932 1096 4995 nisi
1128 4933 1319 4994 solius
1353 4933 1466 4994 Dei
1497 4932 1799 5011 subjacet:
1835 4934 2136 5014 quoniam
2168 4935 2409 4996 arbitria
2442 4949 2701 5015 possunt
2733 4934 2869 5007 dici,
2911 4934 3076 5014 leges
3104 4951 3308 4996 ‚autem
