3684 5416
496 1272 546 1304 10

493 2308 547 2341 20

491 2845 543 2888 ²5

489 3378 546 3423 30

489 3914 542 3957 35

484 4448 544 4488 40

484 4946 538 4987 45

602 370 630 422 3
641 368 707 419 34
1753 349 2075 405 Ordinatio.

601 525 1005 595 firmationem,
1031 526 1403 596 adeptionem
1432 525 1832 597 possessioniS,
1860 540 1916 581 et
1943 527 2441 583 consecrationem
2482 542 2760 595 secutam,
2787 530 2872 585 vel
2900 544 3211 603 postquam

599 605 916 678 praefixum
956 621 1185 678 tempus
1226 608 1297 661 ad
1340 607 1652 678 petendam
1694 607 2196 662 consecrationem
2237 612 2460 679 lapsum
2504 609 2689 666 fuerit.
2740 612 2866 665 Hoc
2896 610 3002 667 dic.
3030 628 3212 683 usque

601 689 671 742 ad
700 690 735 757 ἓ
760 686 1040 743 inferiora.
1080 690 1277 743 Abbas
1305 687 1547 743 Siculus.
1589 718 1654 727 —
1694 690 1729 756 ἓ
1759 706 1805 743 2.
1848 690 1908 742 ln
1938 688 2307 759 dignitatibus
2336 704 2392 745 et
2419 688 2624 745 officiis
2652 692 2789 746 citra
2818 691 3217 763 episcopatum

598 788 664 825 ac
690 769 898 825 curatis
927 768 1215 824 beneficiis
1243 769 1416 824 debet
1431 770 1809 824 assumendus
1831 769 2172 838 vigesimum
2196 770 2457 843 quintum
2475 789 2691 826 annu—m
2712 772 2985 843 attigisse,
3005 787 3060 828 et
3081 772 3215 828 alias

598 868 723 905 esse
749 850 992 905 idoneus
1020 849 1250 905 scientia
1280 862 1335 903 et
1362 849 1653 915 moribus;
1693 863 1747 903 et
1774 848 1820 903 si
1848 867 1966 903 non
1995 863 2081 904 est
2105 849 2159 905 in
2190 851 2392 905 ordine
2420 850 2714 922 requisitO,
2741 852 2912 907 debet
2939 870 2999 908 se
3028 852 3215 908 facere

600 931 932 1003 promoveri
971 929 1026 985 in
1069 929 1343 1002 proximis
1372 928 1763 1000 temporibus;
1803 929 1939 984 alias
1968 930 2220 985 monitus
2249 948 2370 985 non
2397 949 2603 1002 parens
2632 932 2885 1003 privatur
2911 932 3210 997 beneflci0‚

600 1029 719 1066 non
749 1012 1017 1066 obstante
1045 1010 1447 1082 appellatione,
1473 1009 1579 1064 nisi
1607 1027 1674 1064 ex
1704 1027 1873 1064 causa
1903 1010 2155 1081 legitima
2184 1026 2501 1067 excusetur.
2556 1013 2684 1067 Hoc
2713 1012 2819 1068 dic.
2848 1030 3029 1085 usque
3057 1014 3129 1067 ad
3156 1014 3209 1082 g.

601 1091 820 1147 Clerici.
868 1093 1014 1146 Abb.
1052 1091 1292 1146 Siculus
1365 1119 1401 1129 -
1440 1092 1474 1159 ξ
1504 1108 1551 1163 3.
1594 1090 1882 1161 Eligentes
1910 1091 2206 1162 indignum
2235 1105 2437 1146 contra
2466 1093 2716 1147 formam
2743 1093 2909 1148 huius
2937 1112 2984 1149 c.
3013 1094 3212 1166 privati

601 1185 733 1227 sunt
775 1190 878 1243 pro
920 1172 1099 1244 prima
1127 1172 1248 1227 vice
1276 1185 1563 1243 potestate
1592 1171 1853 1243 eligendi,
1883 1185 1939 1226 et
1964 1172 2117 1227 idem
2146 1173 2199 1227 in
2229 1173 2535 1243 collatore3
2578 1187 2634 1229 et
2662 1173 2950 1230 defectum
2979 1176 3207 1247 capituli

600 1252 827 1324 supplet
854 1254 1175 1323 episcopus,
1204 1267 1259 1307 et
1287 1269 1316 1307 e
1346 1269 1646 1307 converso.
1691 1254 1760 1307 Et
1789 1254 1832 1307 si
1862 1252 2176 1323 capitulum
2206 1252 2457 1324 negligit,
2484 1252 2545 1309 fit
2575 1255 2868 1311 devolutio
2898 1257 2970 1310 ad
2999 1270 3213 1311 metro-

1315 1332 1654 1403 politanum.
1705 1334 1833 1387 Hoc.
1864 1333 1969 1388 dic.
2001 1351 2181 1405 usque
2210 1334 2283 1387 ad
2311 1332 2504 1389 finem.

816 1428 1035 1503 Quum
1082 1428 1146 1488 in
1194 1427 1431 1488 cunctis
1478 1428 1658 1487 sacris
1705 1428 2030 1488 ordinibus
2076 1443 2135 1488 et
2168 1427 2586 1489 ecclesiasticis
2622 1428 2972 1490 ministeriis
3004 1430 3123 1491 sint
3157 1439 3219 1492 et

598 1535 807 1596 aetatis
840 1534 1171 1611 maturitas,
1206 1542 1266 1594 et
1293 1534 1551 1613 gravitas
1586 1554 1856 1608 morum,
1889 1550 1947 1595 et
1978 1534 2291 1595 literarum
2325 1535 2572 1596 scientia
2610 1536 2995 1616 inquirenda,
3020 1538 3215 1598 multo

604 1642 820 1703 fortius
872 1642 933 1701 in
983 1642 1274 1721 episcopo
1321 1641 1473 1701 haec
1518 1656 1761 1721 oportet
1810 1641 2055 1722 inquiri,
2091 1641 2201 1721 qui
2233 1643 2306 1701 ad
2343 1660 2549 1702 curam
2584 1642 2846 1703 aliorum
2880 1644 3116 1724 positus
3148 1644 3211 1705 in

601 1771 663 1812 se
697 1749 832 1830 ipso
866 1750 1048 1809 debet
1080 1749 1424 1818 ostendere,
1459 1748 1719 1828 qualiter
1750 1748 1905 1809 alios
1939 1748 2002 1808 in
2037 1749 2231 1810 domo
2265 1749 2377 1837 Dei
2412 1764 2691 1830 oporteat
2725 1752 3088 1812 conversari.
3128 1752 3213 1811 Ea

603 1872 867 1939 propter,
903 1875 981 1916 ne
1014 1856 1186 1935 quod
1220 1855 1294 1915 de
1328 1854 1701 1936 quibusdam
1736 1875 1851 1936 pro
1886 1857 2242 1916 necessitate
2263 1856 2558 1935 temporis
2581 1855 2805 1916 factum
2833 1873 2923 1918 est
2943 1859 3215 1919 trahatur

601 1985 634 2025 a
668 1963 927 2044 posteris
958 1962 1023 2023 in
1056 1964 1435 2043 exemplum,
1470 1964 1768 2043 praesenti
1804 1963 2051 2024 decreto
2085 1964 2428 2040 statuimus,
2452 1977 2521 2022 ut
2541 1963 2751 2023 nullus
2772 1963 2833 2024 in
2853 1965 3210 2046 episcopum

601 2071 873 2150 eligatur,
927 2070 1044 2130 nisi
1096 2069 1202 2149 qui
1256 2069 1375 2130 iam
1424 2068 1808 2150 trigesimum
1855 2090 2092 2131 annum
2147 2070 2351 2130 aetatis
2403 2070 2684 2148 exegerit,
2735 2086 2793 2130 et
2827 2072 2901 2131 de
2935 2071 3214 2150 legitimo

600 2178 998 2239 matrimonio
1031 2176 1105 2238 sit
1138 2192 1334 2249 natus,
1367 2176 1475 2256 qui
1508 2175 1689 2237 etiam
1714 2177 1828 2237 vita
1855 2193 1912 2237 et
1936 2176 2183 2237 scientia
2208 2176 2720 2238 commendabilis
2740 2178 3210 2240 demonstretur.

601 2294 630 2355 s
675 2306 723 2346 ι.
775 2285 995 2362 Quum
1041 2303 1188 2344 vero
1234 2283 1461 2343 electus
1508 2282 1705 2360 fuerit,
1751 2299 1808 2344 et
1858 2283 2393 2345 confirmationem
2445 2284 2757 2345 electionis
2807 2285 3121 2365 acceperit,
3157 2301 3215 2346 et

597 2392 1150 2453 ecclesiasticorum
1202 2392 1516 2451 bonorum
1563 2390 2159 2451 administrationem
2194 2391 2493 2466 habuerit,
2528 2391 2789 2451 decurso
2823 2407 3104 2472 tempore
3138 2393 3214 2452 de

597 2497 1030 2559 consecrandis
1063 2497 1364 2578 episcopis
1398 2519 1429 2557 a
1464 2499 1812 2559 canonibus
1846 2497 2132 2571 diffinito,
2167 2497 2235 2573 is,
2268 2497 2343 2557 ad
2376 2517 2563 2578 quem
2601 2514 2876 2579 spectant
2901 2498 3209 2573 beneficia,

600 2626 761 2686 quae
794 2606 1074 2680 habebat,
1108 2604 1182 2664 de
1220 2603 1335 2663 illis
1368 2604 1741 2684 disponendi
1775 2604 2032 2665 liberam
2067 2606 2284 2665 habeat
2320 2604 2685 2666 facultatem.
2768 2614 2796 2673 S
2835 2625 2889 2666 2.
2924 2604 3211 2666 Inferiora

600 2714 782 2774 etiam
817 2712 1167 2788 ministeria,
1219 2728 1283 2772 ut
1318 2726 1460 2791 puta
1496 2712 1885 2787 decanatum,
1918 2711 2517 2788 archidiaconatum,
2555 2726 2614 2772 et
2644 2711 2777 2788 alia,
2809 2731 2968 2792 quae
3001 2731 3214 2773 curam

600 2821 946 2880 animarum
993 2819 1219 2878 habent
1269 2837 1590 2891 annexam,
1643 2819 1855 2878 nullus
1904 2818 2168 2878 omnino
2216 2818 2521 2899 suscipiat,
2566 2819 2672 2878 sed
2706 2837 2818 2879 nec
2852 2818 3212 2899 parochialis

600 2926 886 2986 ecclesiae
920 2925 1214 3003 regimen,
1252 2924 1366 2984 nisi
1399 2924 1507 3004 qui
1541 2925 1663 2985 iam
1696 2923 2064 3002 vigesimum
2098 2924 2389 3005 quintum
2422 2944 2661 2985 annum
2696 2925 2902 2987 aetatis
2934 2925 3213 3005 attigerit,

600 3048 657 3093 et
706 3030 952 3092 scientia
1005 3047 1062 3091 et
1114 3031 1389 3091 moribus
1436 3030 1974 3091 commendandus
2021 3031 2277 3092 exsistat.
2341 3030 2560 3105 Quum
2607 3047 2811 3092 autem
2860 3048 3214 3111 assumptus

601 3139 801 3214 fuerit,
850 3139 899 3198 si
946 3137 1412 3198 archidiaconus
1459 3137 1520 3198 in
1568 3137 1922 3214 diaconum,
1976 3154 2033 3199 et
2079 3139 2351 3198 decanus
2398 3153 2456 3199 et
2501 3138 2717 3218 reliqui
2754 3139 3049 3201 admoniti
3083 3159 3213 3200 non

599 3244 823 3305 fuerint
870 3244 1140 3325 praefixo
1174 3265 1208 3305 a
1242 3245 1585 3306 canonibus
1616 3261 1895 3326 tempore
1929 3246 1994 3306 in
2028 3248 2415 3326 presbyteros
2448 3245 2730 3324 ordinati,
2779 3262 2837 3306 et
2869 3249 2943 3306 ab
2979 3246 3083 3307 illo
3118 3265 3213 3306 re-

601 3369 967 3413 moveantur
1018 3350 1245 3426 offici0,
1294 3367 1352 3412 et
1399 3352 1528 3413 aliis
1575 3351 1946 3429 conferatur,
1982 3354 2088 3433 qui
2126 3368 2181 3413 et
2214 3352 2400 3413 velint
2433 3369 2489 3413 et
2523 3353 2762 3433 possint
2795 3353 2948 3415 illud
2983 3372 3211 3414 conve-

600 3459 839 3520 nienter
885 3458 1158 3539 implere.
1222 3460 1352 3519 Nec
1385 3459 1578 3540 prosit
1611 3459 1695 3519 eis
1727 3459 2152 3540 appellationis
2187 3459 2516 3540 refugium,
2549 3459 2596 3519 si
2631 3458 2784 3520 forte
2817 3460 2881 3520 in
2914 3460 3213 3522 constitu-

598 3566 785 3627 tionis
821 3567 989 3627 istius
1021 3568 1570 3648 transgressionem
1607 3587 1712 3647 per
1744 3567 2216 3647 appellationem
2253 3566 2558 3628 voluerint
2588 3587 2652 3627 se
2685 3567 2859 3627 tueri.
2894 3568 3033 3628 Hoc
3067 3586 3213 3627 sane

600 3692 730 3734 non
761 3673 966 3734 solum
1004 3673 1080 3734 de
1114 3674 1574 3755 promovendiS,
1607 3674 1712 3733 sed
1749 3673 1932 3733 etiam
1965 3674 2039 3733 de
2075 3674 2188 3751 his,
2236 3673 2347 3753 qui
2382 3673 2502 3733 iam
2535 3674 2805 3755 promoti
2840 3689 3000 3752 sunt,
3032 3673 3081 3733 si
3114 3692 3211 3734 ca-

599 3799 798 3840 nones
834 3799 963 3841 non
1016 3780 1335 3856 obsistant,
1384 3780 1792 3861 praecipimus
1847 3779 2174 3841 observari.
2242 3789 2269 3848 S
2309 3800 2364 3860 3.
2419 3779 2634 3841 Clerici
2688 3800 2852 3857 sane,
2903 3781 2953 3840 si
3004 3796 3212 3841 contra

600 3886 859 3948 formam
909 3888 1082 3947 istam
1131 3905 1514 3967 quemquam
1561 3886 1871 3963 elegerint,
1917 3901 1974 3946 et
2021 3886 2288 3966 eligendi
2321 3901 2470 3947 tunc
2506 3901 2801 3966 potestate
2836 3888 3124 3966 privatos,
3155 3901 3213 3946 et

598 3997 671 4054 ab
705 3993 1121 4055 ecclesiasticis
1155 3992 1463 4053 beneficiis
1494 3992 1759 4053 triennio
1794 3993 2078 4054 noverint
2111 4013 2174 4053 se
2206 3990 2378 4073 [esse]
2414 4012 2770 4073 suspensos
2822 3993 3092 4071 Dignum
3127 4008 3214 4052 est

598 4101 786 4178 enim,
839 4117 903 4160 ut
950 4119 1111 4179 quos
1147 4099 1259 4159 Dei
1294 4099 1481 4160 timor
1515 4122 1546 4160 a
1579 4100 1746 4160 malo
1782 4118 1912 4159 non
1947 4117 2189 4160 revocat
2223 4099 2660 4160 ecclesiasticae
2694 4099 2905 4159 saltem
2940 4114 3214 4160 coerceat

597 4208 883 4267 severitas
930 4206 1308 4286 disciplinae.
1378 4207 1721 4287 Episcopus
1767 4222 1976 4268 autem
2023 4208 2073 4266 si
2121 4221 2335 4268 contra
2382 4208 2530 4266 haec
2582 4205 2784 4266 fecerit
2816 4223 2918 4265 aut
2951 4224 3212 4267 consen-

597 4313 739 4374 serit
787 4312 935 4388 fieri,
986 4314 1048 4373 in
1096 4312 1481 4374 conferendis
1537 4313 1861 4394 praedictis
1912 4312 2130 4374 officiis
2163 4330 2219 4374 et
2253 4313 2562 4374 beneficiis
2598 4328 2961 4393 potestatem
3000 4309 3212 4392 [suam]

599 4421 850 4494 amittat,
886 4436 944 4480 et
976 4439 1082 4499 per
1115 4419 1473 4501 capitulum,
1510 4437 1614 4480 aut
1649 4439 1755 4501 per
1787 4421 2360 4501 metropolitanum,
2394 4421 2443 4481 si
2478 4420 2816 4501 capitulum
2837 4420 3213 4480 concordare

598 4525 961 4607 nequiverit,
997 4527 1315 4588 ordinetur
1335 4527 1389 4604 ¹).

817 4668 860 4732 ¹)
915 4663 1132 4719 Concil.
1161 4663 1416 4717 Trident.
1447 4662 1598 4717 Sess.
1631 4663 1746 4716 VII.
1775 4664 1847 4717 de
1874 4663 2186 4718 Reformat.
2217 4680 2262 4717 c.
2303 4682 2340 4717 ι.
2397 4663 2521 4717 «Ad
2562 4662 2975 4717 cathedralium
3022 4661 3207 4717 eccle-

596 4754 804 4811 siarum
847 4753 1105 4825 regimen
1144 4753 1349 4817 nullus,
1391 4752 1496 4806 nisi
1523 4770 1592 4807 ex
1617 4751 1876 4824 legitimo
1905 4753 2273 4809 matrimonio
2304 4767 2489 4817 natuS,
2517 4765 2574 4809 et
2600 4766 2788 4809 aetate
2814 4767 3055 4818 matura,
3082 4770 3214 4824 gra-

599 4847 770 4902 vitate
812 4864 1042 4901 morum
1086 4844 1494 4915 literarumque
1521 4843 1774 4912 scientia,
1813 4844 1967 4899 iuxta
1995 4843 2474 4899 constitutionem
2500 4843 2809 4898 Alexandri
2837 4844 2922 4897 111.
2950 4861 3100 4915 quae
3126 4844 3213 4898 in-

597 4935 730 5005 cipit
746 4938 931 5005 Quum
957 4937 1012 4988 in
1038 4936 1270 5000 cunctis,
1297 4932 1352 4987 in
1381 4931 1627 4987 concilio
1650 4931 2023 4986 Lateranensi
2050 4933 2496 5003 promulgatam,
2524 4931 2811 5002 praeditus
2839 4944 3216 4988 assumatur».
