3684 5416
1342 365 1588 420 Ordines
1627 378 1683 420 et
1723 362 2229 435 congregationes.
2982 364 3092 436 637

475 550 929 617 conservanda:
976 566 1047 610 ut
1093 549 1143 609 si
1188 549 1525 630 aliquando
1570 551 1864 611 suadente
1912 550 2163 611 diabolo
2211 549 2604 625 consenserit,
2640 564 2706 610 ut
2740 547 3092 627 egrediatur

474 657 551 717 de
586 656 986 734 Monasterio,
1023 656 1193 736 quod
1227 656 1397 735 absit,
1437 671 1584 718 tunc
1617 673 1838 718 exutus
1872 659 2055 718 rebus
2090 656 2448 718 Monasterii
2484 654 2854 736 proijciatur.
2918 653 3091 715 Illam

475 780 679 824 tamen
725 763 1110 844 petitionem,
1160 782 1350 843 quam
1400 764 1667 845 desuper
1710 764 1895 825 altare
1929 766 2138 826 Abbas
2185 763 2337 838 tulit,
2386 783 2516 824 non
2551 760 2830 843 recipiat;
2883 761 2987 822 sed
3023 760 3094 821 in

478 869 853 937 Monasterio
887 880 1268 933 reservetur.‘
1889 918 1892 929 .

396 1004 418 1047 5
554 1058 559 1063 ἡ
639 976 838 1058 ''Cap.
893 976 1047 1044 le.
1132 976 1235 1037 De
1273 976 1455 1057 filiis
1503 977 1824 1051 nobilium,
1890 976 1990 1038 vel
2017 986 2393 1060 pauperum,
2442 979 2552 1058 qui
2597 976 2959 1059 qffertmtur.
3023 973 3091 1034 Si

476 1082 617 1163 quis
669 1084 821 1147 forte
872 1084 948 1145 de
999 1083 1313 1151 nobilibus
1363 1084 1543 1149 offert
1593 1083 1789 1149 filium
1853 1104 2038 1146 suum
2099 1084 2231 1145 Deo
2281 1084 2343 1145 in
2395 1082 2789 1156 MonasteriO,
2847 1082 2895 1141 si
2960 1080 3093 1160 ipse

478 1209 632 1269 puer
678 1190 902 1251 minori
950 1205 1141 1251 aetate
1186 1207 1294 1268 est,
1341 1207 1620 1273 parentes
1665 1190 1799 1267 ejus
1834 1192 2053 1252 faciant
2084 1191 2463 1272 petitionem,
2495 1209 2687 1271 quarn
2718 1208 2901 1270 supra
2935 1185 3092 1247 dixi-

477 1315 635 1358 mus.
681 1297 756 1357 Et
800 1316 946 1358 cum
990 1298 1302 1359 oblatione
1350 1300 1544 1380 ipsam
1597 1297 1975 1379 petitionem,
2026 1314 2085 1359 et
2131 1317 2389 1360 manum
2438 1298 2612 1378 pueri
2661 1295 2973 1358 involvant
3023 1293 3093 1353 in

474 1402 636 1483 palla
679 1403 899 1482 altaris,
946 1420 1003 1464 et
1051 1404 1137 1465 sic
1182 1424 1329 1466 eum
1377 1404 1655 1467 offerant.
1749 1407 1840 1467 De
1892 1408 2076 1467 rebus
2122 1422 2328 1468 autem
2376 1406 2520 1480 suis,
2553 1419 2657 1466 aut
2686 1403 2752 1465 in
2786 1400 3089 1484 praesenti

375 1544 424 1576 ,ο
478 1508 766 1591 petitione
816 1510 1174 1591 promittant
1204 1514 1319 1572 sub
1353 1510 1769 1590 jurejurandO,
1819 1515 1967 1594 quia
2002 1532 2331 1593 nunquam
2365 1532 2474 1593 per
2504 1532 2587 1579 se,
2623 1527 2946 1590 nunquam
2982 1526 3092 1588 per
3171 1556 3174 1561 .

477 1617 794 1678 suffectam
844 1636 1193 1697 personam,
1243 1637 1356 1679 nec
1389 1620 1670 1699 quolibet
1700 1621 1894 1680 modo
1927 1620 1981 1681 ei
2014 1620 2349 1700 aliquando
2381 1618 2614 1699 aliquid
2648 1617 2814 1692 dent,
2845 1630 2950 1676 aut
2983 1613 3088 1672 tri-

478 1727 669 1785 buant
715 1723 1107 1784 occasionem
1153 1725 1439 1786 habendi.
1477 1726 1589 1787 Vel
1610 1744 1766 1787 certe
1799 1726 1848 1787 si
1883 1728 2002 1787 hoc
2035 1726 2228 1787 facere
2263 1725 2594 1801 noluerint,
2626 1740 2686 1785 et
2717 1721 2949 1802 aliquid
2984 1719 3080 1780 of-

481 1831 630 1891 ferre
665 1830 879 1891 volunt
910 1830 972 1891 in
1006 1831 1466 1913 eleemosynam
1490 1834 1871 1894 Monasterio
1904 1853 2017 1914 pro
2050 1833 2333 1894 mercede
2365 1851 2507 1898 sua:
2546 1831 2766 1892 faciant
2798 1849 2871 1890 ex
2904 1829 3095 1888 rebus

479 1957 633 2017 quas
680 1938 823 1998 dare
870 1937 1089 1999 volunt
1128 1940 1523 2015 MonasteriO,
1572 1942 1994 2019 donationem,
2043 1956 2348 2004 reservato
2393 1940 2529 2017 sibi,
2564 1939 2613 2000 si
2646 1938 2725 1999 ita
2757 1935 3094 2007 voluerint,

378 2080 424 2124 ¹5
480 2043 956 2106 usufructuario.
1020 2050 1227 2125 Atque
1277 2045 1354 2107 ita
1405 2047 1617 2109 omnia
1668 2050 2087 2123 obstruantur,
2140 2062 2208 2108 ut
2253 2047 2420 2108 nulla
2467 2045 2733 2126 suspicio
2783 2056 3091 2102 remaneat
3168 2091 3176 2101 .

480 2170 705 2232 puero;
756 2171 862 2233 per
908 2171 1099 2231 quam
1152 2154 1442 2236 deceptus
1492 2156 1687 2237 perire
1725 2155 1954 2237 possit,
2000 2156 2171 2236 quod
2218 2154 2401 2229 absit3
2454 2153 2628 2234 quod
2661 2149 3093 2232 experimento

481 2258 831 2328 didicimus.
897 2256 1189 2320 Similiter
1233 2276 1438 2322 autem
1491 2278 1552 2324 et
1598 2264 1997 2345 pauperiores
2031 2263 2264 2323 faciant.
2330 2261 2457 2337 Qui
2492 2279 2638 2321 vero
2673 2279 2744 2321 ex
2775 2274 2905 2318 toto
2939 2255 3097 2316 nihil

484 2366 728 2443 habent,
775 2365 1129 2446 simpliciter
1173 2368 1532 2448 petitionem
1582 2369 1821 2447 faciant,
1854 2385 1912 2430 et
1943 2386 2085 2432 cum
2120 2369 2428 2431 oblatione
2462 2369 2720 2430 offerant
2757 2366 2953 2428 filium
2987 2384 3098 2424 su-

483 2493 589 2533 um
625 2491 831 2533 coram
865 2472 1138 2535 testibus.

377 2613 430 2645 ιο
695 2578 847 2659 Cap.
881 2578 1093 2641 LXIV.
1144 2580 1246 2641 De
1276 2583 1620 2644 ordinando
1653 2583 1903 2645 Abbate.
1971 2583 2037 2645 In
2072 2583 2326 2644 Abbatis
2359 2582 2751 2644 ordinatione
2800 2580 2899 2640 illa
2931 2597 3099 2639 sem-

484 2707 592 2770 per
638 2685 1061 2749 consideretur
1108 2688 1278 2766 rati0,
1327 2705 1395 2752 ut
1428 2689 1525 2753 hic
1556 2692 1981 2770 constituatur,
2021 2711 2210 2772 quem
2243 2690 2356 2751 sibi
2391 2690 2593 2752 omnis
2626 2706 2886 2750 concors
2920 2687 3099 2749 Con-

481 2793 754 2874 gregatio
785 2792 1132 2854 secundum
1165 2795 1451 2858 timorem
1486 2799 1621 2873 Dei,
1671 2799 1794 2859 sive
1828 2799 2013 2859 etiam
2059 2817 2216 2879 pars,
2265 2797 2546 2878 quamvis
2595 2815 2777 2876 parva
2810 2795 3091 2872 Congre-

481 2899 762 2980 gatiouis,
794 2899 1023 2960 saniori
1054 2903 1314 2964 consilio
1345 2905 1609 2984 elegerit.
1646 2905 1812 2966 Vitae
1847 2922 2054 2967 autem
2089 2907 2331 2982 merite,
2367 2920 2426 2966 et
2455 2903 2783 2984 sapientiae
2817 2901 3098 2963 doctrina

484 3007 759 3091 eligatur,
792 3007 901 3087 qui
934 3011 1317 3073 ordinandus
1351 3028 1474 3085 est;
1526 3013 1760 3074 etiamsi
1804 3013 2062 3075 ultimus
2095 3012 2275 3074 fuerit
2307 3013 2370 3074 in
2403 3011 2617 3072 ordine
2650 3008 3104 3089 Congregatio-

378 3148 429 3191 25
487 3124 599 3185 nis.
678 3122 871 3198 Quod
922 3123 972 3182 si
1024 3122 1203 3182 etiam
1258 3120 1465 3181 omnis
1516 3121 1936 3201 Congregatio
1986 3121 2145 3182 vitiis
2198 3120 2324 3183 suis
2370 3120 2563 3201 (quod
2613 3117 2866 3198 quidem
2918 3115 3094 3192 absit)

487 3231 975 3292 consentientem
1029 3245 1352 3308 personam
1408 3226 1532 3306 pari
1582 3225 1841 3288 consilio
1889 3227 2154 3308 elegerit,
2199 3244 2257 3288 et
2288 3227 2427 3288 vitia
2461 3228 2589 3307 ipsa
2621 3225 3002 3305 aliquatenus
3038 3225 3104 3285 in

487 3337 766 3400 notitiam
812 3332 1121 3416 Episcopi,
1167 3334 1239 3395 ad
1290 3331 1466 3410 cujus
1509 3334 1844 3395 dioecesim
1876 3335 2137 3415 pertinet
2186 3336 2364 3396 locus
2413 3334 2563 3415 ipse,
2611 3333 2703 3392 vel
2738 3331 3108 3405 Abbatibus,

486 3461 595 3506 aut
653 3440 1023 3504 Christianis
1085 3439 1297 3501 vicinis
1345 3439 1703 3514 claruerint3
1764 3439 2131 3522 prohibeant
2177 3459 2511 3522 pravorum
2556 3437 2900 3519 praevalere
2947 3455 3097 3500 con-

487 3569 762 3627 sensum,
813 3563 871 3608 et
922 3547 1136 3608 domui
1187 3546 1305 3607 Dei
1349 3546 1610 3625 dignum
1661 3548 2038 3609 constituant
2088 3548 2609 3629 dispensatorem:
2678 3544 2935 3606 scientes
2987 3562 3105 3624 pro

381 3689 433 3730 ‘30
491 3659 609 3719 hoc
653 3676 718 3716 se
765 3669 1120 3735 recepturos
1153 3653 1498 3715 mercedem
1532 3656 1783 3730 bonam,
1818 3653 1869 3714 si
1902 3653 2055 3715 illud
2091 3669 2250 3715 caste
2284 3653 2496 3715 etzelo
2520 3651 2633 3713 Dei
2653 3650 2907 3718 faciant:
2944 3651 3104 3711 sicut

488 3785 521 3825 e
555 3764 798 3825 diverso
833 3776 1149 3843 peccatum
1180 3761 1558 3836 incursuros,
1590 3761 1639 3821 si
1673 3743 2002 3841 negligant.

591 3874 594 3877 ’
701 3868 1039 3930 Ordinatus
1090 3885 1299 3929 autem
1335 3869 1541 3930 Abbas
1590 3868 1814 3948 cogitet
1862 3888 2106 3950 semper
2151 3869 2333 3949 quale
2380 3887 2541 3929 onus
2587 3866 2869 3947 suscepit,
2905 3881 2962 3925 et
2997 3865 3095 3925 cui

470 3977 841 4038 >redditurus
889 3990 979 4036 est
1025 3975 1324 4036 rationem
1372 3974 1761 4036 villicationis
1805 3996 1987 4036 suae:
2038 3975 2306 4056 sciatque
2341 3975 2455 4035 sibi
2487 3989 2774 4056 oportere
2809 3972 3106 4054 prodesse

490 4084 705 4163 magis,
759 4101 949 4163 quam
1003 4101 1299 4163 praeesse.
1377 4082 1639 4164 Oportet
1686 4102 1835 4162 ergo
1888 4103 2034 4144 eum
2079 4104 2208 4145 esse
2256 4083 2512 4144 doctum
2557 4083 2690 4160 lege
2739 4080 2978 4141 divina:
3035 4085 3108 4138 u't

393 4223 431 4266 35
489 4191 637 4251 sciat
682 4205 741 4250 et
787 4191 862 4249 sit
910 4191 1074 4249 unde
1109 4188 1375 4269 proferat
1409 4209 1569 4251 nova
1604 4205 1660 4249 et
1692 4206 1927 4250 vetera:
1978 4207 2233 4266 castum,
2269 4191 2569 4264 sobrium,
2606 4186 3097 4254 misericordem,

490 4315 548 4359 et
598 4315 841 4379 semper
892 4293 1296 4376 superexaltet
1348 4295 1830 4356 misericordiam
1885 4295 2134 4373 judicio,
2189 4312 2256 4357 ut
2305 4296 2470 4357 idem
2504 4296 2630 4376 ipse
2663 4308 3108 4375 consequatur..

490 4406 706 4467 Oderit
740 4406 901 4483 vitia,
937 4403 1148 4484 diligat
1182 4403 1406 4464 fratres,
1453 4405 1519 4464 In
1554 4403 1680 4486 ipsa
1714 4421 1919 4465 autem
1956 4405 2344 4485 correptione
2379 4405 2716 4485 prudenter
2746 4418 2899 4481 agat,
2933 4417 2989 4462 et
3025 4419 3101 4461 ne

490 4514 642 4594 quid
677 4512 892 4573 nimis:
946 4531 1022 4572 ne
1058 4514 1211 4572 dum
1247 4511 1430 4571 nimis
1463 4512 1710 4572 eradere
1742 4513 1913 4594 cupit
1944 4512 2326 4591 aeruginem,
2359 4511 2670 4590 frangatur
2703 4529 2838 4581 vas;
2889 4527 3097 4569 suam-

491 4643 612 4704 que
661 4621 1050 4702 fragilitatem
1096 4639 1340 4701 semper
1386 4638 1705 4702 suspectus
1753 4623 1846 4699 sit,
1896 4621 2370 4700 memineritque
2403 4619 2707 4680 calamum
2742 4634 3108 4698 quassatum

381 4758 438 4799 40
494 4749 626 4791 non
671 4729 1139 4790 conterendum.
1203 4728 1269 4788 In
1319 4728 1545 4807 quibus
1598 4747 1724 4789 non
1763 4728 2043 4802 dicimus,
2079 4744 2142 4788 ut
2177 4727 2482 4808 permittat
2515 4725 2729 4786 nutriri
2765 4724 2938 4784 vitia:
2991 4724 3099 4784 sed

494 4837 847 4917 prudenter,
901 4852 958 4897 et
1008 4855 1152 4897 cum
1199 4834 1488 4895 charitate
1536 4854 1605 4895 ea
1652 4815 1944 4915 amputet,
1993 4851 2057 4896 ut
2090 4833 2306 4894 viderit
2337 4832 2563 4913 cuique
2598 4831 2904 4912 expedire,
2939 4831 3096 4891 sicut

494 4944 615 5024 jam
663 4945 958 5020 diximus3
1013 4960 1070 5004 et
1115 4943 1353 5004 studeat
1401 4941 1536 5023 plus
1582 4941 1792 5020 amari,
1825 4960 2015 5022 quam
2048 4940 2268 5001 timeri.
2335 4941 2481 5000 Non
2513 4939 2587 4999 sit
2617 4938 3010 4998 turbulentus
3044 4953 3111 4998 et
