3684 5416
356 1030 380 1073 5

329 1565 384 1597 10

327 2101 378 2144 ¹5

326 3177 381 3221 ²5

327 3712 386 3758 30

328 4245 384 4290 35

1083 392 1348 446 Potestas
1393 391 1772 447 ecclesiastica
1814 405 1873 447 et
1910 393 2211 463 imperium
2251 393 2425 448 civile.
2961 413 3056 467 ¹27

441 591 663 650 rantes,
696 575 981 655 ipsasque
1014 574 1071 634 vi
1107 574 1461 654 polluentes
1494 575 1941 637 interemerunt
1973 576 2085 658 ipsi
2120 576 2292 658 impii
2328 578 2733 656 Langobardi.
2785 580 2861 640 Et
2890 594 3058 640 tanta

442 681 600 742 mala
648 682 711 741 in
759 681 870 742 hac
905 680 1188 742 Romana
1235 681 1543 762 provincia
1595 681 1885 760 fecerunt,
1934 699 2163 763 quanta
2197 699 2356 745 certe
2403 704 2519 746 nec
2564 704 2799 766 pagane
2845 701 3057 764 gentes

442 789 777 869 aliquando
811 805 1184 870 perpetratae
1215 804 1377 862 sunt,
1413 789 1558 869 quia
1591 789 1793 866 etiam,
1828 789 1878 850 si
1909 789 2029 851 dici
2063 806 2281 871 potest,
2313 807 2372 852 et
2402 791 2516 872 ipsi
2550 792 2785 873 lapides
2819 808 3058 853 nostras

442 895 883 957 dissolaciones
931 896 1224 972 videnteS,
1259 895 1496 957 ululant
1535 896 1882 957 nobiscum.
1964 896 2437 979 Quinquaginta
2489 915 2546 959 et
2596 899 2877 979 quinque
2929 899 3057 960 dies

443 1004 604 1063 hanc
635 1001 919 1063 afflictam
959 1001 1304 1063 Romanam
1341 1003 1647 1063 civitatem
1681 1003 2052 1075 obsidentes,
2087 1021 2145 1065 et
2177 1024 2250 1065 ex
2281 1005 2457 1066 omni
2480 1020 2647 1086 parte
2670 1005 3057 1067 circumdan-

439 1126 550 1186 teS,
595 1108 824 1188 proelia
873 1108 1199 1170 fortissima
1245 1109 1344 1170 die
1390 1126 1711 1190 noctuque
1758 1129 1903 1171 cum
1952 1110 2220 1191 pessimo
2267 1112 2474 1173 furore
2506 1112 2880 1174 incessanter
2911 1132 3055 1174 cum

443 1216 697 1278 diversis
743 1216 1046 1277 machinis
1091 1233 1147 1277 et
1193 1217 1746 1279 adinventionibus
1794 1217 2075 1299 plurimis
2121 1234 2334 1279 contra
2382 1237 2497 1280 nos
2529 1220 2603 1279 ad
2637 1238 2853 1280 muros
2883 1219 3058 1281 istius

444 1323 761 1384 Romanae
808 1323 978 1384 urbis
1022 1325 1485 1393 commiserunt,
1525 1342 1589 1385 ut
1621 1344 1733 1386 sue
1767 1325 2069 1406 potestati,
2105 1326 2277 1404 quod
2312 1341 2541 1387 avertat
2574 1325 2876 1402 divinitas,
2910 1328 3057 1387 sub-

442 1429 649 1506 iciens,
696 1449 915 1492 omnes
960 1449 1091 1491 uno
1135 1430 1339 1510 gladio
1371 1431 1565 1492 isdem
1597 1431 1888 1493 inimicus
1921 1432 2268 1493 Haistulfus
2301 1432 2691 1494 interimeret.
2753 1432 2833 1493 lta
2866 1433 3052 1507 enim,

441 1554 586 1596 cum
621 1555 853 1615 magno
888 1536 1092 1597 furore
1126 1540 1562 1618 exprobrantes
1596 1558 1730 1616 nos,
1763 1537 2156 1600 adserebant:
2230 1539 2423 1600 «Ecce
2456 1538 2811 1600 circumdati
2847 1539 2988 1600 estis
3019 1559 3052 1600 a

443 1641 653 1719 nobis;
691 1642 938 1704 veniant
970 1662 1135 1704 nunc
1157 1643 1393 1720 Franci,
1426 1661 1487 1705 et
1518 1661 1737 1706 eruant
1765 1665 1880 1706 vos
1911 1646 1987 1706 de
2017 1646 2306 1707 manibus
2327 1646 2610 1707 nostris».
2644 1646 2806 1706 Nam
2827 1662 2884 1707 et
2906 1645 3052 1707 civi-

443 1766 630 1811 tatem
663 1751 1069 1812 Narniensem
1104 1770 1293 1831 quam
1328 1754 1506 1813 beato
1541 1753 1716 1815 Petro
1749 1752 2136 1815 concessistis
2168 1753 2601 1829 absstulerunt,
2637 1768 2694 1813 et
2714 1752 2950 1833 aliquas
2972 1753 3056 1814 ci-

440 1857 651 1919 vitates
678 1873 918 1919 nostras
950 1859 1575 1939 comprehenderunt.
1627 1860 1839 1935 Quam
1870 1861 1952 1921 ob
1977 1879 2106 1921 rem
2128 1860 2433 1922 constricti
2469 1860 2564 1920 vix
2584 1861 2904 1941 potuimus
2925 1880 3054 1921 ma-

443 1963 582 2025 rino
613 1964 825 2025 itinere
861 1982 1205 2046 praesentes
1239 1983 1480 2027 nostras
1509 1966 1734 2027 litteras
1765 1982 1825 2027 et
1856 1967 2117 2050 missum
2148 1967 2224 2027 ad
2248 1982 2507 2028 vestram
2529 1965 3051 2027 Christianitatem

443 2070 722 2151 dirigere,
757 2091 914 2152 quas
946 2087 1005 2133 et
1037 2091 1179 2133 cum
1212 2073 1453 2155 magnis
1484 2074 1753 2135 lacrimis
1786 2074 2163 2156 scripsimus.

659 2179 860 2252 Unde,
911 2179 1286 2241 dilectissimi
1334 2181 1534 2260 nobis,
1584 2197 1725 2263 peto
1771 2200 1903 2258 vOS,
1952 2197 2011 2242 et
2043 2197 2343 2261 tanquam
2377 2179 2865 2262 praesencialiter
2894 2179 3056 2241 adsi-

441 2300 606 2345 stens
639 2305 781 2346 cum
814 2286 1034 2348 divinis
1064 2287 1343 2350 misteriis
1375 2288 1635 2366 conjuro
1667 2308 1877 2351 coram
1913 2289 2048 2350 Deo
2080 2289 2222 2350 vivo
2254 2304 2314 2349 et
2335 2306 2498 2362 ver0,
2534 2303 2593 2349 et
2624 2286 2756 2348 eius
2777 2286 3050 2369 principe

443 2393 870 2475 apostolorum
918 2396 1097 2456 beato
1130 2396 1332 2471 Petr0,
1387 2412 1455 2457 ut
1503 2398 1619 2457 sub
1666 2395 1856 2457 nimia
1905 2394 2300 2457 festinacione
2334 2395 2514 2455 nobis
2546 2393 2942 2472 subveniatis,
2976 2413 3055 2455 ne

443 2520 785 2583 pereamus.
819 2503 965 2564 Non
999 2522 1117 2565 nos
1150 2503 1620 2585 derelinquatis:
1655 2503 1740 2565 sic
1771 2522 1901 2565 non
1935 2522 2044 2564 vos
2076 2501 2457 2582 derelinquat
2478 2501 2786 2562 Dominus
2817 2501 2882 2561 in
2916 2519 3055 2561 om-

443 2610 630 2671 nibus
661 2609 871 2670 vestris
902 2611 1152 2673 actibus.
1216 2611 1363 2671 Non
1395 2629 1509 2672 nos
1541 2611 1857 2691 spernatis,
1890 2609 1975 2670 sic
2010 2628 2138 2670 non
2172 2627 2284 2670 vos
2314 2624 2559 2690 spernat
2580 2608 2892 2669 Dominus
2922 2607 3055 2668 eius

441 2717 798 2779 invocantes
832 2718 1200 2799 potenciam.
1264 2720 1358 2780 Ne
1391 2717 1693 2797 elongetis
1722 2739 1756 2779 a
1788 2718 1970 2780 nobis
2001 2716 2295 2778 auxilium
2342 2731 2632 2783 vestrum.
2681 2716 3052 2778 christianis-

442 2824 618 2886 simi:
666 2824 750 2886 sic
794 2844 921 2885 non
968 2824 1218 2905 elonget
1250 2825 1561 2888 Dominus
1605 2825 1903 2886 auxilium
1939 2843 2125 2885 suum
2154 2845 2191 2885 a
2222 2823 2414 2895 vobis,
2446 2824 2597 2884 dum
2632 2824 2889 2904 ingressi
2921 2824 3052 2885 fue-

444 2930 573 2991 ritis
617 2946 829 2992 contra
870 2931 1147 2992 inimicos
1179 2948 1414 2992 vestros
1445 2932 1522 2992 ad
1555 2930 1997 2992 dimicandum.
2066 2930 2366 2991 Adiuvate
2400 2949 2515 2991 nos
2547 2933 2662 2991 sub
2698 2949 2919 3010 magna
2951 2949 3052 2990 ve·

443 3039 703 3117 locitate,
736 3040 1105 3101 dilectissimi
1141 3040 1350 3110 nobis:
1386 3040 1703 3117 occurrite,
1739 3039 2039 3102 occurrite
2072 3055 2131 3101 et
2162 3041 2485 3101 subvenite
2505 3038 2705 3113 nobiS,
2728 3053 3056 3118 antequam

443 3147 685 3226 gladius
719 3147 1122 3208 inimicorum
1159 3148 1236 3208 ad
1270 3166 1376 3208 cor
1407 3163 1689 3209 nostrum
1726 3147 2026 3228 pertingat
2062 3180 2133 3190 -
2176 3160 2320 3228 peto
2354 3165 2465 3207 vos
2496 3164 2573 3206 ne
2605 3164 2948 3226 pereamus,
2989 3164 3063 3204 ne

445 3254 702 3336 quando
734 3253 941 3316 dicant
972 3270 1203 3334 genteS,
1236 3272 1397 3335 quae
1432 3255 1496 3315 in
1531 3271 1756 3316 cuncto
1789 3257 1939 3316 orbe
1970 3269 2269 3315 terrarum
2303 3270 2478 3314 sunt:
2521 3252 2684 3315 «Ubi
2718 3267 2806 3313 est
2836 3250 3060 3311 fiducia

446 3362 903 3437 Romanorum,
951 3380 1140 3441 quam
1194 3377 1333 3443 post
1365 3362 1570 3422 Deum
1616 3361 1679 3422 in
1728 3361 1973 3441 regibus
2018 3376 2077 3421 et
2121 3360 2184 3421 in
2218 3376 2402 3442 gente
2443 3360 2825 3421 Francorum
2870 3358 3058 3418 habe-

447 3472 663 3531 bant?»
703 3471 850 3531 Non
873 3488 991 3530 nos
1023 3469 1379 3550 permittatis
1413 3469 1626 3550 perire,
1662 3485 1720 3530 et
1753 3488 1830 3529 ne
1865 3468 2152 3530 differatis
2184 3468 2364 3529 nobis
2396 3465 2923 3545 adsolaciandum,
2949 3484 3061 3526 nec

444 3599 478 3639 a
526 3593 725 3638 vestro
770 3576 1062 3659 separetis
1106 3576 1369 3638 auxilio:
1423 3596 1551 3638 non
1600 3576 1687 3637 sic
1731 3576 1859 3638 sitis
1904 3575 2086 3637 alieni
2127 3596 2164 3636 a
2196 3592 2392 3647 regno
2428 3574 2560 3644 Dei,
2595 3588 2653 3633 et
2684 3591 2761 3633 ne
2795 3573 3061 3633 obduret

447 3684 762 3747 Dominus
805 3704 1021 3746 aurem
1067 3702 1245 3744 suam
1291 3699 1517 3744 vestras
1561 3684 1638 3743 ad
1692 3683 2105 3744 exaudiendas
2139 3700 2349 3763 preces
2381 3696 2439 3741 et
2471 3700 2545 3741 ne
2581 3694 2810 3740 avertat
2843 3677 3061 3739 faciem

443 3812 620 3856 suam
654 3814 689 3853 a
720 3792 900 3853 vobis
934 3791 998 3851 in
1032 3790 1136 3851 illo
1173 3792 1381 3852 futuro
1414 3790 1708 3853 examinis
1741 3790 1860 3865 die,
1907 3791 2160 3872 quanio
2206 3808 2353 3851 cum
2386 3791 2562 3849 beato
2599 3788 2777 3848 Petro
2811 3805 2868 3847 et
2901 3804 3056 3847 cete-

444 3900 527 3961 ris
559 3899 686 3961 suis
717 3899 1015 3981 apostolis
1046 3900 1121 3959 ad
1157 3899 1561 3959 iudicandum
1593 3897 1816 3977 sederit
1848 3915 2101 3957 omnem
2139 3896 2425 3958 ordinem
2458 3913 2840 3974 omnemque
2885 3908 3058 3975 pote-

443 4022 660 4068 statem
707 4007 1050 4067 humanam
1097 4021 1157 4065 et
1202 4006 1481 4066 seculum
1523 4023 1629 4085 per
1674 4003 1916 4083 ignem,
1969 4002 2348 4083 dicaturque,
2394 4003 2567 4082 quod
2614 4015 2841 4061 avertat
2891 3999 3060 4059 Divi-

446 4114 635 4175 nitas:
689 4114 910 4175 Nescio
956 4132 1059 4174 vos
1108 4110 1351 4191 [Matth.
1385 4110 1598 4192 xxvj,
1648 4111 1792 4192 quia
1839 4129 1969 4172 non
2016 4109 2277 4171 auxiliati
2321 4108 2463 4169 estis
2499 4108 2610 4169 Dei
2646 4106 2969 4183 Ecclesiae,
3004 4120 3062 4167 et

445 4219 778 4282 defendere
812 4220 1067 4281 minime
1102 4220 1470 4301 procurastis
1503 4219 1635 4280 eius
1669 4218 2115 4299 periclitantem
2147 4216 2518 4298 peculiarem
2553 4214 2881 4297 populum.

661 4327 892 4391 Audite
942 4345 1083 4405 nos,
1126 4327 1520 4405 dilectissimi,
1569 4327 1775 4388 audite
1822 4346 1938 4388 nos
1983 4340 2041 4385 et
2089 4325 2409 4386 subvenite
2442 4322 2642 4385 nobis,
2707 4321 2861 4383 Ecce
2894 4322 3064 4383 adest

447 4451 693 4517 tempus
740 4435 1016 4497 salvandi
1070 4452 1220 4495 nos:
1287 4434 1510 4496 salvate
1572 4451 1708 4509 nos,
1771 4448 2107 4513 antequam
2168 4450 2508 4513 pereamus,
2562 4428 3061 4491 christianissimi.

449 4543 689 4604 Omnes
734 4542 960 4604 etenim
1005 4556 1238 4622 gentes,
1287 4561 1411 4621 que
1457 4541 1946 4621 circumquaque
1976 4555 2124 4601 sunt
2159 4539 2374 4620 posite,
2430 4556 2487 4600 et
2527 4538 2604 4599 ad
2636 4552 2919 4613 vestram,
2957 4554 3064 4617 per

452 4648 566 4710 Dei
617 4649 978 4730 potentiam,
1029 4649 1403 4710 Francorum
1458 4647 1852 4710 fortissimam
1900 4662 2151 4728 gentem
2196 4646 2507 4727 refugium
2555 4645 2852 4721 fecerunt,
2900 4642 3061 4703 salve

451 4756 640 4818 factae
673 4773 842 4831 sunt;
891 4773 950 4818 et
980 4756 1029 4817 si
1061 4757 1356 4818 omnibus
1387 4756 1683 4818 auxilium
1716 4754 2021 4836 inpertire,
2056 4774 2184 4816 non
2217 4753 2523 4830 differetis,
2560 4752 2759 4814 multo
2793 4749 3058 4831 amplius

448 4879 720 4924 sanctam
757 4864 868 4924 Dei
904 4864 1254 4941 Ecclesiam,
1305 4879 1363 4924 et
1401 4864 1533 4924 eius
1566 4862 1873 4944 populum
1905 4862 1980 4922 de
2014 4861 2410 4922 inimicorum
2456 4858 2904 4940 inpugnatione
2953 4858 3057 4917 de·

450 4969 1005 5035 bueratisliberare.
1024 4973 1448 5049 Considerate,
1467 4969 1862 5048 dilectissimi,
1882 4986 1941 5031 et
1956 4968 2218 5031 omnino
2242 4966 2609 5049 percogitate
2629 5000 2706 5009 —
2729 4986 2836 5047 per
2858 4966 3058 5026 Deum
