3684 5416
409 1214 432 1257 5

401 1730 450 1762 to

379 2293 425 2336 ¹5

370 3367 421 3411 ²5

368 4432 418 4475 35

363 4965 421 5006 40

1672 384 1939 456 Capituli.
3003 382 3107 452 603

492 564 637 628 nius
669 565 1006 643 intellectis,
1052 567 1127 627 de
1161 568 1423 630 consilio
1458 568 1719 631 fratrum
1753 586 2113 631 nostrorum
2146 566 2549 651 praemissam
2583 564 2968 643 electionem,
3004 579 3103 626 ut-

491 688 633 753 pote
666 688 879 734 contra
913 673 1175 735 formam
1210 675 1450 737 concilii
1482 692 1856 757 attentatam,
1893 676 2285 739 decernimus
2318 674 2548 736 irritam
2580 688 2639 733 et
2672 671 2940 733 inanem.

1141 936 1270 993 247.
1319 937 1771 995 BoNercIUs
1810 936 1985 995 v111.
2026 937 2463 1007 (1294—1303).

487 1111 722 1167 Bonis
730 1112 940 1167 acius
977 1113 1183 1179 V111.,
1235 1113 1305 1169 in
1357 1132 1403 1169 c.
1443 1114 1477 1169 8
1514 1115 1571 1169 in
1608 1116 1724 1170 V10.
1766 1118 1833 1169 de
1869 1119 2211 1172 concessione
2241 1117 2580 1187 praebendae
2616 1120 2671 1168 et
2705 1116 2958 1168 ecclesiae
2996 1130 3104 1166 non

1557 1200 1825 1252 vacantis,
1863 1197 1949 1251 111.
1989 1215 2039 1269 7.

701 1324 731 1357 ²⁸¹
771 1326 934 1397 Corp.
973 1328 1077 1380 iur.
1116 1345 1237 1381 can.
1276 1328 1365 1382 ed.
1404 1327 1845 1401 Friedberg.
1888 1330 2062 1384 Tom.
2105 1331 2164 1383 ΙΙ.
2208 1330 2318 1403 col.
2366 1345 2731 1398 1040—1041.

484 1457 863 1515 Revocatoria
903 1459 1213 1531 gratiarum
1252 1460 1488 1516 includit
1527 1476 1795 1534 receptos
1838 1462 1896 1518 in
1938 1463 2271 1532 canonicOS‚
2326 1462 2718 1534 praebendam
2773 1458 3098 1514 distinctam

485 1551 900 1610 exspectanteS,
927 1539 1147 1595 etiarnsi
1168 1541 1561 1614 percipiebant
1581 1543 2013 1599 distributiones
2035 1543 2426 1616 quotidianas:
2454 1558 2621 1597 secus
2642 1540 2689 1596 si
2710 1539 3103 1611 praebendam

485 1617 812 1674 distinctam
850 1637 972 1675 non
1011 1634 1364 1692 exspectant,
1405 1623 1508 1677 sed
1548 1635 1932 1693 augmentum
1970 1623 2271 1694 portionis.
2325 1622 2568 1678 Includit
2607 1622 2887 1676 habentes
2914 1619 3001 1674 ius
3029 1621 3103 1675 ad

542 1711 894 1764 vacaturam,
919 1698 965 1754 si
990 1701 1252 1756 nondum
1281 1714 1367 1757 est
1395 1704 1707 1757 deventum
1736 1704 1808 1757 ad
1835 1702 2222 1759 collationem.
2279 1704 2348 1757 H.
2376 1704 2429 1757 d.
2457 1702 2778 1757 secundum
2805 1700 3040 1756 DomIn.

699 1829 1021 1905 Quoniam
1053 1851 1127 1892 ex
1158 1833 1593 1895 constitutione
1628 1848 1859 1911 nostra,
1893 1852 2002 1914 per
2034 1853 2226 1915 quam
2259 1834 2447 1914 paulo
2479 1848 2620 1913 post
2640 1831 3100 1912 promotionem

482 1951 756 1998 nostram
788 1938 865 1997 ad
897 1938 1128 2000 summi
1150 1938 1550 2001 Pontificatus
1571 1940 1807 2019 apicem
1832 1959 2053 2001 omnes
2076 1940 2450 2016 collationes,
2477 1937 2882 2019 provisiones,
2906 1957 3102 1999 reser-

483 2043 758 2105 vationes
804 2060 861 2105 et
907 2046 1359 2125 concessiones,
1414 2067 1601 2127 super
1647 2048 2132 2127 canonicatibuS,
2182 2047 2602 2129 dignitatibuS,
2654 2046 3102 2126 personatibus,

483 2153 870 2231 praebendis,
904 2152 1142 2231 officiis,
1176 2154 1585 2234 portionibus,
1619 2155 2090 2236 praestimoniis,
2122 2153 2391 2216 ecclesiis
2426 2152 2900 2234 parochialibus,
2925 2171 3102 2212 rura-

481 2258 663 2336 libus,
712 2275 769 2320 et
814 2259 946 2319 aliis
991 2260 1471 2340 quibuscunque
1518 2260 1833 2322 beneficiis
1887 2261 2305 2324 ecclesiasticis
2351 2259 2668 2336 vacaturis,
2717 2277 3102 2338 quocunque

483 2365 738 2426 nomine
772 2382 1181 2444 censerentur,
1213 2386 1282 2427 ac
1312 2367 1499 2428 etiam
1529 2387 1717 2448 super
1749 2370 2216 2430 canonicatibus
2249 2371 2367 2429 sub
2401 2366 2852 2448 exspectatione
2887 2365 3098 2443 digni-

481 2487 698 2552 tatum,
745 2474 841 2534 vel
886 2474 1149 2535 aliorum
1196 2493 1726 2555 quorumcunque
1774 2476 2243 2555 beneficiorum,
2293 2477 2357 2537 in
2390 2476 2621 2556 quibus
2651 2476 2745 2534 ius
2777 2491 2906 2534 non
2943 2489 3105 2533 esset

482 2580 829 2660 quaesitum
878 2580 942 2642 in
993 2600 1075 2657 re,
1119 2580 1260 2643 licet
1304 2582 1381 2643 ad
1428 2602 1584 2661 rem,
1632 2604 1666 2642 a
1712 2581 1901 2643 felicis
1927 2583 2392 2644 ⁴recordationis
2425 2581 2683 2643 Nicolao
2717 2581 2880 2661 Papa
2912 2581 3011 2642 IV.
3045 2598 3102 2641 et

482 2687 841 2750 Coelestino
860 2688 932 2751 V.
966 2688 1536 2769 praedecessoribus
1571 2690 1796 2751 nostris
1830 2688 2014 2751 factas
2046 2691 2172 2753 sive
2208 2710 2550 2767 concessas,
2573 2688 2929 2750 auctoritate
2950 2706 3100 2768 apo-

480 2795 690 2857 stolica
739 2797 803 2856 in
853 2795 1106 2857 fratrum
1159 2812 1516 2858 nostrorum
1552 2797 1887 2878 praesentia
1919 2798 2180 2859 omnino
2213 2797 2602 2872 cassavimus,
2638 2795 3006 2856 irritavimus
3040 2811 3099 2856 et

480 2904 895 2980 vacuavimus,
948 2923 1164 2969 cassas.
1211 2905 1406 2966 irritas
1440 2920 1498 2966 et
1530 2926 1758 2967 vacuas
1792 2906 2247 2985 nunciavimus,
2300 2922 2359 2967 et
2392 2906 2625 2966 nullius
2661 2904 2788 2964 fore
2823 2902 3094 2964 decrevi-

482 3029 621 3070 mus
665 3009 987 3089 firmitatiS,
1036 3012 1265 3072 multae
1298 3011 1711 3075 dubitationes
1742 3013 2090 3096 insurgunt,
2126 3031 2211 3089 ut,
2248 3014 2413 3074 unde
2448 3012 2752 3094 praefatae
2785 3011 3097 3072 constitu-

477 3116 664 3178 tionis
698 3118 1066 3180 revocatoria
1100 3121 1398 3200 processit
1430 3121 1635 3199 editi0,
1669 3122 2086 3204 interpretatio
2119 3123 2250 3184 eius
2271 3140 2532 3203 quoque
2554 3121 2879 3202 procedat:
2917 3139 3093 3200 prae-

476 3225 633 3286 senti
681 3226 1121 3287 declarandum
1168 3227 1459 3288 duximus
1491 3230 1832 3307 sanctione,
1867 3231 2040 3309 quod
2075 3229 2139 3289 in
2172 3229 2307 3309 illis,
2343 3231 2452 3310 qui
2486 3229 2769 3291 editionis
2803 3244 3084 3307 tempore

479 3352 665 3413 supra
714 3334 908 3396 dictae
960 3334 1113 3395 ultra
1164 3350 1459 3396 statutum
1518 3354 1854 3396 numerum
1905 3351 2075 3396 erant
2126 3355 2233 3416 per
2282 3338 2536 3398 eosdem
2588 3337 3088 3417 praedecessores

478 3440 755 3501 canonici
787 3444 904 3501 sub
936 3444 1385 3523 exspectatione
1421 3442 1914 3524 praebendarum
1952 3443 2044 3503 vel
2079 3443 2267 3503 etiam
2301 3444 2684 3523 portionum,
2709 3444 2926 3503 eadem
2948 3462 3098 3503 con-

475 3548 711 3610 stitutio
743 3550 955 3611 locum
988 3552 1190 3613 habet.
1245 3551 1307 3613 Si
1341 3566 1550 3612 autem
1583 3550 1947 3611 huiusmodi
1982 3552 2207 3631 recepti
2244 3551 2401 3611 ultra
2435 3569 2768 3611 numerum
2803 3550 3091 3611 distribu-

476 3654 697 3733 tioneS,
746 3672 805 3717 et
849 3657 982 3733 alia,
1030 3674 1097 3719 ut
1143 3658 1427 3720 canonici
1476 3659 1551 3718 de
1586 3677 1855 3719 numero
1889 3656 2231 3730 existenteS,
2263 3657 2347 3717 sic
2378 3672 2655 3738 tempore
2690 3658 2884 3718 dictae
2919 3676 3096 3717 revo-

478 3762 736 3823 cationis
787 3763 1109 3842 habebant,
1162 3766 1336 3845 quod
1386 3785 1494 3845 per
1544 3765 1892 3827 cessionem
1948 3765 2046 3826 vel
2091 3765 2413 3826 decessum
2459 3764 2731 3840 illorum,
2780 3764 2888 3844 qui
2922 3780 3091 3824 erant

475 3866 630 3928 intra
677 3888 1033 3947 numerum,
1079 3891 1152 3932 ex
1184 3872 1398 3951 vigore
1434 3871 1651 3952 prioris
1682 3870 1909 3950 gratiae
1944 3871 2034 3931 nil
2066 3871 2330 3952 amplius
2364 3871 2608 3951 assequi
2643 3873 3091 3951 exspectabant,

475 3974 591 4035 nisi
636 3975 1143 4038 distributionum
1189 3997 1301 4038 seu
1355 3979 1622 4058 partium
1673 3996 1926 4038 suarum
1975 3993 2406 4056 augmentum,
2452 3995 2650 4056 quum
2700 3976 2905 4037 forsan
2939 3991 3096 4036 esset

475 4080 746 4160 ecclesia,
782 4083 846 4143 in
878 4105 1002 4164 qua
1037 4085 1499 4162 canonicorum,
1536 4105 1666 4148 non
1702 4100 1919 4146 autem
1954 4084 2318 4164 portionum
2353 4103 2654 4144 numerus
2675 4084 2772 4143 vel
2794 4084 3096 4164 praeben-

476 4188 696 4250 darum
744 4190 1053 4252 distinctio
1102 4193 1458 4268 habebatur,
1505 4208 1869 4273 quantoque
1915 4191 2073 4252 inter
2119 4192 2440 4273 pauciores
2486 4191 2753 4252 cuiusvis
2799 4188 3088 4250 ecclesiae

477 4295 856 4374 dividuntur,
907 4316 1263 4378 proventus,
1310 4314 1480 4359 tanto
1531 4298 1801 4358 maiores
1850 4295 1981 4357 fieri
2030 4313 2291 4376 possunt
2321 4297 2715 4377 singulorum
2749 4298 3090 4380 percipien-

477 4402 631 4464 tium
665 4405 1014 4484 portiones:
1064 4408 1142 4468 ad
1173 4407 1325 4468 istos
1356 4405 1455 4467 vel
1490 4427 1618 4483 e03,
1652 4405 1760 4486 qui
1796 4424 1905 4486 per
1935 4405 2136 4467 literas
2170 4404 2467 4466 facultatis
2500 4407 2808 4468 dictorum
2834 4406 3093 4488 praede-

476 4529 794 4573 cessorum
827 4530 1184 4575 nostrorum
1219 4515 1284 4575 in
1316 4514 1662 4595 aliquarum
1697 4513 2099 4573 ecclesiarum
2131 4514 2464 4575 canonicos
2497 4530 2670 4575 erant
2691 4516 2935 4595 recepti,
2957 4514 3094 4575 licet

475 4622 854 4700 praebendas
900 4620 997 4681 vel
1043 4622 1157 4682 alia
1203 4621 1496 4682 beneficia
1543 4636 1992 4702 exspectarent,
2025 4622 2534 4684 constitutionem
2568 4637 2805 4683 certum
2838 4637 2928 4682 est
2960 4640 3094 4682 non

477 4726 721 4786 extendi
769 4727 1118 4807 praefatam.
1182 4728 1247 4789 ln
1293 4727 1412 4788 illis
1444 4747 1609 4804 vero,
1642 4727 1747 4808 qui
1788 4727 1945 4788 ultra
1977 4746 2313 4790 numerum
2345 4729 2699 4790 auctoritate
2733 4729 2996 4809 praefata
3029 4728 3095 4788 in

475 4831 824 4912 aliquarum
856 4834 1252 4896 ecclesiarum
1284 4835 1617 4895 canonicos
1650 4834 1773 4894 iarn
1810 4835 2054 4915 recepti,
2104 4852 2408 4915 quantum
2442 4838 2517 4897 ad
2552 4835 2895 4917 capitulum
2928 4851 2985 4895 et
3017 4836 3095 4895 ad

475 4941 738 5002 chorum
771 4961 840 5002 ac
872 4941 1375 5005 distributionum
1410 4943 1872 5024 perceptionem
1919 4942 2424 5022 quotidianarum
2459 4943 2906 5023 plenitudinem
2941 4943 3090 5003 iuris
