3684 5416
1540 404 1829 476 Episcopi.
2887 427 2992 482 579

373 590 499 649 sive
532 590 891 652 dioecesum
926 587 1285 668 provideant
1318 587 1479 648 viros
1513 588 1798 667 idoneOS,
1834 591 1944 670 qui
1976 592 2327 653 secundum
2361 591 2736 653 diversitates
2757 593 2992 654 rituum

374 712 432 756 et
477 695 832 776 linguarum
878 693 1085 755 divina
1130 694 1247 755 illis
1295 693 1497 756 officia
1530 694 1837 757 celebrent
1869 712 1927 757 et
1960 698 2359 759 ecclesiastica
2392 714 2769 760 sacramenta
2808 699 2992 761 mini-

372 817 581 879 strent,
618 800 985 863 instruendo
1018 819 1127 861 eos
1159 803 1348 862 verbo
1383 801 1606 882 pariter
1626 817 1683 862 et
1704 803 2008 884 exemplo,
2045 804 2455 866 Prohibemus
2475 821 2682 867 autem
2706 805 2990 885 omniun,

372 930 449 971 ne
482 930 605 970 una
638 910 983 988 eademque
1029 908 1234 969 civitas
1267 907 1392 970 sive
1426 908 1725 970 dioecesis
1758 909 2032 977 diversos
2065 911 2386 992 pontifices
2419 912 2658 992 habeat,
2688 929 2990 993 tanquam

292 1039 316 1083 5
374 1036 577 1078 unum
628 1035 855 1097 corpus
907 1015 1141 1076 diversa
1192 1016 1405 1097 capita,
1458 1015 1635 1097 quasi
1683 1034 2054 1080 monstrum.
2122 1020 2243 1081 Sed
2291 1020 2342 1080 si
2374 1034 2623 1102 propter
2653 1021 2994 1103 praedictas

371 1142 584 1183 causas
632 1140 863 1201 urgens
909 1121 1234 1182 necessitas
1282 1122 1696 1203 postulaverit,
1744 1124 2019 1204 pontifex
2064 1126 2186 1187 loci
2232 1126 2603 1188 catholicum
2648 1128 2994 1208 praesulem

373 1229 726 1290 nationibus
759 1227 874 1289 illis
907 1227 1296 1289 conformem
1332 1229 1583 1310 provida
1618 1230 2057 1294 deliberatione
2090 1235 2418 1295 constituat
2449 1234 2564 1295 sibi
2599 1233 2896 1295 vicarium
2927 1234 2994 1295 in

374 1335 714 1418 praedictis,
760 1336 871 1416 qui
918 1335 970 1395 ei
1020 1331 1128 1417 per
1159 1336 1371 1397 omnia
1404 1337 1480 1397 sit
1512 1338 1812 1399 obediens
1845 1354 1903 1399 et
1934 1340 2265 1401 subiectus
2329 1341 2534 1417 Unde,
2565 1340 2616 1402 si
2648 1342 2790 1422 quis
2822 1341 2996 1403 aliter

373 1464 437 1503 se
472 1442 812 1522 ingesserit,
860 1443 1522 1505 excommunicationis
1554 1464 1619 1506 se
1654 1447 1893 1507 noverit
1925 1465 2227 1511 mucrone
2261 1467 2645 1528 percussum,
2680 1463 2757 1527 et,
2795 1448 2846 1510 si
2880 1467 2995 1510 nec

256 1575 322 1607 το
374 1551 459 1610 sic
508 1550 847 1630 resipuerit,
895 1554 970 1611 ab
1018 1551 1192 1612 omni
1239 1551 1585 1613 ministerio
1630 1553 2045 1615 ecclesiastico
2092 1556 2563 1637 deponendum,
2614 1556 2910 1634 adhibite,
2943 1555 2994 1616 si

374 1676 622 1718 necesse
655 1656 859 1737 fuerit,
893 1658 1147 1719 brachio
1179 1658 1472 1720 saeculari
1504 1660 1582 1720 ad
1615 1675 1844 1721 tantam
1878 1661 2271 1723 insolentiam
2304 1663 2740 1744 repellendam.

482 1923 543 1991 c)
594 1922 1087 1978 Innocentius
1128 1923 1239 1976 111.
1278 1921 1346 1977 in
1387 1922 1743 1978 Concilio
1784 1924 2127 1978 Lateran.
2158 1924 2249 1978 lV.
2291 1941 2338 1982 c.
2388 1942 2462 1980 ιο.
2501 1949 2572 1973 --
2612 1941 2657 1978 c.
2695 1942 2771 1996 ¹5·
2812 1926 2879 1979 X.

1154 2006 1221 2057 de
1258 2005 1451 2074 afficio
1485 2007 1679 2058 iudicis
1716 2007 1999 2059 ordinarii.
2041 2006 2077 2062 l.
2121 2022 2204 2076 31.

586 2201 613 2230 ‘
654 2200 811 2270 Corp.
840 2201 948 2254 ίαν.
976 2217 1098 2253 can.
1127 2199 1215 2256 ed.
1245 2197 1515 2254 Friedb
1536 2216 1677 2270 erg.
1718 2199 1895 2254 Tom.
1922 2199 1984 2253 11.
2026 2199 2134 2255 col.
2171 2217 2283 2273 ¹92·
2337 2201 2437 2255 He
2457 2198 2604 2254 fele
2623 2240 2636 2262 ,
2677 2200 2988 2254 Concilian-

254 2305 316 2349 15
364 2280 692 2352 geschichte.
733 2281 906 2334 Tom.
933 2279 1003 2332 V.
1044 2297 1097 2350 p.
1125 2278 1247 2350 885.
1299 2279 1350 2333 H
1369 2279 1438 2333 in
1456 2297 1481 2333 s
1501 2296 1529 2333 c
1548 2278 1669 2333 hiu
1687 2297 1744 2348 S,
1784 2280 2191 2334 Kirchenrecltt.
2231 2281 2405 2335 Tom.
2433 2279 2497 2333 11.
2537 2281 2572 2348 ἓ
2598 2296 2684 2351 79.

373 2467 661 2539 Episcopi,
704 2469 801 2539 qui
828 2483 929 2538 per
954 2483 1015 2521 se
1043 2484 1160 2521 non
1202 2479 1465 2538 possunt,
1506 2479 1775 2522 tenentur
1800 2483 2093 2522 assumere
2120 2466 2380 2536 idone05,
2421 2468 2516 2538 qui
2546 2467 2851 2539 suppleant
2879 2482 2990 2522 suo

372 2550 505 2606 loco
534 2549 731 2620 quoad
759 2546 1235 2619 praedicationeS,
1275 2546 1629 2602 visitationes
1658 2559 1714 2601 et
1741 2547 2181 2603 confessionum
2207 2546 2558 2614 auditiones;
2599 2559 2655 2600 et
2681 2559 2744 2601 ut
2770 2545 2996 2617 possint

372 2629 627 2702 episcopi
650 2629 895 2700 reperire
919 2627 1077 2697 taleS,
1100 2627 1371 2700 praecipit
1390 2626 1447 2682 in
1469 2626 1719 2682 ecclesiis
1742 2627 2165 2684 cathedralibus
2188 2641 2245 2683 et
2265 2627 2578 2699 collegiatis
2602 2627 2741 2682 tales
2761 2625 3000 2681 institui.

587 2781 748 2841 Inter
797 2795 1011 2854 cetera,
1062 2799 1221 2860 quae
1272 2779 1347 2840 ad
1396 2778 1658 2840 salutem
1704 2794 1980 2859 spectant
2031 2777 2250 2859 populi
2284 2776 2638 2856 Christiani,
2688 2776 2995 2859 pabulum

252 2930 321 2963 ,ο
376 2889 543 2950 verbi
577 2888 690 2948 Dei
726 2887 1101 2967 permaxime
1134 2887 1246 2948 sibi
1280 2886 1555 2947 noscitur
1587 2906 1719 2946 esse
1754 2885 2190 2964 necessarium,
2226 2885 2391 2966 quia,
2414 2885 2570 2946 sicut
2603 2904 2830 2966 corpus
2864 2903 2997 2945 ma-

374 2995 587 3072 teriali,
635 2994 969 3082 sic-anima
1017 2994 1311 3075 spirituali
1360 2974 1497 3055 cibo
1547 2993 1833 3071 nutritur,
1882 3014 1977 3071 eo,
2013 2993 2188 3074 quod
2222 3011 2355 3054 non
2388 2993 2451 3053 in
2483 2993 2622 3055 solo
2655 3012 2816 3074 pane
2849 2991 2994 3053 vivit

375 3101 590 3178 homo,
636 3101 745 3160 sed
793 3099 857 3160 in
904 3099 1080 3159 omni
1112 3102 1319 3178 verb0,
1355 3101 1527 3180 quod
1563 3101 1841 3179 procedit
1877 3101 1953 3161 de
1987 3120 2092 3161 ore
2128 3099 2261 3160 Dei.
2330 3099 2536 3178 Unde,
2572 3119 2773 3180 quum
2806 3119 2987 3181 saepe

374 3206 706 3286 contingat,
754 3206 926 3287 quod
976 3205 1246 3287 episcopi
1281 3222 1531 3287 propter
1561 3227 1703 3267 suas
1738 3207 2175 3288 occupationes
2211 3206 2598 3287 multiplices,
2632 3206 2728 3268 vel
2760 3207 2995 3267 invale-
3063 3204 3066 3209 ”

373 3314 620 3376 tudines
668 3314 1037 3395 corporaleS,
1088 3329 1191 3374 aut
1239 3314 1489 3374 hostiles
1523 3314 1828 3392 incursus,
1864 3333 1972 3374 seu
2006 3315 2365 3375 occasiones
2399 3314 2562 3391 alias,
2599 3333 2677 3374 ne
2710 3313 2992 3374 dicamus

248 3462 322 3508 ‘²3
374 3420 680 3481 defectum
729 3421 1032 3497 scientiae,
1079 3421 1251 3500 quod
1296 3420 1361 3480 in
1409 3420 1495 3479 eis
1543 3421 2005 3501 reprobandum
2049 3435 2140 3481 est
2185 3420 2470 3497 omnino,
2522 3438 2635 3479 nec
2687 3420 2763 3479 de
2796 3434 2998 3479 cetero

373 3527 780 3605 tolerandum,
814 3547 920 3608 per
952 3548 1015 3589 se
1049 3528 1215 3609 ipsos
1248 3546 1376 3587 non
1411 3526 1728 3587 sufficiunt
1763 3526 2102 3588 ministrare
2135 3527 2373 3608 populo
2409 3528 2668 3586 verbum
2691 3525 2824 3602 Dei,
2861 3545 2992 3587 ma-

375 3633 536 3693 xime
583 3652 691 3713 per
739 3633 972 3714 amplas
1007 3633 1318 3695 dioeceses
1352 3649 1410 3694 et
1443 3632 1731 3694 diffusas:
1782 3633 2053 3711 generali
2087 3633 2529 3694 constitutione
2561 3632 2895 3709 sancimus,
2929 3648 2995 3694 ut

376 3740 650 3821 episcopi
696 3740 859 3800 viros
908 3740 1169 3801 idoneos
1215 3741 1293 3801 ad
1342 3755 1581 3800 sanctae
1630 3740 2104 3820 praedicationis
2150 3739 2431 3801 officium
2477 3740 2795 3801 salubriter
2828 3758 2999 3800 exse-

376 3847 702 3928 quendum
734 3863 1064 3923 assumant,
1114 3862 1391 3928 potentes
1423 3848 1490 3908 in
1525 3866 1709 3928 opere
1743 3863 1800 3908 et
1832 3866 2139 3923 sermone,
2172 3848 2280 3928 qui
2314 3847 2524 3929 plebes
2556 3846 2672 3908 sibi
2706 3846 2999 3907 commis-

248 3993 323 4039 ‘30
376 3976 472 4015 sas
522 3954 651 4015 vice
703 3954 1004 4035 ipsorum,
1058 3973 1255 4033 quum
1309 3973 1418 4034 per
1463 3974 1526 4014 se
1576 3954 1763 4014 iidem
1799 3953 2209 4034 nequiverint,
2245 3952 2502 4014 sollicite
2537 3952 2864 4028 visitanteS,
2898 3971 3000 4012 eas

376 4062 565 4121 verbo
611 4059 934 4121 aedificent
977 4076 1036 4120 et
1081 4059 1387 4141 exemplo,
1437 4060 1665 4140 quibus
1703 4060 1839 4140 ipsi,
1891 4079 2091 4140 quum
2141 4059 2535 4137 indiguerint,
2583 4078 2856 4137 congrue
2891 4077 3004 4118 ne-

376 4168 629 4229 cessaria
661 4167 1145 4245 subministrent,
1180 4186 1257 4227 ne
1292 4186 1405 4247 pro
1441 4167 1931 4228 necessariorum
1966 4167 2211 4229 defectu
2232 4166 2687 4247 compellantur
2708 4166 2997 4227 desistere

377 4276 451 4335 ab
485 4275 752 4355 incepto,
818 4274 1001 4336 Unde
1036 4273 1463 4354 praecipimus,
1498 4290 1623 4334 tam
1657 4274 1722 4335 in
1755 4274 2208 4336 cathedralibus
2242 4292 2435 4355 quarn
2467 4273 2530 4335 in
2562 4273 2692 4334 aliis
2726 4292 3001 4334 conven-

378 4382 646 4443 tualibus
693 4382 966 4443 ecclesiis
1012 4383 1174 4442 viros
1209 4381 1470 4443 idoneos
1503 4382 1796 4462 ordinari,
1832 4401 1996 4463 quos
2029 4382 2303 4464 episcopi
2338 4380 2576 4464 possint
2608 4378 3000 4458 coadjutores

252 4526 321 4572 35
379 4504 438 4550 et
469 4507 898 4571 cooperatores
933 4489 1173 4565 habere,
1209 4508 1338 4549 non
1371 4489 1577 4551 solum
1612 4490 1676 4550 in
1713 4490 2183 4571 praedicationis
2214 4489 2442 4566 officio,
2474 4507 2690 4549 verum
2724 4487 2903 4548 etiam
2939 4486 3004 4546 in

378 4597 704 4658 audiendis
756 4597 1248 4659 confessionibus
1298 4614 1355 4657 et
1406 4598 1803 4679 poenitentiis
1860 4597 2276 4677 iniungendis,
2330 4617 2398 4658 ac
2446 4595 2676 4674 ceteriS,
2724 4614 2883 4675 quae
2923 4592 3002 4653 ad

378 4704 642 4765 salutern
688 4705 987 4786 pertinent
1030 4705 1399 4767 animarum.
1462 4705 1524 4766 Si
1574 4705 1714 4785 quis
1756 4722 1965 4766 autem
1999 4705 2122 4766 hoc
2153 4704 2486 4785 adimplere
2520 4701 2872 4782 neglexerit,
2907 4699 3001 4759 di-

370 4812 614 4873 strictae
649 4813 959 4873 subiaceat
991 4811 1233 4873 ultioni.
