<?xml version="1.0" encoding="UTF-8"?>
<!DOCTYPE html PUBLIC "-//W3C//DTD XHTML 1.0 Transitional//EN"
    "http://www.w3.org/TR/xhtml1/DTD/xhtml1-transitional.dtd">
<html xmlns="http://www.w3.org/1999/xhtml" xml:lang="en" lang="en">
 <head>
  <title>
</title>
<meta http-equiv="Content-Type" content="text/html;charset=utf-8" />
  <meta name='ocr-system' content='tesseract 3.04.00' />
  <meta name='ocr-capabilities' content='ocr_page ocr_carea ocr_par ocr_line ocrx_word'/>
</head>
<body>
  <div class='ocr_page' id='page_1' title='image "./fontesiuriscano00unkngoog/fontesiuriscano00unkngoog_0361.png"; bbox 0 0 3684 5416; ppageno 0'>
   <div class='ocr_carea' id='block_1_1' title="bbox 1612 392 3064 471">
    <p class='ocr_par' dir='ltr' id='par_1_1' title="bbox 1612 392 3064 471">
     <span class='ocr_line' id='line_1_1' title="bbox 1612 392 3064 471; baseline 0.002 -24"><span class='ocrx_word' id='word_1_1' title='bbox 1612 392 1931 448; x_wconf 83' lang='lat' dir='ltr'>Ordinatio.</span> <span class='ocrx_word' id='word_1_2' title='bbox 2967 416 3030 471; x_wconf 87' lang='lat'>32</span> <span class='ocrx_word' id='word_1_3' title='bbox 3043 415 3064 445; x_wconf 62' lang='lat' dir='ltr'><em>a</em></span> 
     </span>
    </p>
   </div>
   <div class='ocr_carea' id='block_1_2' title="bbox 459 572 3070 984">
    <p class='ocr_par' dir='ltr' id='par_1_2' title="bbox 459 572 3070 984">
     <span class='ocr_line' id='line_1_2' title="bbox 459 572 3070 662; baseline 0.005 -33"><span class='ocrx_word' id='word_1_4' title='bbox 459 572 721 631; x_wconf 84' lang='lat' dir='ltr'>ricatum</span> <span class='ocrx_word' id='word_1_5' title='bbox 752 572 1193 654; x_wconf 85' lang='lat' dir='ltr'>suscipiantur:</span> <span class='ocrx_word' id='word_1_6' title='bbox 1230 575 1373 654; x_wconf 86' lang='lat' dir='ltr'>quia</span> <span class='ocrx_word' id='word_1_7' title='bbox 1407 577 1555 637; x_wconf 79' lang='lat' dir='ltr'>tales</span> <span class='ocrx_word' id='word_1_8' title='bbox 1587 592 1645 636; x_wconf 91' lang='lat' dir='ltr'>et</span> <span class='ocrx_word' id='word_1_9' title='bbox 1677 597 1900 639; x_wconf 88' lang='lat' dir='ltr'>omnes</span> <span class='ocrx_word' id='word_1_10' title='bbox 1933 579 2034 639; x_wconf 86' lang='lat' dir='ltr'>alii</span> <span class='ocrx_word' id='word_1_11' title='bbox 2068 580 2177 659; x_wconf 89' lang='lat' dir='ltr'>qui</span> <span class='ocrx_word' id='word_1_12' title='bbox 2212 581 2287 641; x_wconf 89' lang='lat' dir='ltr'>de</span> <span class='ocrx_word' id='word_1_13' title='bbox 2310 600 2435 641; x_wconf 89' lang='lat' dir='ltr'>non</span> <span class='ocrx_word' id='word_1_14' title='bbox 2459 580 2738 662; x_wconf 88' lang='lat' dir='ltr'>legitimo</span> <span class='ocrx_word' id='word_1_15' title='bbox 2772 581 3070 660; x_wconf 87' lang='lat' dir='ltr'>coniugio</span> 
     </span>
     <span class='ocr_line' id='line_1_3' title="bbox 460 679 3070 768; baseline 0.003 -30"><span class='ocrx_word' id='word_1_16' title='bbox 460 694 604 739; x_wconf 87' lang='lat' dir='ltr'>sunt</span> <span class='ocrx_word' id='word_1_17' title='bbox 642 679 785 756; x_wconf 84' lang='lat' dir='ltr'>nati,</span> <span class='ocrx_word' id='word_1_18' title='bbox 817 699 1029 740; x_wconf 87' lang='lat' dir='ltr'>semen</span> <span class='ocrx_word' id='word_1_19' title='bbox 1061 681 1222 740; x_wconf 86' lang='lat' dir='ltr'>male</span> <span class='ocrx_word' id='word_1_20' title='bbox 1254 682 1488 743; x_wconf 88' lang='lat' dir='ltr'>dictum</span> <span class='ocrx_word' id='word_1_21' title='bbox 1521 682 1581 744; x_wconf 89' lang='lat' dir='ltr'>in</span> <span class='ocrx_word' id='word_1_22' title='bbox 1615 685 1931 765; x_wconf 85' lang='lat' dir='ltr'>scripturis</span> <span class='ocrx_word' id='word_1_23' title='bbox 1965 684 2324 765; x_wconf 87' lang='lat' dir='ltr'>[Deuteron.</span> <span class='ocrx_word' id='word_1_24' title='bbox 2355 688 2561 750; x_wconf 92' lang='lat' dir='ltr'>XXIII.</span> <span class='ocrx_word' id='word_1_25' title='bbox 2597 685 2652 766; x_wconf 90' lang='lat'>2]</span> <span class='ocrx_word' id='word_1_26' title='bbox 2688 688 3070 768; x_wconf 81' lang='lat' dir='ltr'>appellantur</span> 
     </span>
     <span class='ocr_line' id='line_1_4' title="bbox 461 785 3069 876; baseline 0.004 -31"><span class='ocrx_word' id='word_1_27' title='bbox 461 803 572 845; x_wconf 87' lang='lat' dir='ltr'>nec</span> <span class='ocrx_word' id='word_1_28' title='bbox 621 785 783 866; x_wconf 87' lang='lat' dir='ltr'>apud</span> <span class='ocrx_word' id='word_1_29' title='bbox 836 787 1179 848; x_wconf 83' lang='lat' dir='ltr'>saeculares</span> <span class='ocrx_word' id='word_1_30' title='bbox 1223 789 1358 870; x_wconf 87' lang='lat' dir='ltr'>Iege</span> <span class='ocrx_word' id='word_1_31' title='bbox 1404 790 1781 851; x_wconf 85' lang='lat' dir='ltr'>haereditare</span> <span class='ocrx_word' id='word_1_32' title='bbox 1829 809 2091 873; x_wconf 87' lang='lat' dir='ltr'>possunt</span> <span class='ocrx_word' id='word_1_33' title='bbox 2123 794 2330 854; x_wconf 89' lang='lat' dir='ltr'>necin</span> <span class='ocrx_word' id='word_1_34' title='bbox 2364 795 2789 856; x_wconf 85' lang='lat' dir='ltr'>testimonium</span> <span class='ocrx_word' id='word_1_35' title='bbox 2823 795 3069 876; x_wconf 84' lang='lat' dir='ltr'>suscipi.</span> 
     </span>
     <span class='ocr_line' id='line_1_5' title="bbox 461 892 3068 984; baseline 0.005 -33"><span class='ocrx_word' id='word_1_36' title='bbox 461 893 536 951; x_wconf 84' lang='lat' dir='ltr'>Et</span> <span class='ocrx_word' id='word_1_37' title='bbox 585 892 694 972; x_wconf 85' lang='lat' dir='ltr'>qui</span> <span class='ocrx_word' id='word_1_38' title='bbox 745 893 820 953; x_wconf 93' lang='lat' dir='ltr'>de</span> <span class='ocrx_word' id='word_1_39' title='bbox 871 893 1094 956; x_wconf 86' lang='lat' dir='ltr'>talibus</span> <span class='ocrx_word' id='word_1_40' title='bbox 1140 896 1337 956; x_wconf 89' lang='lat' dir='ltr'>clerici</span> <span class='ocrx_word' id='word_1_41' title='bbox 1385 916 1556 959; x_wconf 89' lang='lat' dir='ltr'>nunc</span> <span class='ocrx_word' id='word_1_42' title='bbox 1603 916 1766 973; x_wconf 87' lang='lat' dir='ltr'>sunt,</span> <span class='ocrx_word' id='word_1_43' title='bbox 1812 920 2018 960; x_wconf 88' lang='lat' dir='ltr'>sacros</span> <span class='ocrx_word' id='word_1_44' title='bbox 2065 902 2314 962; x_wconf 84' lang='lat' dir='ltr'>ordines</span> <span class='ocrx_word' id='word_1_45' title='bbox 2360 921 2489 963; x_wconf 87' lang='lat' dir='ltr'>non</span> <span class='ocrx_word' id='word_1_46' title='bbox 2538 902 2834 984; x_wconf 86' lang='lat' dir='ltr'>accipiant</span> <span class='ocrx_word' id='word_1_47' title='bbox 2865 903 3068 963; x_wconf 86' lang='lat' dir='ltr'>sedin</span> 
     </span>
    </p>
   </div>
   <div class='ocr_carea' id='block_1_3' title="bbox 376 1003 3069 1169">
    <p class='ocr_par' dir='ltr' id='par_1_3' title="bbox 376 1003 3069 1169">
     <span class='ocr_line' id='line_1_6' title="bbox 376 1003 3069 1092; baseline 0.004 -31"><span class='ocrx_word' id='word_1_48' title='bbox 376 1019 401 1061; x_wconf 78' lang='lat'>5</span> <span class='ocrx_word' id='word_1_49' title='bbox 461 1018 862 1080; x_wconf 86' lang='lat' dir='ltr'>quocumque</span> <span class='ocrx_word' id='word_1_50' title='bbox 908 1003 1105 1081; x_wconf 87' lang='lat' dir='ltr'>gradu</span> <span class='ocrx_word' id='word_1_51' title='bbox 1152 1022 1324 1064; x_wconf 89' lang='lat' dir='ltr'>nunc</span> <span class='ocrx_word' id='word_1_52' title='bbox 1369 1021 1515 1065; x_wconf 87' lang='lat' dir='ltr'>sunt</span> <span class='ocrx_word' id='word_1_53' title='bbox 1560 1005 1622 1065; x_wconf 91' lang='lat' dir='ltr'>in</span> <span class='ocrx_word' id='word_1_54' title='bbox 1669 1025 1746 1067; x_wconf 90' lang='lat' dir='ltr'>eo</span> <span class='ocrx_word' id='word_1_55' title='bbox 1777 1022 2020 1067; x_wconf 86' lang='lat' dir='ltr'>tantum</span> <span class='ocrx_word' id='word_1_56' title='bbox 2055 1026 2451 1088; x_wconf 86' lang='lat' dir='ltr'>permaneant</span> <span class='ocrx_word' id='word_1_57' title='bbox 2484 1025 2541 1070; x_wconf 90' lang='lat' dir='ltr'>et</span> <span class='ocrx_word' id='word_1_58' title='bbox 2576 1011 2729 1070; x_wconf 85' lang='lat' dir='ltr'>ultra</span> <span class='ocrx_word' id='word_1_59' title='bbox 2765 1029 2893 1070; x_wconf 87' lang='lat' dir='ltr'>non</span> <span class='ocrx_word' id='word_1_60' title='bbox 2926 1030 3069 1092; x_wconf 89' lang='lat' dir='ltr'>pro-</span> 
     </span>
     <span class='ocr_line' id='line_1_7' title="bbox 461 1123 838 1169; baseline 0.005 -3"><span class='ocrx_word' id='word_1_61' title='bbox 461 1123 838 1169; x_wconf 85' lang='lat' dir='ltr'>moveantur.</span> 
     </span>
    </p>
   </div>
   <div class='ocr_carea' id='block_1_4' title="bbox 1099 1265 2440 1341">
    <p class='ocr_par' dir='ltr' id='par_1_4' title="bbox 1099 1265 2440 1341">
     <span class='ocr_line' id='line_1_8' title="bbox 1099 1265 2440 1341; baseline 0.004 -22"><span class='ocrx_word' id='word_1_62' title='bbox 1099 1265 1191 1319; x_wconf 90' lang='grc'>81.</span> <span class='ocrx_word' id='word_1_63' title='bbox 1233 1266 1642 1323; x_wconf 80' lang='lat' dir='ltr'>CONCILIUM</span> <span class='ocrx_word' id='word_1_64' title='bbox 1683 1268 2184 1325; x_wconf 70' lang='lat' dir='ltr'>PICTAVIENSE</span> <span class='ocrx_word' id='word_1_65' title='bbox 2222 1270 2440 1341; x_wconf 73' lang='lat'><strong>(1087).</strong></span> 
     </span>
    </p>
   </div>
   <div class='ocr_carea' id='block_1_5' title="bbox 839 1406 2698 1485">
    <p class='ocr_par' dir='ltr' id='par_1_5' title="bbox 839 1406 2698 1485">
     <span class='ocr_line' id='line_1_9' title="bbox 839 1406 2698 1485; baseline 0.003 -25"><span class='ocrx_word' id='word_1_66' title='bbox 839 1424 884 1460; x_wconf 83' lang='lat' dir='ltr'>e.</span> <span class='ocrx_word' id='word_1_67' title='bbox 914 1406 946 1460; x_wconf 89' lang='lat'>8</span> <span class='ocrx_word' id='word_1_68' title='bbox 972 1432 1041 1454; x_wconf 87' lang='lat'>=</span> <span class='ocrx_word' id='word_1_69' title='bbox 1069 1425 1114 1462; x_wconf 88' lang='lat' dir='ltr'>c.</span> <span class='ocrx_word' id='word_1_70' title='bbox 1152 1429 1193 1463; x_wconf 86' lang='grc' dir='ltr'>ι.</span> <span class='ocrx_word' id='word_1_71' title='bbox 1222 1408 1288 1464; x_wconf 90' lang='grc' dir='ltr'>Χ.</span> <span class='ocrx_word' id='word_1_72' title='bbox 1328 1411 1396 1463; x_wconf 85' lang='lat' dir='ltr'>de</span> <span class='ocrx_word' id='word_1_73' title='bbox 1417 1413 1560 1481; x_wconf 80' lang='lat' dir='ltr'>filiis</span> <span class='ocrx_word' id='word_1_74' title='bbox 1588 1414 1878 1482; x_wconf 77' lang='lat' dir='ltr'><em>presbiter.</em></span> <span class='ocrx_word' id='word_1_75' title='bbox 1918 1414 2233 1467; x_wconf 79' lang='lat' dir='ltr'><em>ordinandis</em></span> <span class='ocrx_word' id='word_1_76' title='bbox 2270 1417 2351 1467; x_wconf 88' lang='lat' dir='ltr'>vel</span> <span class='ocrx_word' id='word_1_77' title='bbox 2385 1430 2506 1468; x_wconf 87' lang='lat' dir='ltr'>non.</span> <span class='ocrx_word' id='word_1_78' title='bbox 2548 1414 2585 1468; x_wconf 92' lang='lat'>1.</span> <span class='ocrx_word' id='word_1_79' title='bbox 2624 1432 2698 1485; x_wconf 87' lang='lat'>¹7·</span> 
     </span>
    </p>
   </div>
   <div class='ocr_carea' id='block_1_6' title="bbox 353 1533 3067 1691">
    <p class='ocr_par' dir='ltr' id='par_1_6' title="bbox 353 1533 3067 1691">
     <span class='ocr_line' id='line_1_10' title="bbox 673 1533 3067 1611; baseline 0.003 -26"><span class='ocrx_word' id='word_1_80' title='bbox 673 1533 701 1565; x_wconf 88' lang='grc'>*</span> <span class='ocrx_word' id='word_1_81' title='bbox 743 1533 906 1604; x_wconf 88' lang='lat' dir='ltr'>Corp.</span> <span class='ocrx_word' id='word_1_82' title='bbox 930 1536 1035 1587; x_wconf 81' lang='lat' dir='ltr'>iur.</span> <span class='ocrx_word' id='word_1_83' title='bbox 1064 1552 1184 1589; x_wconf 86' lang='lat' dir='ltr'>can.</span> <span class='ocrx_word' id='word_1_84' title='bbox 1213 1533 1301 1589; x_wconf 84' lang='lat' dir='ltr'>ed.</span> <span class='ocrx_word' id='word_1_85' title='bbox 1341 1534 1504 1590; x_wconf 88' lang='lat' dir='ltr'>Frie</span> <span class='ocrx_word' id='word_1_86' title='bbox 1523 1536 1556 1589; x_wconf 87' lang='lat' dir='ltr'>d</span> <span class='ocrx_word' id='word_1_87' title='bbox 1578 1538 1611 1589; x_wconf 90' lang='lat' dir='ltr'>b</span> <span class='ocrx_word' id='word_1_88' title='bbox 1631 1553 1774 1607; x_wconf 83' lang='lat' dir='ltr'>erg.</span> <span class='ocrx_word' id='word_1_89' title='bbox 1802 1538 1977 1592; x_wconf 89' lang='lat' dir='ltr'>Tom.</span> <span class='ocrx_word' id='word_1_90' title='bbox 2006 1538 2066 1592; x_wconf 91' lang='lat' dir='ltr'>II.</span> <span class='ocrx_word' id='word_1_91' title='bbox 2096 1538 2205 1592; x_wconf 90' lang='lat' dir='ltr'>col.</span> <span class='ocrx_word' id='word_1_92' title='bbox 2240 1555 2352 1609; x_wconf 84' lang='lat'>¹35-</span> <span class='ocrx_word' id='word_1_93' title='bbox 2404 1539 2463 1593; x_wconf 92' lang='lat' dir='ltr'>M</span> <span class='ocrx_word' id='word_1_94' title='bbox 2483 1556 2513 1592; x_wconf 86' lang='lat' dir='ltr'>a</span> <span class='ocrx_word' id='word_1_95' title='bbox 2534 1538 2677 1607; x_wconf 87' lang='lat' dir='ltr'>nsi,</span> <span class='ocrx_word' id='word_1_96' title='bbox 2717 1540 2879 1593; x_wconf 78' lang='lat' dir='ltr'>Cone.</span> <span class='ocrx_word' id='word_1_97' title='bbox 2904 1542 3067 1611; x_wconf 87' lang='lat' dir='ltr'>ampl.</span> 
     </span>
     <span class='ocr_line' id='line_1_11' title="bbox 353 1612 2820 1691; baseline 0.004 -29"><span class='ocrx_word' id='word_1_98' title='bbox 353 1614 407 1645; x_wconf 79' lang='lat'>&#39;0</span> <span class='ocrx_word' id='word_1_99' title='bbox 463 1614 580 1664; x_wconf 88' lang='lat' dir='ltr'>coll.</span> <span class='ocrx_word' id='word_1_100' title='bbox 623 1613 795 1666; x_wconf 85' lang='lat' dir='ltr'>Tom.</span> <span class='ocrx_word' id='word_1_101' title='bbox 825 1612 971 1666; x_wconf 89' lang='lat' dir='ltr'>XIX.</span> <span class='ocrx_word' id='word_1_102' title='bbox 1001 1614 1110 1668; x_wconf 87' lang='lat' dir='ltr'>col.</span> <span class='ocrx_word' id='word_1_103' title='bbox 1137 1632 1261 1685; x_wconf 90' lang='lat'>700.</span> <span class='ocrx_word' id='word_1_104' title='bbox 1311 1615 1362 1668; x_wconf 90' lang='lat' dir='ltr'><em>H</em></span> <span class='ocrx_word' id='word_1_105' title='bbox 1382 1632 1412 1669; x_wconf 86' lang='lat' dir='ltr'>e</span> <span class='ocrx_word' id='word_1_106' title='bbox 1431 1615 1610 1684; x_wconf 81' lang='lat' dir='ltr'>fele,</span> <span class='ocrx_word' id='word_1_107' title='bbox 1650 1617 2243 1687; x_wconf 63' lang='lat' dir='ltr'>Conciliengesclukrltte.</span> <span class='ocrx_word' id='word_1_108' title='bbox 2283 1619 2456 1672; x_wconf 88' lang='lat' dir='ltr'>Tom.</span> <span class='ocrx_word' id='word_1_109' title='bbox 2485 1619 2575 1673; x_wconf 90' lang='lat' dir='ltr'>IV.</span> <span class='ocrx_word' id='word_1_110' title='bbox 2616 1636 2669 1691; x_wconf 90' lang='lat' dir='ltr'>p.</span> <span class='ocrx_word' id='word_1_111' title='bbox 2698 1619 2820 1673; x_wconf 82' lang='lat'><strong>600.</strong></span> 
     </span>
    </p>
   </div>
   <div class='ocr_carea' id='block_1_7' title="bbox 439 1754 3066 1909">
    <p class='ocr_par' dir='ltr' id='par_1_7' title="bbox 439 1754 3066 1909">
     <span class='ocr_line' id='line_1_12' title="bbox 439 1754 3066 1832; baseline 0.002 -20"><span class='ocrx_word' id='word_1_112' title='bbox 439 1754 791 1825; x_wconf 60' lang='lat' dir='ltr'>,IIIegitimus</span> <span class='ocrx_word' id='word_1_113' title='bbox 839 1774 958 1811; x_wconf 89' lang='lat' dir='ltr'>non</span> <span class='ocrx_word' id='word_1_114' title='bbox 1005 1758 1320 1827; x_wconf 82' lang='lat' dir='ltr'>ordinatur,</span> <span class='ocrx_word' id='word_1_115' title='bbox 1365 1757 1470 1813; x_wconf 87' lang='lat' dir='ltr'>nisi</span> <span class='ocrx_word' id='word_1_116' title='bbox 1510 1772 1572 1813; x_wconf 90' lang='lat' dir='ltr'>ut</span> <span class='ocrx_word' id='word_1_117' title='bbox 1610 1759 1909 1831; x_wconf 84' lang='lat' dir='ltr'>religiosus</span> <span class='ocrx_word' id='word_1_118' title='bbox 1950 1758 2067 1828; x_wconf 86' lang='lat' dir='ltr'>fiat,</span> <span class='ocrx_word' id='word_1_119' title='bbox 2106 1777 2210 1814; x_wconf 86' lang='lat' dir='ltr'>nec</span> <span class='ocrx_word' id='word_1_120' title='bbox 2254 1774 2387 1815; x_wconf 86' lang='lat' dir='ltr'>tunc</span> <span class='ocrx_word' id='word_1_121' title='bbox 2430 1761 2773 1832; x_wconf 82' lang='lat' dir='ltr'>praeficitur,</span> <span class='ocrx_word' id='word_1_122' title='bbox 2802 1762 2856 1816; x_wconf 89' lang='lat' dir='ltr'>id</span> <span class='ocrx_word' id='word_1_123' title='bbox 2885 1774 2968 1816; x_wconf 86' lang='lat' dir='ltr'>est</span> <span class='ocrx_word' id='word_1_124' title='bbox 2996 1764 3066 1816; x_wconf 85' lang='lat' dir='ltr'>ab</span> 
     </span>
     <span class='ocr_line' id='line_1_13' title="bbox 1320 1838 2215 1909; baseline 0.001 -17"><span class='ocrx_word' id='word_1_125' title='bbox 1320 1838 1701 1909; x_wconf 80' lang='lat' dir='ltr'>praelaturam</span> <span class='ocrx_word' id='word_1_126' title='bbox 1729 1856 1851 1894; x_wconf 88' lang='lat' dir='ltr'>non</span> <span class='ocrx_word' id='word_1_127' title='bbox 1877 1839 2215 1894; x_wconf 83' lang='lat' dir='ltr'>habilitatur.</span> 
     </span>
    </p>
   </div>
   <div class='ocr_carea' id='block_1_8' title="bbox 466 1951 3069 2142">
    <p class='ocr_par' dir='ltr' id='par_1_8' title="bbox 466 1951 3069 2142">
     <span class='ocr_line' id='line_1_14' title="bbox 675 1951 3069 2033; baseline 0.003 -22"><span class='ocrx_word' id='word_1_128' title='bbox 675 1951 757 2012; x_wconf 89' lang='lat' dir='ltr'>Ut</span> <span class='ocrx_word' id='word_1_129' title='bbox 792 1952 896 2012; x_wconf 83' lang='lat' dir='ltr'>filii</span> <span class='ocrx_word' id='word_1_130' title='bbox 930 1955 1431 2033; x_wconf 83' lang='lat' dir='ltr'>presbyterorum</span> <span class='ocrx_word' id='word_1_131' title='bbox 1465 1970 1521 2015; x_wconf 90' lang='lat' dir='ltr'>et</span> <span class='ocrx_word' id='word_1_132' title='bbox 1554 1956 1769 2015; x_wconf 88' lang='lat' dir='ltr'>ceteris</span> <span class='ocrx_word' id='word_1_133' title='bbox 1802 1975 1876 2015; x_wconf 85' lang='lat' dir='ltr'>ex</span> <span class='ocrx_word' id='word_1_134' title='bbox 1909 1954 2311 2017; x_wconf 83' lang='lat' dir='ltr'>fornicatione</span> <span class='ocrx_word' id='word_1_135' title='bbox 2344 1956 2468 2017; x_wconf 86' lang='lat' dir='ltr'>nati</span> <span class='ocrx_word' id='word_1_136' title='bbox 2502 1958 2576 2017; x_wconf 90' lang='lat' dir='ltr'>ad</span> <span class='ocrx_word' id='word_1_137' title='bbox 2599 1976 2802 2017; x_wconf 89' lang='lat' dir='ltr'>sacros</span> <span class='ocrx_word' id='word_1_138' title='bbox 2824 1957 3069 2019; x_wconf 91' lang='lat' dir='ltr'>ordines</span> 
     </span>
     <span class='ocr_line' id='line_1_15' title="bbox 466 2060 3067 2142; baseline 0.004 -26"><span class='ocrx_word' id='word_1_139' title='bbox 466 2076 595 2117; x_wconf 91' lang='lat' dir='ltr'>non</span> <span class='ocrx_word' id='word_1_140' title='bbox 643 2075 1142 2138; x_wconf 84' lang='lat' dir='ltr'>promoveantur,</span> <span class='ocrx_word' id='word_1_141' title='bbox 1190 2060 1307 2121; x_wconf 89' lang='lat' dir='ltr'>nisi</span> <span class='ocrx_word' id='word_1_142' title='bbox 1353 2078 1459 2122; x_wconf 87' lang='lat' dir='ltr'>aut</span> <span class='ocrx_word' id='word_1_143' title='bbox 1504 2064 1795 2125; x_wconf 86' lang='lat' dir='ltr'>monachi</span> <span class='ocrx_word' id='word_1_144' title='bbox 1845 2064 2008 2139; x_wconf 83' lang='lat' dir='ltr'>fiant,</span> <span class='ocrx_word' id='word_1_145' title='bbox 2042 2066 2138 2125; x_wconf 84' lang='lat' dir='ltr'>vel</span> <span class='ocrx_word' id='word_1_146' title='bbox 2171 2065 2233 2124; x_wconf 89' lang='lat' dir='ltr'>in</span> <span class='ocrx_word' id='word_1_147' title='bbox 2268 2065 2742 2142; x_wconf 80' lang='lat' dir='ltr'>congregatione</span> <span class='ocrx_word' id='word_1_148' title='bbox 2774 2066 3067 2126; x_wconf 85' lang='lat' dir='ltr'>canonica</span> 
     </span>
    </p>
   </div>
   <div class='ocr_carea' id='block_1_9' title="bbox 357 2165 3067 2347">
    <p class='ocr_par' dir='ltr' id='par_1_9' title="bbox 357 2165 3067 2347">
     <span class='ocr_line' id='line_1_16' title="bbox 357 2165 3067 2251; baseline 0.004 -31"><span class='ocrx_word' id='word_1_149' title='bbox 357 2189 403 2231; x_wconf 77' lang='grc' dir='ltr'>ι5</span> <span class='ocrx_word' id='word_1_150' title='bbox 465 2165 816 2243; x_wconf 83' lang='lat' dir='ltr'>regulariter</span> <span class='ocrx_word' id='word_1_151' title='bbox 864 2165 1148 2226; x_wconf 62' lang='lat' dir='ltr'>viventes</span> <span class='ocrx_word' id='word_1_152' title='bbox 1230 2167 1677 2231; x_wconf 75' lang='lat' dir='ltr'>praelationem</span> <span class='ocrx_word' id='word_1_153' title='bbox 1725 2191 1872 2233; x_wconf 91' lang='lat' dir='ltr'>vero</span> <span class='ocrx_word' id='word_1_154' title='bbox 1920 2172 2271 2232; x_wconf 86' lang='lat' dir='ltr'>nullatenus</span> <span class='ocrx_word' id='word_1_155' title='bbox 2322 2172 2606 2231; x_wconf 88' lang='lat' dir='ltr'>habeant.</span> <span class='ocrx_word' id='word_1_156' title='bbox 2692 2171 2810 2232; x_wconf 88' lang='lat' dir='ltr'>Sed</span> <span class='ocrx_word' id='word_1_157' title='bbox 2866 2190 3067 2251; x_wconf 89' lang='lat' dir='ltr'>neque</span> 
     </span>
     <span class='ocr_line' id='line_1_17' title="bbox 460 2271 1974 2347; baseline 0.006 -17"><span class='ocrx_word' id='word_1_158' title='bbox 460 2272 633 2347; x_wconf 78' lang='lat' dir='ltr'>servi,</span> <span class='ocrx_word' id='word_1_159' title='bbox 670 2271 785 2332; x_wconf 88' lang='lat' dir='ltr'>nisi</span> <span class='ocrx_word' id='word_1_160' title='bbox 816 2292 848 2332; x_wconf 82' lang='lat' dir='ltr'>a</span> <span class='ocrx_word' id='word_1_161' title='bbox 883 2273 1152 2333; x_wconf 88' lang='lat' dir='ltr'>dominis</span> <span class='ocrx_word' id='word_1_162' title='bbox 1183 2275 1311 2336; x_wconf 87' lang='lat' dir='ltr'>suis</span> <span class='ocrx_word' id='word_1_163' title='bbox 1341 2275 1612 2338; x_wconf 88' lang='lat' dir='ltr'>libertate</span> <span class='ocrx_word' id='word_1_164' title='bbox 1646 2279 1974 2339; x_wconf 89' lang='lat' dir='ltr'>donentur.</span> 
     </span>
    </p>
   </div>
   <div class='ocr_carea' id='block_1_10' title="bbox 1123 2519 2404 2593">
    <p class='ocr_par' dir='ltr' id='par_1_10' title="bbox 1123 2519 2404 2593">
     <span class='ocr_line' id='line_1_18' title="bbox 1123 2519 2404 2593; baseline 0.002 -20"><span class='ocrx_word' id='word_1_165' title='bbox 1123 2519 1214 2573; x_wconf 75' lang='lat'>82.</span> <span class='ocrx_word' id='word_1_166' title='bbox 1269 2520 1772 2577; x_wconf 74' lang='lat' dir='ltr'>INNOCENTIUS</span> <span class='ocrx_word' id='word_1_167' title='bbox 1811 2523 1932 2577; x_wconf 88' lang='lat'>111.</span> <span class='ocrx_word' id='word_1_168' title='bbox 1972 2522 2404 2593; x_wconf 68' lang='lat' dir='ltr'>(llos-1216).</span> 
     </span>
    </p>
   </div>
   <div class='ocr_carea' id='block_1_11' title="bbox 916 2662 2615 2737">
    <p class='ocr_par' dir='ltr' id='par_1_11' title="bbox 916 2662 2615 2737">
     <span class='ocr_line' id='line_1_19' title="bbox 916 2662 2615 2737; baseline 0.002 -21"><span class='ocrx_word' id='word_1_169' title='bbox 916 2678 960 2716; x_wconf 89' lang='lat' dir='ltr'>c.</span> <span class='ocrx_word' id='word_1_170' title='bbox 1011 2680 1025 2716; x_wconf 85' lang='lat'>1</span> <span class='ocrx_word' id='word_1_171' title='bbox 1041 2680 1087 2734; x_wconf 83' lang='lat'>5.</span> <span class='ocrx_word' id='word_1_172' title='bbox 1129 2662 1196 2717; x_wconf 89' lang='lat' dir='ltr'>X.</span> <span class='ocrx_word' id='word_1_173' title='bbox 1234 2664 1301 2716; x_wconf 88' lang='lat' dir='ltr'>de</span> <span class='ocrx_word' id='word_1_174' title='bbox 1323 2665 1464 2734; x_wconf 86' lang='lat' dir='ltr'>filiis</span> <span class='ocrx_word' id='word_1_175' title='bbox 1488 2667 1778 2736; x_wconf 80' lang='lat' dir='ltr'>presbiter.</span> <span class='ocrx_word' id='word_1_176' title='bbox 1819 2666 2137 2720; x_wconf 75' lang='lat' dir='ltr'>ordinandis</span> <span class='ocrx_word' id='word_1_177' title='bbox 2178 2669 2258 2720; x_wconf 88' lang='lat' dir='ltr'>vel</span> <span class='ocrx_word' id='word_1_178' title='bbox 2293 2683 2414 2720; x_wconf 84' lang='lat' dir='ltr'>non.</span> <span class='ocrx_word' id='word_1_179' title='bbox 2455 2666 2490 2719; x_wconf 95' lang='lat' dir='ltr'>I.</span> <span class='ocrx_word' id='word_1_180' title='bbox 2539 2684 2615 2737; x_wconf 87' lang='lat'>¹7·</span> 
     </span>
    </p>
   </div>
   <div class='ocr_carea' id='block_1_12' title="bbox 352 2786 3071 2943">
    <p class='ocr_par' dir='ltr' id='par_1_12' title="bbox 352 2786 3071 2943">
     <span class='ocr_line' id='line_1_20' title="bbox 675 2786 3071 2861; baseline 0.001 -21"><span class='ocrx_word' id='word_1_181' title='bbox 675 2786 703 2814; x_wconf 80' lang='lat'><strong>‘</strong></span> <span class='ocrx_word' id='word_1_182' title='bbox 744 2787 903 2859; x_wconf 88' lang='lat' dir='ltr'>Corp.</span> <span class='ocrx_word' id='word_1_183' title='bbox 943 2790 1049 2840; x_wconf 85' lang='lat' dir='ltr'>iur.</span> <span class='ocrx_word' id='word_1_184' title='bbox 1088 2806 1206 2841; x_wconf 74' lang='lat' dir='ltr'>ean.</span> <span class='ocrx_word' id='word_1_185' title='bbox 1248 2789 1335 2841; x_wconf 88' lang='lat' dir='ltr'>ed.</span> <span class='ocrx_word' id='word_1_186' title='bbox 1375 2788 1805 2857; x_wconf 85' lang='lat' dir='ltr'>Friedberg.</span> <span class='ocrx_word' id='word_1_187' title='bbox 1848 2790 2021 2845; x_wconf 84' lang='lat' dir='ltr'>Tom.</span> <span class='ocrx_word' id='word_1_188' title='bbox 2049 2790 2110 2845; x_wconf 89' lang='lat'>11.</span> <span class='ocrx_word' id='word_1_189' title='bbox 2151 2789 2418 2860; x_wconf 85' lang='lat' dir='ltr'>coI.14o.</span> <span class='ocrx_word' id='word_1_190' title='bbox 2482 2789 2930 2861; x_wconf 83' lang='lat' dir='ltr'>Friedberg‚</span> <span class='ocrx_word' id='word_1_191' title='bbox 2969 2791 3071 2844; x_wconf 89' lang='lat' dir='ltr'>Die</span> 
     </span>
     <span class='ocr_line' id='line_1_21' title="bbox 352 2868 2110 2943; baseline 0.002 -24"><span class='ocrx_word' id='word_1_192' title='bbox 352 2883 407 2914; x_wconf 64' lang='grc' dir='ltr'>πο</span> <span class='ocrx_word' id='word_1_193' title='bbox 463 2869 694 2936; x_wconf 87' lang='lat' dir='ltr'>quinque</span> <span class='ocrx_word' id='word_1_194' title='bbox 723 2869 1141 2939; x_wconf 84' lang='lat' dir='ltr'>Compilationes</span> <span class='ocrx_word' id='word_1_195' title='bbox 1178 2872 1448 2938; x_wconf 77' lang='lat' dir='ltr'>antiquae.</span> <span class='ocrx_word' id='word_1_196' title='bbox 1488 2869 1720 2940; x_wconf 84' lang='lat' dir='ltr'>Leipzig</span> <span class='ocrx_word' id='word_1_197' title='bbox 1757 2868 1904 2924; x_wconf 80' lang='lat'>1882.</span> <span class='ocrx_word' id='word_1_198' title='bbox 1944 2887 1997 2941; x_wconf 91' lang='lat' dir='ltr'>p.</span> <span class='ocrx_word' id='word_1_199' title='bbox 2028 2889 2110 2943; x_wconf 84' lang='lat'>34.</span> 
     </span>
    </p>
   </div>
   <div class='ocr_carea' id='block_1_13' title="bbox 937 3010 2606 3085">
    <p class='ocr_par' dir='ltr' id='par_1_13' title="bbox 937 3010 2606 3085">
     <span class='ocr_line' id='line_1_22' title="bbox 937 3010 2606 3085; baseline 0.002 -22"><span class='ocrx_word' id='word_1_200' title='bbox 937 3010 1266 3081; x_wconf 87' lang='lat' dir='ltr'>lllegitimus</span> <span class='ocrx_word' id='word_1_201' title='bbox 1294 3012 1350 3066; x_wconf 89' lang='lat' dir='ltr'>in</span> <span class='ocrx_word' id='word_1_202' title='bbox 1379 3011 1614 3068; x_wconf 81' lang='lat' dir='ltr'>ecclesia</span> <span class='ocrx_word' id='word_1_203' title='bbox 1644 3027 1879 3083; x_wconf 83' lang='lat' dir='ltr'>paterna</span> <span class='ocrx_word' id='word_1_204' title='bbox 1907 3013 2251 3085; x_wconf 82' lang='lat' dir='ltr'>prabendari</span> <span class='ocrx_word' id='word_1_205' title='bbox 2278 3033 2388 3069; x_wconf 89' lang='lat' dir='ltr'>non</span> <span class='ocrx_word' id='word_1_206' title='bbox 2418 3015 2606 3068; x_wconf 86' lang='lat' dir='ltr'>debet.</span> 
     </span>
    </p>
   </div>
   <div class='ocr_carea' id='block_1_14' title="bbox 353 3133 3088 5037">
    <p class='ocr_par' dir='ltr' id='par_1_14' title="bbox 457 3133 3071 3432">
     <span class='ocr_line' id='line_1_23' title="bbox 677 3133 3071 3217; baseline -0 -23"><span class='ocrx_word' id='word_1_207' title='bbox 677 3133 894 3207; x_wconf 86' lang='lat' dir='ltr'>Quum</span> <span class='ocrx_word' id='word_1_208' title='bbox 946 3135 1230 3195; x_wconf 88' lang='lat' dir='ltr'>decorem</span> <span class='ocrx_word' id='word_1_209' title='bbox 1278 3136 1504 3196; x_wconf 88' lang='lat' dir='ltr'>domus</span> <span class='ocrx_word' id='word_1_210' title='bbox 1541 3136 1652 3196; x_wconf 89' lang='lat' dir='ltr'>Dei</span> <span class='ocrx_word' id='word_1_211' title='bbox 1700 3133 1779 3215; x_wconf 87' lang='lat' dir='ltr'>[et</span> <span class='ocrx_word' id='word_1_212' title='bbox 1821 3136 2019 3197; x_wconf 86' lang='lat' dir='ltr'>locum</span> <span class='ocrx_word' id='word_1_213' title='bbox 2053 3136 2444 3198; x_wconf 81' lang='lat' dir='ltr'>tabernaculi</span> <span class='ocrx_word' id='word_1_214' title='bbox 2461 3137 2710 3217; x_wconf 88' lang='lat' dir='ltr'>gloriae</span> <span class='ocrx_word' id='word_1_215' title='bbox 2740 3155 2886 3196; x_wconf 89' lang='lat' dir='ltr'>suae</span> <span class='ocrx_word' id='word_1_216' title='bbox 2917 3135 3071 3194; x_wconf 91' lang='lat' dir='ltr'>dili-</span> 
     </span>
     <span class='ocr_line' id='line_1_24' title="bbox 457 3243 3071 3326; baseline 0 -24"><span class='ocrx_word' id='word_1_217' title='bbox 457 3264 609 3322; x_wconf 88' lang='lat' dir='ltr'>gere</span> <span class='ocrx_word' id='word_1_218' title='bbox 641 3263 742 3302; x_wconf 82' lang='lat' dir='ltr'>vos</span> <span class='ocrx_word' id='word_1_219' title='bbox 775 3250 1072 3323; x_wconf 78' lang='lat' dir='ltr'>oporteat,</span> <span class='ocrx_word' id='word_1_220' title='bbox 1105 3251 1395 3303; x_wconf 87' lang='lat' dir='ltr'>accurata</span> <span class='ocrx_word' id='word_1_221' title='bbox 1428 3243 1595 3304; x_wconf 79' lang='lat' dir='ltr'>vobis</span> <span class='ocrx_word' id='word_1_222' title='bbox 1628 3251 1720 3304; x_wconf 86' lang='lat' dir='ltr'>est</span> <span class='ocrx_word' id='word_1_223' title='bbox 1747 3243 2170 3304; x_wconf 86' lang='lat' dir='ltr'>sollicitudine</span> <span class='ocrx_word' id='word_1_224' title='bbox 2192 3245 2704 3326; x_wconf 81' lang='lat' dir='ltr'>praecavendum,</span> <span class='ocrx_word' id='word_1_225' title='bbox 2726 3263 2801 3302; x_wconf 88' lang='lat' dir='ltr'>ne</span> <span class='ocrx_word' id='word_1_226' title='bbox 2821 3245 2884 3303; x_wconf 89' lang='lat' dir='ltr'>in</span> <span class='ocrx_word' id='word_1_227' title='bbox 2905 3262 3071 3303; x_wconf 87' lang='lat' dir='ltr'>com-</span> 
     </span>
     <span class='ocr_line' id='line_1_25' title="bbox 467 3350 3071 3432; baseline -0 -22"><span class='ocrx_word' id='word_1_228' title='bbox 467 3355 675 3412; x_wconf 88' lang='lat' dir='ltr'>missis</span> <span class='ocrx_word' id='word_1_229' title='bbox 721 3351 891 3412; x_wconf 79' lang='lat' dir='ltr'>vobis</span> <span class='ocrx_word' id='word_1_230' title='bbox 935 3352 1214 3411; x_wconf 87' lang='lat' dir='ltr'>ecclesiis</span> <span class='ocrx_word' id='word_1_231' title='bbox 1259 3351 1374 3410; x_wconf 91' lang='lat' dir='ltr'>illa</span> <span class='ocrx_word' id='word_1_232' title='bbox 1419 3357 1641 3412; x_wconf 86' lang='lat' dir='ltr'>temere</span> <span class='ocrx_word' id='word_1_233' title='bbox 1661 3358 2170 3432; x_wconf 79' lang='lat' dir='ltr'>praesumantur,</span> <span class='ocrx_word' id='word_1_234' title='bbox 2202 3373 2356 3432; x_wconf 86' lang='lat' dir='ltr'>quae</span> <span class='ocrx_word' id='word_1_235' title='bbox 2387 3351 2484 3410; x_wconf 81' lang='lat' dir='ltr'>vel</span> <span class='ocrx_word' id='word_1_236' title='bbox 2513 3354 2578 3411; x_wconf 89' lang='lat' dir='ltr'>in</span> <span class='ocrx_word' id='word_1_237' title='bbox 2610 3353 2701 3410; x_wconf 88' lang='lat' dir='ltr'>eis</span> <span class='ocrx_word' id='word_1_238' title='bbox 2732 3350 3071 3431; x_wconf 85' lang='lat' dir='ltr'>lampadem</span> 
     </span>
    </p>

    <p class='ocr_par' dir='ltr' id='par_1_15' title="bbox 353 3458 3088 5037">
     <span class='ocr_line' id='line_1_26' title="bbox 353 3458 3072 3539; baseline -0.001 -19"><span class='ocrx_word' id='word_1_239' title='bbox 353 3488 404 3531; x_wconf 62' lang='grc' dir='ltr'>ας</span> <span class='ocrx_word' id='word_1_240' title='bbox 465 3460 791 3539; x_wconf 78' lang='lat' dir='ltr'>religionis</span> <span class='ocrx_word' id='word_1_241' title='bbox 823 3462 1200 3539; x_wconf 78' lang='lat' dir='ltr'>extinguere,</span> <span class='ocrx_word' id='word_1_242' title='bbox 1231 3459 1330 3517; x_wconf 86' lang='lat' dir='ltr'>vel</span> <span class='ocrx_word' id='word_1_243' title='bbox 1357 3461 1723 3519; x_wconf 84' lang='lat' dir='ltr'>munditiam</span> <span class='ocrx_word' id='word_1_244' title='bbox 1757 3460 2081 3519; x_wconf 84' lang='lat' dir='ltr'>videantur</span> <span class='ocrx_word' id='word_1_245' title='bbox 2111 3461 2536 3519; x_wconf 86' lang='lat' dir='ltr'>ministrorum</span> <span class='ocrx_word' id='word_1_246' title='bbox 2568 3458 2835 3518; x_wconf 79' lang='lat' dir='ltr'>Domini</span> <span class='ocrx_word' id='word_1_247' title='bbox 2863 3478 3072 3517; x_wconf 85' lang='lat' dir='ltr'>macu-</span> 
     </span>
     <span class='ocr_line' id='line_1_27' title="bbox 464 3566 3074 3647; baseline -0.002 -20"><span class='ocrx_word' id='word_1_248' title='bbox 464 3568 610 3628; x_wconf 88' lang='lat' dir='ltr'>lare.</span> <span class='ocrx_word' id='word_1_249' title='bbox 674 3567 780 3628; x_wconf 82' lang='lat' dir='ltr'>Ad</span> <span class='ocrx_word' id='word_1_250' title='bbox 821 3574 1092 3627; x_wconf 87' lang='lat' dir='ltr'>nostram</span> <span class='ocrx_word' id='word_1_251' title='bbox 1137 3568 1437 3647; x_wconf 85' lang='lat' dir='ltr'>siquidem</span> <span class='ocrx_word' id='word_1_252' title='bbox 1485 3569 1777 3627; x_wconf 81' lang='lat' dir='ltr'>noveritis</span> <span class='ocrx_word' id='word_1_253' title='bbox 1823 3569 2199 3628; x_wconf 84' lang='lat' dir='ltr'>audientiam</span> <span class='ocrx_word' id='word_1_254' title='bbox 2221 3569 2604 3647; x_wconf 88' lang='lat' dir='ltr'>pervenisse,</span> <span class='ocrx_word' id='word_1_255' title='bbox 2636 3566 2800 3646; x_wconf 87' lang='lat' dir='ltr'>quod</span> <span class='ocrx_word' id='word_1_256' title='bbox 2825 3566 3074 3645; x_wconf 88' lang='lat' dir='ltr'>quidam</span> 
     </span>
     <span class='ocr_line' id='line_1_28' title="bbox 463 3673 3075 3756; baseline -0 -22"><span class='ocrx_word' id='word_1_257' title='bbox 463 3677 528 3734; x_wconf 87' lang='lat' dir='ltr'>in</span> <span class='ocrx_word' id='word_1_258' title='bbox 561 3678 782 3735; x_wconf 80' lang='lat' dir='ltr'>vestris</span> <span class='ocrx_word' id='word_1_259' title='bbox 814 3673 1192 3734; x_wconf 84' lang='lat' dir='ltr'>dioecesibus</span> <span class='ocrx_word' id='word_1_260' title='bbox 1223 3677 1549 3734; x_wconf 87' lang='lat' dir='ltr'>constitute</span> <span class='ocrx_word' id='word_1_261' title='bbox 1566 3675 1817 3756; x_wconf 87' lang='lat' dir='ltr'>publice</span> <span class='ocrx_word' id='word_1_262' title='bbox 1849 3696 1983 3735; x_wconf 90' lang='lat' dir='ltr'>cum</span> <span class='ocrx_word' id='word_1_263' title='bbox 2017 3674 2380 3735; x_wconf 88' lang='lat' dir='ltr'>mulieribus</span> <span class='ocrx_word' id='word_1_264' title='bbox 2411 3673 2855 3750; x_wconf 77' lang='lat' dir='ltr'>contrahenteS,</span> <span class='ocrx_word' id='word_1_265' title='bbox 2880 3674 3075 3733; x_wconf 87' lang='lat' dir='ltr'>eccle-</span> 
     </span>
     <span class='ocr_line' id='line_1_29' title="bbox 472 3780 3076 3863; baseline -0 -22"><span class='ocrx_word' id='word_1_266' title='bbox 472 3785 760 3843; x_wconf 86' lang='lat' dir='ltr'>siasticas</span> <span class='ocrx_word' id='word_1_267' title='bbox 812 3799 929 3842; x_wconf 86' lang='lat' dir='ltr'>non</span> <span class='ocrx_word' id='word_1_268' title='bbox 983 3789 1267 3841; x_wconf 83' lang='lat' dir='ltr'>verentur</span> <span class='ocrx_word' id='word_1_269' title='bbox 1314 3785 1627 3863; x_wconf 85' lang='lat' dir='ltr'>suscipere</span> <span class='ocrx_word' id='word_1_270' title='bbox 1677 3784 2036 3862; x_wconf 79' lang='lat' dir='ltr'>dignitates,</span> <span class='ocrx_word' id='word_1_271' title='bbox 2087 3789 2146 3842; x_wconf 89' lang='lat' dir='ltr'>et</span> <span class='ocrx_word' id='word_1_272' title='bbox 2192 3780 2630 3842; x_wconf 88' lang='lat' dir='ltr'>nonnullarum</span> <span class='ocrx_word' id='word_1_273' title='bbox 2680 3780 3076 3841; x_wconf 85' lang='lat' dir='ltr'>ecclesiarum</span> 
     </span>
     <span class='ocr_line' id='line_1_30' title="bbox 472 3889 3078 3970; baseline -0.002 -19"><span class='ocrx_word' id='word_1_274' title='bbox 472 3892 778 3963; x_wconf 87' lang='lat' dir='ltr'>canonici,</span> <span class='ocrx_word' id='word_1_275' title='bbox 830 3909 1084 3970; x_wconf 82' lang='lat' dir='ltr'>quorum</span> <span class='ocrx_word' id='word_1_276' title='bbox 1136 3889 1371 3949; x_wconf 87' lang='lat' dir='ltr'>lumbos</span> <span class='ocrx_word' id='word_1_277' title='bbox 1421 3893 1591 3949; x_wconf 86' lang='lat' dir='ltr'>iuxta</span> <span class='ocrx_word' id='word_1_278' title='bbox 1641 3889 1887 3949; x_wconf 84' lang='lat' dir='ltr'>verbum</span> <span class='ocrx_word' id='word_1_279' title='bbox 1938 3889 2324 3969; x_wconf 86' lang='lat' dir='ltr'>evangelicae</span> <span class='ocrx_word' id='word_1_280' title='bbox 2368 3890 2648 3949; x_wconf 82' lang='lat' dir='ltr'>veritatis</span> <span class='ocrx_word' id='word_1_281' title='bbox 2680 3890 2919 3948; x_wconf 85' lang='lat' dir='ltr'>deceret</span> <span class='ocrx_word' id='word_1_282' title='bbox 2948 3908 3078 3947; x_wconf 88' lang='lat' dir='ltr'>esse</span> 
     </span>
     <span class='ocr_line' id='line_1_31' title="bbox 354 3995 3080 4079; baseline -0.002 -22"><span class='ocrx_word' id='word_1_283' title='bbox 354 4023 410 4064; x_wconf 65' lang='lat'>‘40</span> <span class='ocrx_word' id='word_1_284' title='bbox 459 3999 876 4079; x_wconf 87' lang='lat' dir='ltr'>praecinctos,</span> <span class='ocrx_word' id='word_1_285' title='bbox 910 4017 983 4055; x_wconf 90' lang='lat' dir='ltr'>ac</span> <span class='ocrx_word' id='word_1_286' title='bbox 1016 3998 1080 4055; x_wconf 88' lang='lat' dir='ltr'>in</span> <span class='ocrx_word' id='word_1_287' title='bbox 1113 4017 1318 4056; x_wconf 86' lang='lat' dir='ltr'>eorum</span> <span class='ocrx_word' id='word_1_288' title='bbox 1353 3995 1635 4055; x_wconf 87' lang='lat' dir='ltr'>manibus</span> <span class='ocrx_word' id='word_1_289' title='bbox 1667 3996 1950 4057; x_wconf 86' lang='lat' dir='ltr'>lucernas</span> <span class='ocrx_word' id='word_1_290' title='bbox 1992 3995 2181 4056; x_wconf 87' lang='lat' dir='ltr'>bonae</span> <span class='ocrx_word' id='word_1_291' title='bbox 2212 3998 2587 4077; x_wconf 87' lang='lat' dir='ltr'>operationis</span> <span class='ocrx_word' id='word_1_292' title='bbox 2620 3996 2859 4068; x_wconf 81' lang='lat' dir='ltr'>ardere,</span> <span class='ocrx_word' id='word_1_293' title='bbox 2893 4015 3080 4074; x_wconf 86' lang='lat' dir='ltr'>usque</span> 
     </span>
     <span class='ocr_line' id='line_1_32' title="bbox 471 4099 3083 4184; baseline -0.002 -21"><span class='ocrx_word' id='word_1_294' title='bbox 471 4105 618 4164; x_wconf 85' lang='lat' dir='ltr'>adeo</span> <span class='ocrx_word' id='word_1_295' title='bbox 652 4104 935 4163; x_wconf 84' lang='lat' dir='ltr'>luxuriae</span> <span class='ocrx_word' id='word_1_296' title='bbox 967 4103 1254 4163; x_wconf 85' lang='lat' dir='ltr'>sordibus</span> <span class='ocrx_word' id='word_1_297' title='bbox 1274 4110 1671 4184; x_wconf 86' lang='lat' dir='ltr'>putruerunt,</span> <span class='ocrx_word' id='word_1_298' title='bbox 1704 4105 1867 4184; x_wconf 89' lang='lat' dir='ltr'>quod</span> <span class='ocrx_word' id='word_1_299' title='bbox 1895 4125 2004 4164; x_wconf 90' lang='lat' dir='ltr'>nec</span> <span class='ocrx_word' id='word_1_300' title='bbox 2034 4105 2216 4164; x_wconf 87' lang='lat' dir='ltr'>etiam</span> <span class='ocrx_word' id='word_1_301' title='bbox 2250 4105 2655 4184; x_wconf 88' lang='lat' dir='ltr'>ignominiam</span> <span class='ocrx_word' id='word_1_302' title='bbox 2686 4120 2860 4161; x_wconf 86' lang='lat' dir='ltr'>suam</span> <span class='ocrx_word' id='word_1_303' title='bbox 2892 4099 3083 4159; x_wconf 83' lang='lat' dir='ltr'>velint</span> 
     </span>
     <span class='ocr_line' id='line_1_33' title="bbox 470 4209 3082 4291; baseline -0.001 -23"><span class='ocrx_word' id='word_1_304' title='bbox 470 4210 1032 4291; x_wconf 83' lang='lat' dir='ltr'>turpitudinemque</span> <span class='ocrx_word' id='word_1_305' title='bbox 1076 4209 1302 4282; x_wconf 83' lang='lat' dir='ltr'>velare,</span> <span class='ocrx_word' id='word_1_306' title='bbox 1348 4213 1496 4291; x_wconf 86' lang='lat' dir='ltr'>quin</span> <span class='ocrx_word' id='word_1_307' title='bbox 1545 4213 1725 4270; x_wconf 91' lang='lat' dir='ltr'>immo</span> <span class='ocrx_word' id='word_1_308' title='bbox 1750 4210 1940 4291; x_wconf 83' lang='lat' dir='ltr'>filios</span> <span class='ocrx_word' id='word_1_309' title='bbox 1990 4232 2061 4269; x_wconf 87' lang='lat' dir='ltr'>ex</span> <span class='ocrx_word' id='word_1_310' title='bbox 2098 4213 2323 4290; x_wconf 85' lang='lat' dir='ltr'>infami</span> <span class='ocrx_word' id='word_1_311' title='bbox 2340 4211 2743 4290; x_wconf 86' lang='lat' dir='ltr'>generatione</span> <span class='ocrx_word' id='word_1_312' title='bbox 2773 4212 3082 4287; x_wconf 88' lang='lat' dir='ltr'>susceptos</span> 
     </span>
     <span class='ocr_line' id='line_1_34' title="bbox 467 4312 3082 4396; baseline -0.001 -21"><span class='ocrx_word' id='word_1_313' title='bbox 467 4317 552 4375; x_wconf 86' lang='lat' dir='ltr'>ad</span> <span class='ocrx_word' id='word_1_314' title='bbox 579 4317 990 4376; x_wconf 84' lang='lat' dir='ltr'>ministerium</span> <span class='ocrx_word' id='word_1_315' title='bbox 1024 4315 1272 4389; x_wconf 85' lang='lat' dir='ltr'>altaris,</span> <span class='ocrx_word' id='word_1_316' title='bbox 1319 4337 1434 4395; x_wconf 87' lang='lat' dir='ltr'>quo</span> <span class='ocrx_word' id='word_1_317' title='bbox 1467 4337 1532 4376; x_wconf 89' lang='lat' dir='ltr'>se</span> <span class='ocrx_word' id='word_1_318' title='bbox 1563 4317 1831 4376; x_wconf 77' lang='lat' dir='ltr'>reddunt</span> <span class='ocrx_word' id='word_1_319' title='bbox 1860 4318 2172 4396; x_wconf 74' lang='lat' dir='ltr'>indignos,</span> <span class='ocrx_word' id='word_1_320' title='bbox 2220 4318 2541 4396; x_wconf 87' lang='lat' dir='ltr'>indignius</span> <span class='ocrx_word' id='word_1_321' title='bbox 2571 4335 2773 4375; x_wconf 86' lang='lat' dir='ltr'>secum</span> <span class='ocrx_word' id='word_1_322' title='bbox 2807 4312 3082 4384; x_wconf 81' lang='lat' dir='ltr'>trahunt,</span> 
     </span>
     <span class='ocr_line' id='line_1_35' title="bbox 467 4423 3088 4505; baseline -0.001 -23"><span class='ocrx_word' id='word_1_323' title='bbox 467 4444 540 4482; x_wconf 90' lang='lat' dir='ltr'>ac</span> <span class='ocrx_word' id='word_1_324' title='bbox 584 4427 646 4483; x_wconf 87' lang='lat' dir='ltr'>si</span> <span class='ocrx_word' id='word_1_325' title='bbox 692 4443 810 4484; x_wconf 91' lang='lat' dir='ltr'>non</span> <span class='ocrx_word' id='word_1_326' title='bbox 861 4426 1014 4483; x_wconf 86' lang='lat' dir='ltr'>satis</span> <span class='ocrx_word' id='word_1_327' title='bbox 1066 4426 1130 4484; x_wconf 90' lang='lat' dir='ltr'>in</span> <span class='ocrx_word' id='word_1_328' title='bbox 1164 4423 1554 4505; x_wconf 86' lang='lat' dir='ltr'>opprobrium</span> <span class='ocrx_word' id='word_1_329' title='bbox 1588 4425 1829 4484; x_wconf 86' lang='lat' dir='ltr'>ordinis</span> <span class='ocrx_word' id='word_1_330' title='bbox 1863 4423 2179 4484; x_wconf 86' lang='lat' dir='ltr'>clericalis</span> <span class='ocrx_word' id='word_1_331' title='bbox 2208 4444 2415 4484; x_wconf 88' lang='lat' dir='ltr'>eorum</span> <span class='ocrx_word' id='word_1_332' title='bbox 2451 4423 2895 4483; x_wconf 85' lang='lat' dir='ltr'>incontinentia</span> <span class='ocrx_word' id='word_1_333' title='bbox 2918 4423 3088 4493; x_wconf 89' lang='lat' dir='ltr'>foret</span> 
     </span>
     <span class='ocr_line' id='line_1_36' title="bbox 358 4530 3082 4612; baseline -0.004 -14"><span class='ocrx_word' id='word_1_334' title='bbox 358 4554 407 4599; x_wconf 81' lang='lat'>35</span> <span class='ocrx_word' id='word_1_335' title='bbox 475 4535 747 4612; x_wconf 88' lang='lat' dir='ltr'>cognita,</span> <span class='ocrx_word' id='word_1_336' title='bbox 794 4535 926 4592; x_wconf 88' lang='lat' dir='ltr'>nisi</span> <span class='ocrx_word' id='word_1_337' title='bbox 968 4539 1246 4592; x_wconf 87' lang='lat' dir='ltr'>natorum</span> <span class='ocrx_word' id='word_1_338' title='bbox 1282 4534 1347 4591; x_wconf 88' lang='lat' dir='ltr'>in</span> <span class='ocrx_word' id='word_1_339' title='bbox 1367 4530 1690 4612; x_wconf 87' lang='lat' dir='ltr'>publicum</span> <span class='ocrx_word' id='word_1_340' title='bbox 1725 4532 2117 4591; x_wconf 87' lang='lat' dir='ltr'>deductorum</span> <span class='ocrx_word' id='word_1_341' title='bbox 2151 4532 2641 4611; x_wconf 86' lang='lat' dir='ltr'>loquentiumque</span> <span class='ocrx_word' id='word_1_342' title='bbox 2672 4530 3082 4590; x_wconf 87' lang='lat' dir='ltr'>testimonium</span> 
     </span>
     <span class='ocr_line' id='line_1_37' title="bbox 475 4635 3083 4719; baseline -0.002 -22"><span class='ocrx_word' id='word_1_343' title='bbox 475 4644 691 4697; x_wconf 90' lang='lat' dir='ltr'>contra</span> <span class='ocrx_word' id='word_1_344' title='bbox 724 4639 914 4719; x_wconf 82' lang='lat' dir='ltr'>ip505,</span> <span class='ocrx_word' id='word_1_345' title='bbox 947 4643 1105 4697; x_wconf 88' lang='lat' dir='ltr'>esset</span> <span class='ocrx_word' id='word_1_346' title='bbox 1133 4639 1476 4697; x_wconf 84' lang='lat' dir='ltr'>ostensione</span> <span class='ocrx_word' id='word_1_347' title='bbox 1505 4636 1719 4697; x_wconf 85' lang='lat' dir='ltr'>sedula</span> <span class='ocrx_word' id='word_1_348' title='bbox 1753 4635 2159 4717; x_wconf 88' lang='lat' dir='ltr'>comprobata.</span> <span class='ocrx_word' id='word_1_349' title='bbox 2225 4635 2552 4715; x_wconf 77' lang='lat' dir='ltr'>Quumque</span> <span class='ocrx_word' id='word_1_350' title='bbox 2589 4637 2652 4694; x_wconf 90' lang='lat' dir='ltr'>in</span> <span class='ocrx_word' id='word_1_351' title='bbox 2687 4635 2985 4706; x_wconf 86' lang='lat' dir='ltr'>ecclesiis,</span> <span class='ocrx_word' id='word_1_352' title='bbox 3018 4635 3083 4692; x_wconf 89' lang='lat' dir='ltr'>in</span> 
     </span>
     <span class='ocr_line' id='line_1_38' title="bbox 471 4740 3082 4825; baseline -0.002 -21"><span class='ocrx_word' id='word_1_353' title='bbox 471 4743 694 4825; x_wconf 80' lang='lat' dir='ltr'>quib&#39;us</span> <span class='ocrx_word' id='word_1_354' title='bbox 742 4744 1098 4805; x_wconf 81' lang='lat' dir='ltr'>huiusmodi</span> <span class='ocrx_word' id='word_1_355' title='bbox 1140 4743 1360 4804; x_wconf 87' lang='lat' dir='ltr'>clerici</span> <span class='ocrx_word' id='word_1_356' title='bbox 1401 4742 1598 4802; x_wconf 87' lang='lat' dir='ltr'>locum</span> <span class='ocrx_word' id='word_1_357' title='bbox 1645 4742 1890 4815; x_wconf 83' lang='lat' dir='ltr'>habent,</span> <span class='ocrx_word' id='word_1_358' title='bbox 1936 4742 2127 4802; x_wconf 89' lang='lat' dir='ltr'>multa</span> <span class='ocrx_word' id='word_1_359' title='bbox 2158 4745 2489 4803; x_wconf 82' lang='lat' dir='ltr'>enormiter</span> <span class='ocrx_word' id='word_1_360' title='bbox 2519 4747 2909 4814; x_wconf 84' lang='lat' dir='ltr'>attententur,</span> <span class='ocrx_word' id='word_1_361' title='bbox 2940 4740 3082 4800; x_wconf 90' lang='lat' dir='ltr'>dum</span> 
     </span>
     <span class='ocr_line' id='line_1_39' title="bbox 469 4850 3083 4933; baseline -0.002 -21"><span class='ocrx_word' id='word_1_362' title='bbox 469 4855 535 4912; x_wconf 93' lang='lat' dir='ltr'>in</span> <span class='ocrx_word' id='word_1_363' title='bbox 569 4853 794 4913; x_wconf 88' lang='lat' dir='ltr'>eisdem</span> <span class='ocrx_word' id='word_1_364' title='bbox 811 4854 1195 4930; x_wconf 81' lang='lat' dir='ltr'>fermentata</span> <span class='ocrx_word' id='word_1_365' title='bbox 1213 4857 1471 4933; x_wconf 84' lang='lat' dir='ltr'>patrum</span> <span class='ocrx_word' id='word_1_366' title='bbox 1503 4850 1892 4927; x_wconf 80' lang='lat' dir='ltr'>etfiliorum,</span> <span class='ocrx_word' id='word_1_367' title='bbox 1925 4856 2204 4931; x_wconf 87' lang='lat' dir='ltr'>nepotum</span> <span class='ocrx_word' id='word_1_368' title='bbox 2236 4851 2418 4909; x_wconf 91' lang='lat' dir='ltr'>etiam</span> <span class='ocrx_word' id='word_1_369' title='bbox 2452 4856 2512 4908; x_wconf 90' lang='lat' dir='ltr'>et</span> <span class='ocrx_word' id='word_1_370' title='bbox 2541 4850 2826 4927; x_wconf 76' lang='lat' dir='ltr'>affinium</span> <span class='ocrx_word' id='word_1_371' title='bbox 2845 4856 3083 4927; x_wconf 89' lang='lat' dir='ltr'>paren-</span> 
     </span>
     <span class='ocr_line' id='line_1_40' title="bbox 470 4953 3084 5037; baseline -0.002 -19"><span class='ocrx_word' id='word_1_372' title='bbox 470 4959 591 5018; x_wconf 86' lang='lat' dir='ltr'>tela</span> <span class='ocrx_word' id='word_1_373' title='bbox 626 4959 986 5020; x_wconf 84' lang='lat' dir='ltr'>inordinate</span> <span class='ocrx_word' id='word_1_374' title='bbox 1017 4960 1356 5031; x_wconf 82' lang='lat' dir='ltr'>ministrat,</span> <span class='ocrx_word' id='word_1_375' title='bbox 1401 4959 1548 5037; x_wconf 89' lang='lat' dir='ltr'>quia</span> <span class='ocrx_word' id='word_1_376' title='bbox 1579 4956 1885 5030; x_wconf 84' lang='lat' dir='ltr'>videlicet,</span> <span class='ocrx_word' id='word_1_377' title='bbox 1918 4976 2123 5016; x_wconf 90' lang='lat' dir='ltr'>amore</span> <span class='ocrx_word' id='word_1_378' title='bbox 2139 4956 2653 5036; x_wconf 83' lang='lat' dir='ltr'>praedominante</span> <span class='ocrx_word' id='word_1_379' title='bbox 2682 4953 2950 5027; x_wconf 89' lang='lat' dir='ltr'>carnali,</span> <span class='ocrx_word' id='word_1_380' title='bbox 2983 4975 3084 5014; x_wconf 91' lang='lat' dir='ltr'>re-</span> 
     </span>
    </p>
   </div>
  </div>
 </body>
</html>
