3684 5416
592 986 614 1030 5

571 1396 620 1429 10

575 1965 620 2010 ι5

574 2501 628 2533 20

577 3034 627 3078 ²5

581 3567 635 3609 30

584 4100 635 4145 35

677 354 774 408 168
1298 361 1560 416 Potestas
1599 362 1982 419 ecclesiastica
2021 378 2077 420 et
2114 365 2417 437 imperium
2457 367 2635 423 civile.

669 427 3259 458 Ἣ

1650 612 1742 669 49.
1799 614 2258 672 DEUSDEDIT.

884 731 912 760 ‘
963 732 1236 803 Gregorii
1290 737 1400 808 VII.
1438 739 1687 807 Registri
1728 736 1785 792 in
1845 740 1874 793 J
1890 755 1922 792 a
1940 737 1968 792 f
1977 738 2006 793 f
2014 736 2074 801 ἐ,
2122 741 2443 796 Bibliotheca
2495 759 2606 801 rcr.
2651 760 2906 813 german.
2960 745 3022 799 11.
3065 763 3094 817 5
3101 762 3183 817 5a.
3220 760 3272 816 p.

678 830 777 885 ¹74
815 828 934 884 seq.
992 813 1476 880 Μαι-11110001,
1512 819 1826 873 Deusdedit.
1864 818 2120 874 Venetiis
2155 820 2305 892 1869.
2345 821 2614 885 Saknr,
2654 824 2772 877 Der
2807 824 3065 878 Dic-tatus
3102 825 3275 897 Papae

667 894 810 948 nach
861 895 963 949 der
1000 895 1575 967 Canonensammlung
1624 900 1720 952 des
1756 901 2060 954 Deusdedit
2106 899 2163 954 in
2200 901 2377 954 Neues
2413 902 2609 956 Archiv
2640 903 2761 970 fiir
2815 905 2989 958 altere
3024 903 3276 958 deutsche

670 974 1188 1030 Gc'scltichtskunde.
1229 977 1424 1032 XVIII.
1451 995 1506 1049 p.
1541 997 1635 1051 135
1665 995 1784 1050 seq.
1836 980 1896 1035 M
1914 997 1947 1033 a
1965 992 2076 1035 rte
2094 998 2205 1048 nS‚
2243 981 2474 1052 Gregor
2520 983 2630 1036 VII.
2672 983 2743 1037 T.
2771 983 2834 1037 11.
2863 1001 2995 1054 pag.
3024 1002 3129 1056 314
3151 1000 3268 1056 seq.

670 1053 728 1108 M
747 1071 778 1108 e
795 1071 832 1127 y
851 1071 881 1108 e
898 1072 925 1109 1·
975 1072 1009 1107 v
1027 1071 1063 1108 0
1081 1072 1120 1109 n
1172 1057 1221 1108 K
1238 1073 1379 1112 non
1396 1074 1428 1110 a
1447 1075 1483 1111 u
1500 1098 1515 1126 .,
1565 1059 1913 1128 Jahrbachcr
1964 1061 2062 1114 des
2095 1061 2388 1115 deutschen
2426 1061 2653 1116 Reiches
2690 1067 2852 1117 tenter
2888 1062 3148 1118 Heinrich
3186 1064 3271 1116 IV.

670 1135 786 1189 und
801 1135 1060 1190 Heinrich
1092 1137 1146 1189 V.
1175 1136 1246 1189 T.
1268 1135 1328 1189 Il.
1359 1154 1412 1208 p.
1433 1154 1539 1209 549
1565 1155 1621 1193 n.
1648 1141 1762 1212 136.
1813 1140 1871 1194 M
1889 1137 1905 1193 i
1923 1142 2001 1195 rb
2022 1153 2057 1205 t,
2097 1141 2156 1195 in
2176 1143 2812 1214 Realencyclopa'dicfie'r
2824 1142 3278 1214 protestantisclte

671 1216 958 1350 Zcologie
994 1217 1130 1350 und6
1145 1217 1360 1272 Kircbe.
1400 1234 1443 1270 s.
1484 1235 1535 1272 v.
1576 1221 1891 1275 Dcusdedit.
1955 1220 1996 1277 S
2015 1238 2051 1276 o
2069 1222 2086 1275 l
2104 1221 2195 1275 mi
2213 1262 2226 1284 ,
2265 1224 2420 1276 Siata
2454 1241 2484 1275 e
2522 1221 2716 1276 Chiesa
2753 1225 2907 1292 negli
2937 1227 3117 1277 scritti
3138 1225 3273 1295 poli·

744 1316 760 1349 ι
797 1315 907 1350 ecc.
943 1313 998 1368 p.
1034 1315 1091 1369 13
1134 1315 1324 1370 -139,
2958 1317 2962 1319 ’

1636 1377 2004 1439 Dictatus
2052 1380 2321 1461 Papae.

899 1529 948 1569 1.
995 1507 1192 1584 Quod
1227 1508 1510 1571 Romana
1556 1510 1808 1572 ecclesia
1856 1533 1889 1573 a
1934 1513 2072 1574 solo
2119 1513 2381 1575 domino
2426 1514 2501 1575 sit
2534 1513 2805 1578 fundata.
2855 1546 2944 1556 —-
2999 1534 3052 1575 2.
3085 1513 3273 1590 Quod

673 1619 845 1678 solus
866 1617 1188 1677 Romanus
1222 1615 1492 1695 pontifex
1523 1616 1656 1678 iure
1690 1618 1925 1680 dicatur
1957 1620 2332 1682 universalis.
2363 1653 2452 1664 —-
2489 1641 2545 1701 3.
2570 1621 2763 1697 Quod
2797 1620 2896 1683 ille
2927 1622 3104 1682 solus
3135 1640 3276 1701 pos-

674 1724 750 1785 sit
794 1724 1107 1804 deponere
1153 1722 1477 1806 episcopos
1508 1724 1605 1785 vel
1635 1726 2048 1788 reconciliare.
2102 1762 2177 1771 —
2229 1749 2288 1807 4.
2326 1728 2521 1804 Quod
2553 1729 2789 1810 legatus
2821 1728 2955 1789 eius
2986 1728 3277 1788 omnibus

676 1831 984 1912 episcopis
1029 1830 1252 1911 praesit
1297 1831 1361 1892 in
1407 1832 1686 1911 concilio,
1719 1834 1900 1895 etiam
1933 1834 2239 1896 inferioris
2270 1835 2534 1913 gradus3
2586 1850 2645 1896 et
2676 1836 2969 1897 adversus
3001 1856 3111 1897 eos
3142 1853 3274 1895 sen-

676 1937 932 2000 tentiam
965 1938 1370 2019 depositionis
1403 1939 1595 2021 possit
1626 1940 1786 2002 dare.
1807 1976 1896 1984 —
1924 1961 1975 2021 5.
2007 1940 2202 2018 Quod
2233 1945 2514 2003 absentes
2546 1962 2702 2024 papa
2734 1942 2927 2024 possit
2956 1943 3279 2024 deponere.

677 2078 764 2089 —-
812 2046 873 2105 6.
921 2043 1113 2119 Quod
1160 2064 1303 2106 curn
1351 2048 1901 2109 excommunicatis
1939 2050 2014 2109 ab
2048 2048 2155 2109 ino
2188 2049 2342 2110 inter
2374 2066 2569 2111 cetera
2603 2068 2719 2111 nec
2749 2049 2815 2110 in
2845 2049 3060 2110 eadem
3093 2050 3279 2110 domo

678 2152 976 2213 debemus
1009 2171 1275 2214 manere.
1324 2186 1410 2195 —
1459 2174 1518 2220 7.
1564 2153 1756 2229 Quod
1792 2155 1877 2216 illi
1911 2155 2028 2216 soli
2058 2155 2198 2217 licet
2230 2176 2344 2237 pro
2376 2156 2676 2237 temporis
2708 2156 3063 2218 necessitate
3096 2175 3280 2217 novas

678 2259 842 2338 leges
889 2259 1176 2333 condere,
1224 2279 1418 2321 novas
1450 2260 1655 2341 plebes
1688 2280 2082 2344 congregare,
2130 2262 2205 2323 de
2239 2262 2533 2324 canonica
2567 2263 2871 2324 abbatiam
2903 2263 3118 2341 facere,
3163 2278 3219 2323 et
3249 2281 3279 2321 e

685 2380 899 2427 contra
950 2366 1198 2428 divitem
1247 2367 1674 2449 episcopatum
1719 2368 1989 2429 dividere
2035 2385 2093 2429 et
2136 2370 2357 2450 inopes
2401 2369 2599 2431 unire.
2647 2402 2735 2413 -—
2785 2371 2841 2431 8.
2892 2368 3086 2444 Quod
3116 2368 3280 2429 solus

683 2472 875 2553 possit
920 2472 1007 2533 uti
1053 2473 1475 2555 imperialibus
1520 2473 1820 2554 insigniis
1874 2509 1963 2519 -
2013 2497 2075 2554 9.
2125 2474 2318 2551 Quod
2365 2476 2561 2538 solius
2606 2495 2799 2557 papae
2847 2475 3034 2557 pedes
3065 2494 3281 2537 omnes

682 2579 986 2661 principes
1034 2580 1486 2642 deosculentur.
1533 2615 1621 2625 --
1680 2603 1773 2645 10.
1826 2582 2023 2659 Quod
2058 2582 2222 2644 illius
2254 2583 2448 2645 solius
2482 2602 2717 2644 nornen
2747 2582 2808 2644 in
2840 2581 3106 2643 ecclesiis
3136 2581 3281 2643 reci-

681 2703 860 2749 tetur.
914 2721 998 2731 -—
1062 2707 1156 2750 11.
1210 2687 1404 2764 Quod
1439 2689 1559 2750 hoc
1593 2689 1852 2753 unicum
1885 2705 1974 2753 est
2006 2710 2241 2752 nomen
2273 2689 2337 2752 in
2370 2691 2631 2753 mundo,
2680 2723 2768 2734 —-
2829 2708 2925 2751 12.
2978 2687 3171 2766 Quod
3204 2687 3283 2750 illi

683 2795 856 2855 liceat
889 2795 1287 2875 imperatores
1318 2796 1648 2877 deponere.
1692 2832 1781 2840 —
1838 2818 1930 2877 13.
1964 2798 2158 2873 Quod
2192 2798 2277 2859 illi
2308 2798 2484 2859 liceat
2517 2799 2593 2858 de
2626 2798 2770 2858 sede
2803 2796 2880 2857 ad
2910 2797 3142 2874 sedem,
3178 2815 3281 2882 ness

683 2902 958 2962 cessitate
1006 2916 1286 2981 cogente,
1335 2902 1660 2983 episcopos
1707 2918 2130 2964 transmutare.
2183 2938 2272 2947 -—
2333 2924 2426 2984 13.
2480 2903 2672 2979 Quod
2706 2903 2782 2963 de
2815 2903 2989 2963 omni
3020 2900 3286 2974 ecclesia,

685 3027 1087 3088 quocumque
1125 3008 1405 3085 voluerit,
1452 3008 1741 3071 clericum
1774 3010 1968 3071 valeat
1999 3010 2306 3073 ordinare.
2356 3043 2443 3054 -
2507 3031 2598 3090 15.
2650 3009 2844 3085 Quod
2875 3011 2951 3070 ab
2983 3008 3092 3069 illo
3126 3006 3286 3069 ordi-

687 3129 867 3176 natus
913 3114 1013 3175 alii
1059 3115 1345 3176 ecclesiae
1392 3134 1670 3196 praeesse
1718 3133 1937 3199 potest,
1984 3118 2091 3179 sed
2138 3137 2269 3179 non
2319 3117 2611 3190 militare;
2664 3133 2722 3177 et
2766 3116 2939 3198 quod
2972 3118 3048 3176 ab
3080 3115 3289 3194 aliquo

686 3222 982 3303 episcopo
1013 3241 1144 3284 non
1176 3222 1358 3283 debet
1386 3223 1772 3303 superiorem
1802 3225 2067 3305 gradum
2101 3227 2390 3307 accipere.
2423 3259 2510 3268 —
2556 3226 2645 3287 16.
2669 3223 2863 3301 Quod
2895 3223 3067 3284 nulla
3099 3241 3286 3304 syno-

685 3328 804 3390 dus
837 3332 1070 3409 absque
1103 3344 1427 3410 praecepto
1460 3330 1593 3392 eius
1627 3332 1806 3392 debet
1837 3332 2135 3410 generalis
2169 3332 2390 3392 vocari.
2424 3365 2511 3373 —
2558 3352 2647 3399 17.
2682 3329 2874 3405 Quod
2909 3329 3158 3390 nullum
3189 3348 3285 3389 ca-

689 3436 954 3518 pitulum
1001 3435 1337 3516 nullusque
1385 3436 1537 3497 liber
1584 3438 1920 3498 canonieus
1966 3440 2264 3500 habeatur
2310 3441 2543 3518 absque
2588 3437 2754 3499 illius
2783 3435 3159 3497 auctoritate.
3207 3468 3289 3480 —

700 3545 793 3605 18.
844 3542 1037 3620 Quod
1082 3543 1379 3604 sententia
1424 3544 1586 3604 illius
1631 3565 1665 3605 a
1712 3544 1889 3606 nullo
1936 3546 2151 3606 debeat
2197 3544 2520 3622 retractari,
2555 3561 2611 3605 et
2645 3545 2772 3625 ipse
2806 3542 3092 3605 omnium
3125 3542 3290 3604 solus

690 3668 1009 3731 retractare
1043 3652 1254 3733 possit.
1287 3686 1374 3694 —
1421 3673 1512 3731 19.
1552 3651 1744 3727 Quod
1778 3674 1812 3713 a
1847 3652 2100 3713 nemine
2133 3653 2261 3734 ipse
2294 3651 2547 3741 iudicari
2579 3652 2814 3713 debeat.
2843 3684 2930 3694 —
2966 3669 3066 3712 20.
3099 3649 3290 3726 Quod

691 3760 902 3820 nullus
936 3759 1157 3819 audeat
1189 3759 1607 3820 condemnare
1652 3759 2057 3840 apostolicam
2102 3760 2313 3820 sedem
2361 3758 2749 3839 apellantem.
2802 3790 2885 3800 --
2943 3778 3043 3818 21.
3099 3755 3289 3831 Quod

691 3866 955 3927 maiores
987 3885 1202 3927 causae
1236 3865 1686 3945 cuiuscumque
1720 3864 2009 3926 ecclesiae
2040 3864 2117 3924 ad
2150 3884 2287 3925 eam
2320 3864 2526 3925 referri
2559 3864 2837 3924 debeant.
2853 3883 2947 3905 ⁴—
2973 3882 3072 3924 22.
3100 3861 3289 3939 Quod

692 3974 974 4034 Romana
1020 3971 1269 4033 ecclesia
1321 3990 1670 4052 numquam
1716 3971 1934 4032 erravit
1979 3991 2091 4032 nec
2137 3971 2202 4032 in
2248 3986 2638 4051 perpetuum,
2688 3970 2984 4052 scriptura
3017 3984 3287 4041 testante,

693 4080 930 4141 errabit.
978 4113 1067 4121 —
1116 4099 1217 4160 23.
1254 4078 1447 4154 Quod
1482 4080 1807 4140 Romanus
1839 4077 2135 4159 pontifex,
2166 4077 2216 4137 si
2247 4077 2544 4139 canonice
2580 4077 2759 4139 fuerit
2792 4077 3131 4153 ordinatus,
3164 4095 3288 4136 me-

696 4187 823 4248 ritis
867 4187 1025 4246 beati
1058 4185 1214 4247 Petri
1260 4185 1674 4246 indubitanter
1720 4184 1981 4246 efficitur
2023 4201 2291 4263 sanctus,
2324 4199 2578 4245 testante
2611 4200 2822 4245 sancto
2855 4183 3151 4245 Ennodio
3184 4183 3290 4243 Pa-

696 4293 893 4374 piensi
925 4292 1236 4374 episcopO,
1271 4291 1325 4353 ei
1358 4291 1566 4353 multis
1597 4292 1820 4353 sanctis
1855 4291 2129 4372 patribus
2159 4290 2521 4367 faventibus,
2569 4291 2724 4350 sicut
2756 4290 2818 4351 in
2851 4288 3108 4351 decretis
3140 4286 3290 4350 beati

695 4398 986 4481 Symachi
1019 4418 1211 4479 papae
1245 4399 1611 4460 continetur.
1633 4432 1717 4442 —-
1745 4419 1844 4477 24.
1871 4398 2066 4474 Quod
2098 4398 2259 4460 illius
2293 4413 2618 4479 praecepto
2651 4413 2708 4458 et
2738 4396 2978 4458 licentia
3011 4394 3293 4457 subiectis

696 4505 868 4567 liceat
912 4525 1215 4568 accusare.
1261 4540 1348 4549 ——
1405 4526 1504 4585 25.
1560 4505 1753 4583 Quod
1798 4508 2033 4586 absque
2077 4505 2361 4587 synodali
2405 4520 2715 4566 conventu
2750 4503 2942 4584 possit
2973 4501 3291 4583 episcopos

699 4614 1012 4693 deponere
1057 4628 1117 4674 et
1162 4613 1569 4676 reconciliare.
1617 4647 1706 4657 —
1760 4615 1860 4675 26.
1911 4613 2104 4687 Quod
2152 4611 2485 4673 catholicus
2520 4630 2649 4671 non
2679 4612 2991 4688 habeatur,
3023 4608 3129 4689 qui
3165 4625 3292 4668 non

698 4721 1030 4782 concordat
1063 4720 1381 4781 Romanae
1412 4720 1719 4781 ecclesiae.
1748 4754 1825 4763 —
1855 4740 1953 4790 27.
1989 4718 2182 4794 Quod
2213 4740 2246 4780 a
2278 4718 2564 4780 fidelitate
2596 4717 2958 4799 iniquorum
2991 4715 3291 4777 subiectos

700 4843 897 4909 potest
928 4828 1259 4889 absolvere.
1324 4825 1379 4907 [l.
1414 4847 1463 4891 c.
1494 4828 1558 4889 Il.
1590 4848 1724 4909 pag.
1773 4824 2152 4906 174—176.]
