3684 5416
673 367 781 419 600
1855 364 2116 435 Capituli.

675 569 775 609 sae
812 549 993 629 partis
1014 548 1128 609 fuit
1148 548 1526 609 sufficienter
1547 567 1886 626 ostensum,
1912 551 2084 629 quod
2109 551 2170 610 in
2195 552 2376 611 trium
2400 551 2834 631 episcoporum
2857 551 3276 620 electionibus

679 658 753 716 de
805 657 1034 736 quibus
1083 656 1487 737 praemissum
1523 672 1630 732 est,
1663 656 1863 718 clerici
1899 675 2243 736 praesentes
2277 658 2582 718 adfuerint
2616 673 2674 717 et
2710 677 2923 718 vocem
2959 659 3284 719 habuerint

676 763 963 843 eligendi,
1013 763 1408 843 praemissam
1457 763 1817 823 electionem
1856 764 2074 825 factam
2110 764 2195 824 eis
2231 764 2793 825 contradicentibus
2828 780 2885 824 et
2919 765 3178 826 exclusis
3212 767 3286 825 de

654 873 939 946 fratrum
989 877 1334 930 nostrorum
1381 871 1640 931 consilio
1687 872 2073 933 decrevimus
2132 871 2503 948 irritandam,
2551 871 2805 933 clericos
2865 892 3047 953 saepe
3093 873 3287 933 dictos

596 1013 619 1056 5
678 976 740 1036 in
790 997 923 1037 eam
970 978 1146 1056 quasi
1199 978 1679 1058 possessionem,
1724 998 1914 1058 quam
1966 996 2103 1040 ante
2152 981 2631 1039 controversiam
2665 995 2898 1039 motam
2935 981 3289 1047 habuerant,

675 1084 1053 1145 reducentes,
1089 1085 1321 1144 Verum
1354 1085 1654 1165 quoniam
1687 1085 1750 1145 in
1786 1088 2150 1166 quaestione
2183 1087 2489 1167 praedicta
2524 1086 2823 1166 quicquid
2861 1087 3008 1146 iuris
3029 1103 3288 1166 utraque

676 1210 813 1270 pars
862 1191 925 1251 in
974 1192 1270 1252 electione
1320 1192 1578 1251 habebat
1626 1192 1965 1254 deductum
1999 1194 2066 1254 in
2097 1194 2400 1254 iudicium
2434 1194 2773 1271 videbatur,
2808 1212 3005 1273 quum
3038 1194 3169 1253 iure
3206 1194 3290 1253 ci·

674 1298 775 1358 vili
821 1298 897 1358 sit
941 1315 1211 1371 cautum,
1258 1298 1321 1359 id
1365 1298 1572 1358 venire
1621 1300 1681 1360 in
1736 1300 2056 1375 iudicium,
2102 1320 2232 1361 non
2282 1301 2488 1361 solum
2523 1302 2598 1361 de
2645 1320 2775 1380 quo
2821 1316 3024 1361 actum
3080 1315 3189 1376 est,
3229 1316 3291 1360 ut

678 1407 931 1477 veniret,
964 1407 1070 1465 sed
1104 1406 1165 1466 id
1203 1426 1332 1467 non
1368 1408 1594 1485 venire,
1631 1409 1706 1468 de
1739 1429 1871 1488 quo
1907 1409 2276 1470 nominatim
2312 1427 2516 1471 actum
2552 1427 2658 1481 est,
2707 1429 2782 1468 ne
2816 1408 3069 1482 veniret,
3105 1423 3164 1466 et
3197 1426 3292 1467 se·

575 1544 623 1576 ιο
678 1513 959 1573 cundum
1005 1529 1224 1574 statuta
1272 1514 1566 1575 canonica
1615 1517 1946 1577 electiones
1994 1517 2429 1598 episcoporum
2482 1518 2556 1578 ad
2605 1515 3048 1577 cathedralium
3096 1514 3291 1573 eccle-

675 1620 907 1680 siarum
941 1619 1192 1681 clericos
1225 1622 1578 1700 regulariter
1611 1623 1914 1703 pertinere
1952 1641 2310 1701 noscantur,
2332 1625 2444 1684 nisi
2460 1628 2637 1702 sorte
2658 1624 2796 1683 alibi
2818 1642 2997 1682 secus
3020 1620 3294 1681 obtineat

674 1728 751 1787 de
786 1727 1234 1788 consuetudine
1267 1728 1535 1808 speciali,
1568 1750 1679 1790 nec
1713 1751 1785 1790 ex
1818 1750 1914 1806 e0,
1947 1733 2121 1811 quod
2157 1732 2353 1792 clerici
2389 1731 2675 1791 antedicti
2708 1751 2772 1790 se
2807 1730 2965 1789 inter
2997 1728 3294 1808 eligentes

677 1835 959 1895 Sutrinos
1005 1834 1329 1914 episcopos
1376 1838 1794 1916 probaverunt
1829 1839 2003 1898 tertio
2036 1839 2348 1913 exstitisse,
2382 1838 2477 1898 ius
2510 1837 2776 1915 eligendi
2813 1851 3061 1916 propter
3094 1836 3297 1894 brevi-

675 1959 855 2002 tatem
893 1943 1185 2023 temporis
1221 1962 1420 2021 usque
1454 1943 1529 2002 ad
1566 1944 2109 2024 praescriptionem
2130 1945 2460 2022 legitimam
2486 1963 2614 2004 non
2638 1942 2919 2023 producti
2941 1942 3051 2003 sibi
3075 1940 3291 2020 acqui-

573 2082 620 2125 ¹5
677 2068 806 2109 rere
851 2057 1205 2129 potuerunt,
1256 2064 1313 2108 et
1359 2064 1559 2109 actore
1605 2070 1733 2110 non
1782 2053 2097 2130 probante,
2130 2052 2235 2130 qui
2273 2050 2655 2126 convenitur,
2702 2050 2809 2109 etsi
2847 2049 3000 2108 nihil
3035 2048 3290 2129 praesti·

675 2155 828 2231 terit,
875 2157 1195 2231 obtinebit,
1242 2158 1316 2216 ab
1363 2175 1583 2216 eorum
1631 2157 2012 2237 impetitione
2047 2178 2233 2239 super
2265 2159 2666 2219 electionibus
2702 2157 2996 2217 faciendis
3029 2177 3140 2217 vos
3175 2157 3295 2217 du-

677 2262 878 2323 ximus
923 2264 1353 2339 absolvendOS,
1402 2264 1766 2344 saepedictis
1813 2266 2208 2326 ecclesiarum
2258 2266 2490 2327 clericis
2537 2286 2721 2345 super
2766 2265 2888 2325 hoc
2923 2281 3294 2343 perpetuum

678 2369 991 2429 silentium
1029 2370 1439 2450 imponentes
1505 2369 1709 2449 [Nulli
1736 2393 1881 2451 ergo
1915 2380 2022 2432 etc.
2066 2372 2215 2432 Dat.
2249 2374 2376 2433 Lat.
2434 2373 2559 2434 VII.
2594 2372 2769 2433 Febr.
2826 2368 3030 2449 1200].

678 2594 737 2664 c)
792 2594 1292 2649 Innocentius
1333 2596 1444 2650 111.
1501 2596 2121 2668 Archiepiscopo
2179 2610 2246 2651 et
2289 2597 2854 2652 Archidiacono
2895 2598 3288 2650 Senonen-

569 2704 622 2737 20
1047 2676 1288 2748 sibuS,
1327 2677 1397 2732 in
1438 2694 1485 2733 c.
1535 2695 1609 2750 19.
1652 2678 1718 2732 X.
1758 2680 1825 2732 de
1855 2680 2184 2750 praebendis
2220 2684 2276 2732 et
2308 2680 2686 2748 dignitatibus,
2728 2678 2813 2733 ΙΙΙ.
2857 2697 2904 2749 5,

891 2856 917 2883 ⁶
950 2857 1105 2926 Corp.
1130 2860 1233 2910 iur.
1256 2875 1375 2915 can.
1400 2857 1486 2911 ed.
1517 2856 1679 2911 Frie
1698 2857 1732 2908 d
1752 2859 1785 2911 b
1807 2874 1836 2910 e
1856 2875 1948 2928 rg.
1980 2858 2132 2911 T.11.
2163 2857 2269 2911 col.
2295 2875 2604 2928 471—472.
2646 2858 2686 2910 Ρ
2708 2874 2743 2911 o
2763 2870 2818 2910 tt
2841 2856 2878 2910 h
2897 2876 2926 2909 a
2946 2875 2970 2910 s
2990 2869 3025 2908 t.
3055 2873 3107 2908 n.
3133 2872 3293 2925 2754·

676 3032 928 3102 Recepto
958 3031 1013 3085 in
1043 3033 1404 3096 canonicum,
1448 3052 1623 3104 quam
1651 3033 1763 3088 cito
1793 3034 2035 3088 facultas
2065 3053 2124 3089 se
2154 3035 2442 3100 obtulerit,
2472 3036 2717 3089 debetur
2741 3033 3089 3105 praebenda,
3118 3044 3172 3085 ct
3203 3031 3291 3084 in-

1338 3113 1497 3168 terim
1528 3114 1758 3168 habebit
1786 3115 2152 3186 quotidianas
2182 3116 2627 3170 distributiones,

892 3224 1169 3285 Dilectus
1204 3225 1363 3286 filius
1396 3227 1469 3287 T.
1504 3227 1840 3288 canonicus
1875 3229 2305 3289 Linconiensis
2340 3232 2403 3288 in
2438 3235 2647 3288 nostra
2667 3229 3025 3307 praesentia
3058 3230 3297 3285 consti-

572 3364 623 3406 25
680 3339 842 3393 tutus
876 3333 1217 3413 proposuit,
1254 3334 1445 3414 quod,
1483 3355 1680 3414 quum
1717 3336 1793 3395 de
1829 3337 2121 3396 mandato
2156 3335 2345 3395 bonae
2377 3337 2702 3394 memoriae
2724 3334 2795 3394 C.
2816 3334 3012 3411 Papae
3037 3333 3292 3412 praede-

680 3440 934 3500 cessoris
982 3440 1175 3501 nostri
1221 3439 1302 3501 G.
1334 3442 1637 3520 quondam
1672 3442 2098 3502 Linconiensis
2146 3444 2474 3524 episcopus
2529 3443 2844 3523 quandam
2879 3440 3295 3520 praebendam

679 3548 1008 3628 assignavit
1043 3549 1241 3608 eidem
1281 3550 1342 3609 in
1377 3549 1627 3609 ecclesia
1662 3549 2080 3626 Linconiensi,
2114 3556 2172 3608 et
2202 3552 2406 3610 eadem
2443 3552 2569 3611 sibi
2575 3561 2692 3631 per
2699 3551 3089 3631 praedictum
3101 3558 3296 3629 prae-

681 3658 1051 3717 decessorem
1101 3664 1372 3717 uostrum
1400 3659 1612 3735 fuerit
1654 3659 2049 3735 confirmata,
2098 3659 2239 3738 quia
2286 3660 2627 3738 capitulum
2662 3659 3045 3737 Lingonense
3090 3656 3294 3735 ipsum

681 3764 755 3823 ad
806 3764 1063 3823 eandem
1087 3765 1502 3844 praebendam
1538 3764 1805 3846 recipere
1840 3769 2294 3838 contemnebat,
2330 3766 2370 3842 †
2403 3766 2620 3826 dilecti
2625 3766 2778 3843 filii
2808 3763 3297 3824 Clarevallensis

570 3899 626 3944 30
681 3879 741 3931 et
787 3872 1133 3951 Longivadi
1179 3871 1423 3932 abbates
1470 3876 1836 3933 auctoritate
1882 3870 2267 3954 [praedicti]
2298 3874 2801 3954 praedecessoris
2844 3875 3066 3945 nostri,
3112 3892 3294 3951 quum

678 3981 873 4040 nollet
898 3981 1284 4060 aliquatenus
1318 4002 1354 4040 a
1386 3983 1870 4041 contradictione
1903 4002 2165 4053 cessare,
2199 3984 2396 4061 ipsum
2420 3987 2867 4062 supposuerunt
2883 3980 3295 4040 ecclesiastico

678 4090 1025 4149 interdicto,
1057 4088 1451 4148 Postmodum
1486 4095 1684 4147 autem
1720 4090 1805 4147 ad
1822 4092 2238 4169 praesentiam
2274 4096 2545 4149 nostram
2580 4091 2894 4162 accedens,
2927 4089 3012 4148 ad
3041 4089 3294 4148 dilectos

658 4197 847 4269 filios
881 4195 1343 4255 Melundeusetn
1392 4202 1452 4255 et
1484 4196 2000 4274 Quinciacensem
2035 4196 2286 4256 abbates
2319 4197 2589 4256 obtinuit
2615 4198 2851 4276 scripta
2883 4201 3110 4255 nostra.
3173 4195 3299 4254 Sed

681 4321 861 4380 quum
902 4310 1019 4380 per
1064 4321 1161 4359 eos
1209 4320 1381 4361 suam
1430 4322 1549 4361 non
1582 4303 1896 4382 potuisset
1924 4305 2224 4362 iustitiam
2258 4303 2554 4375 obtinere,
2589 4322 2700 4361 nos
2733 4300 3295 4378 venerabilifratri

572 4433 623 4478 35
682 4414 889 4466 nostro
936 4407 1226 4467 Remensi
1269 4408 1751 4488 arclziepiscopO,
1799 4410 1857 4468 S.
1891 4409 2205 4470 Romanae
2250 4409 2541 4468 ecclesiae
2588 4408 2923 4479 cardinali,
2972 4414 3115 4467 tunc
3159 4409 3291 4487 epi-

681 4523 860 4592 scopo
894 4513 1313 4586 PraenestinO,
1360 4514 1729 4594 apostolicae
1773 4516 1938 4574 sedis
1973 4516 2197 4592 legam,
2231 4518 2394 4575 sicut
2424 4518 2672 4587 asserit,
2706 4515 2985 4573 dedimus
3021 4516 3083 4572 in
3117 4533 3292 4572 man-

681 4622 871 4694 datis,
923 4627 991 4679 ut
1020 4621 1410 4701 praedictam
1462 4622 1784 4681 interdicti
1810 4623 2198 4695 seutentiam,
2232 4624 2396 4682 sicut
2424 4621 3120 4696 rationabilt'terfuerat
3134 4629 3292 4701 pro-

682 4729 977 4808 mulgata,
1005 4730 1256 4806 faceret
1297 4728 1706 4809 appellatione
1736 4732 2087 4809 postposita
2115 4731 2406 4808 firmiter
2449 4727 2778 4788 observari.
2860 4725 3076 4785 Verum
3110 4746 3290 4805 quum

684 4836 841 4893 idem
889 4835 1387 4917 archiepiscopus
1432 4839 1741 4914 negotium
1776 4842 2173 4915 prorogaret,
2207 4843 2267 4896 ct
2296 4836 2454 4895 idem
2475 4841 2624 4916 post
2652 4833 2892 4893 labores
2924 4832 3293 4913 multiplices

573 4967 626 5008 40
664 4945 810 5021 sere
856 4945 926 5001 de
963 4946 1367 5022 promovendo
1402 4947 1531 5024 ipso
1564 4945 1805 5022 negotio
1839 4944 2242 5022 desperasset,
2277 4944 2568 5018 deficiens
2603 4945 2666 5003 in
2703 4944 3005 5023 expensi'S,
3069 4941 3168 5003 Ad
3202 4941 3291 4999 in-
