3684 5416
577 1368 626 1400 to

583 1908 629 1952 ¹5

578 2442 632 2474 20

580 2975 631 3017 ²5

584 3509 638 3553 30

548 4043 638 4090 -35

684 322 780 376 ¹94
1301 306 1566 360 Potestas
1605 303 1984 359 ecclesiastica
2025 318 2082 359 et
2119 304 2424 376 imperium
2465 305 2641 360 civile.

675 483 749 539 Fi
765 501 795 539 c
811 484 850 537 k
866 501 896 538 e
914 502 940 536 r
958 525 971 545 ,
1024 487 1127 539 Die
1170 485 1499 555 gesetzlichc
1535 484 1892 554 Einfie’hrung
1927 485 2029 538 der
2078 483 2426 554 Todesstrafe
2443 485 2565 555 fiir
2601 487 2853 558 Ketzerei
2883 485 2939 541 in
2966 485 3148 541 Mittlt.
3166 486 3280 554 fiir

674 570 871 620 &stem
897 564 1619 634 Geschtkhtsforschungen.
1649 564 1718 619 T.
1747 564 1784 619 1.
1814 581 1869 635 p.
1905 581 2019 636 192.
2074 565 2121 618 K
2140 568 2177 619 ὃ
2195 564 2312 618 hle
2330 582 2386 626 r,
2426 567 2547 619 Das
2584 566 2890 621 Verhciltm's
2916 565 3191 621 Friedrich
3217 566 3277 617 II.

672 663 738 718 {u
774 646 878 700 den
916 645 1148 718 Pdpsten
1187 648 1366 700 seiner
1401 648 1519 700 Zeit
1562 645 1618 700 in
1658 644 2056 714 GierckeS,
2117 646 2606 715 Untersuchungen
2655 664 2755 717 zur
2804 647 2948 701 deut.
2986 648 3195 700 Staats-
3231 664 3278 697 u.

673 727 1196 798 Rechtsgesche'chte.
1237 728 1381 798 Heft
1402 744 1484 796 24.
1526 727 1762 782 Breslau
1810 725 1961 782 1888.
2039 724 2365 790 Ruftini,
2403 729 2479 781 La
2517 727 2712 781 libertd
2738 730 3014 798 religiosa.
3050 728 3219 783 Torn.
3244 726 3279 780 1.

675 824 804 878 pag.
840 826 1071 881 43—44.
1141 808 1432 871 Tocco‚
1490 810 1738 862 L'eresia
1777 810 1869 861 nel
1902 808 2083 861 Medio
2109 809 2229 861 Evo.
2269 806 2499 862 Firenze
2551 805 2703 863 1881.
2755 807 3071 871 Pertile‚
3109 809 3277 862 Storia

673 889 764 1020 {iel
783 889 971 1033 dirgto
984 891 1234 1021 c13'taliano.
1274 887 1447 941 Tom.
1479 887 1561 940 ΙΙΙ.
1602 889 1636 955 ξ
1674 905 1792 950 too,
1821 905 1875 958 p.
1906 905 2010 959 2¹9
2036 905 2154 960 seq.
2222 887 2581 950 Salvioli,
2620 891 2802 944 Storia
2839 891 2930 944 del
2963 890 3148 944 diritto
3181 891 3280 944 ita-

695 983 834 1020 umo.
877 1017 890 1035 ,
958 983 973 1020 t
1023 985 1069 1039 3.

889 1114 1234 1176 Fridericus
1269 1116 1381 1177 Dei
1420 1116 1612 1196 gratia
1643 1117 2078 1178 Romanorum
2112 1117 2445 1200 imperator
2476 1134 2534 1178 et
2564 1136 2807 1197 semper
2838 1131 3138 1194 augustus
3168 1115 3279 1175 du-

677 1225 868 1299 cibus,
912 1223 1401 1300 marchionibus,
1445 1226 1773 1289 comitibus
1817 1227 2179 1307 cunctisque
2225 1226 2492 1309 populis,
2536 1246 2699 1306 quos
2730 1224 3052 1286 clementie
3086 1238 3281 1284 nostre

678 1332 832 1409 regit
864 1331 1214 1412 imperium,
1245 1329 1509 1393 salutem
1540 1349 1600 1394 et
1630 1333 1907 1414 gratiam.

893 1439 961 1501 ln
994 1439 1112 1514 die,
1158 1460 1282 1520 qua
1315 1440 1392 1501 de
1426 1459 1620 1502 manu
1651 1440 2043 1504 sacratissimi
2075 1441 2260 1523 patris
2292 1441 2482 1504 nostri
2517 1440 2749 1503 summi
2786 1438 3093 1521 pontificis
3127 1457 3286 1499 rece-

681 1547 887 1628 pimus
935 1546 1174 1627 imperii
1222 1546 1526 1621 diadema,
1575 1547 1931 1611 curavimus
1979 1549 2054 1610 ad
2091 1549 2203 1609 Dei
2251 1564 2310 1609 et
2340 1548 2596 1610 ecclesie
2628 1568 2739 1609 sue
2771 1547 3081 1609 honorem
3114 1545 3288 1607 edere

683 1655 984 1736 quasdam
1030 1654 1212 1737 leges,
1259 1675 1415 1736 quas
1446 1655 1710 1738 presenti
1743 1656 1967 1738 pagine
1998 1656 2291 1718 iussimus
2322 1656 2604 1718 annotari
2637 1675 2745 1738 per
2775 1669 2976 1716 totum
3009 1668 3287 1714 nostrum

684 1763 1012 1845 imperium
1044 1762 1470 1845 publicandas,
1517 1781 1626 1845 per
1654 1762 1994 1846 imperialia
2025 1764 2201 1825 vobis
2232 1763 2451 1845 scripta
2485 1761 2883 1845 precipiendo
2915 1761 3292 1835 mandantes,

686 1871 978 1953 quatinus
1022 1889 1123 1932 eas
1170 1870 1440 1951 quisque
1475 1869 1536 1931 in
1567 1889 1686 1932 suo
1719 1870 1994 1932 districtu
2028 1868 2515 1949 irrefragabiliter
2546 1885 2604 1931 et
2635 1869 3000 1931 inconcusse
3030 1866 3278 1928 servetis

687 1978 845 2040 Sunt
875 1992 1083 2039 autem
1114 1977 1228 2038 hee
1260 1976 1457 2056 leges:

899 2094 929 2155 s
961 2106 1009 2146 1.
1042 2084 1141 2144 Ad
1172 2084 1361 2145 decus
1395 2100 1452 2144 et
1484 2084 1772 2145 decorem
1803 2084 2040 2167 imperii
2063 2101 2120 2146 et
2139 2084 2214 2145 ad
2236 2085 2485 2145 laudem
2509 2084 2776 2145 Romani
2797 2083 3085 2165 principis
3106 2081 3295 2143 nichil

688 2193 882 2272 magis
912 2192 1153 2252 videtur
1181 2191 1489 2269 accedere,
1525 2210 1713 2270 quam
1748 2207 1836 2268 ut,
1870 2190 2218 2272 expurgatis
2238 2192 2638 2271 quorundam
2658 2191 2965 2252 erroribus
2984 2206 3042 2251 et
3062 2188 3294 2269 iniquis

685 2299 1083 2382 quorundam
1133 2297 1370 2360 statutis
1416 2295 1663 2379 penitus
1709 2298 2030 2374 destitutis,
2079 2300 2155 2359 de
2200 2315 2401 2360 cetero
2448 2297 2698 2359 ecclesia
2732 2298 2846 2359 Dei
2879 2298 3060 2380 plena
3090 2296 3295 2378 quiete

686 2410 882 2492 vigeat
913 2424 972 2469 et
1003 2425 1216 2468 secura
1249 2405 1512 2485 gaudeat
1544 2404 1834 2469 libertate.
1896 2404 2055 2468 Sane
2087 2407 2244 2469 adeo
2277 2406 2622 2468 infidelium
2655 2407 3056 2487 quorundam
3078 2420 3138 2466 et
3156 2422 3293 2486 per-

687 2536 1005 2579 versorum
1052 2513 1345 2595 iniquitas
1390 2512 1789 2589 habundavit,
1836 2530 1903 2574 ut
1950 2532 2078 2575 non
2124 2514 2408 2575 dubitent
2437 2530 2649 2575 contra
2681 2513 3087 2596 apostolicam
3118 2511 3299 2573 disci-

686 2625 916 2708 plinam
950 2640 1008 2685 et
1038 2641 1243 2685 sacros
1275 2640 1546 2683 canones
1576 2642 1685 2682 sua
1718 2635 1940 2682 statuta
1972 2621 2330 2698 confingere
2363 2621 2655 2682 adversus
2688 2619 3125 2685 ecclesiasticas
3161 2637 3297 2699 per-

686 2754 872 2797 sonas
917 2747 977 2793 et
1019 2730 1268 2792 ecclesie
1315 2730 1669 2791 libertatem.
1753 2728 1923 2790 Cum
1968 2747 2117 2808 ergo
2163 2727 2432 2803 ecclesia,
2476 2747 2603 2808 que
2647 2727 2835 2788 nichil
2881 2728 3061 2788 debet
3104 2739 3300 2806 preter

686 2844 928 2902 bonum
961 2854 1263 2920 appetere,
1295 2836 1695 2918 dispositione
1727 2835 1937 2897 divina
1970 2834 2224 2896 faciente
2260 2834 2449 2895 nichil
2479 2833 2624 2896 velit
2654 2834 2828 2915 quod
2866 2834 3045 2895 nobis
3077 2833 3297 2893 eodem

687 2966 994 3010 concursu
1041 2946 1431 3007 voluntatum
1478 2962 1609 3004 non
1655 2944 1907 3025 placeat,
1957 2962 2072 3004 nos
2106 2942 2451 3004 Fridericus
2485 2942 2599 3004 Dei
2644 2943 2834 3023 gratia
2869 2943 3297 3004 Romanorum

687 3055 1019 3138 imperator
1050 3067 1110 3113 et
1141 3070 1380 3131 semper
1410 3065 1713 3130 augustus
1747 3051 1861 3111 hac
1892 3048 2131 3111 edictali
2163 3048 2298 3129 lege
2333 3048 2635 3110 irritamus
2666 3066 2724 3109 et
2746 3048 3118 3131 precipimus
3138 3046 3298 3107 irrita

690 3160 957 3224 nuntiari
1003 3159 1216 3220 omnia
1260 3172 1480 3220 statuta
1528 3173 1585 3217 et
1630 3156 2135 3232 consuetudines,
2179 3175 2302 3237 que
2348 3154 2616 3217 civitates
2648 3157 2741 3217 vel
2773 3156 2926 3233 loca,
2960 3171 3299 3237 potestates,

689 3267 980 3330 consules
1009 3266 1102 3326 vel
1137 3283 1514 3345 quecunque
1546 3263 1658 3324 alie
1692 3282 1991 3345 personae
2024 3279 2234 3325 contra
2267 3264 2566 3325 libertates
2613 3266 2862 3326 ecclesie
2897 3285 2965 3326 ac
3003 3282 3299 3346 personas

691 3374 1119 3437 ecclesiasticas
1151 3373 1330 3433 edere
1366 3371 1462 3432 vel
1492 3390 1729 3431 servare
1764 3387 2140 3451 temptarunt
2171 3372 2467 3433 adversus
2499 3372 2826 3435 canonicas
2845 3373 2940 3434 vel
2960 3372 3302 3455 imperiales

690 3483 1055 3560 sanctiones,
1101 3495 1159 3541 et
1203 3500 1274 3540 ea
1320 3479 1396 3540 de
1442 3478 1877 3560 capitularibus
1923 3478 2050 3540 suis
2097 3480 2471 3541 mandamus
2518 3478 2673 3541 infra
2701 3481 2861 3542 duos
2892 3500 3133 3543 menses
3165 3496 3302 3561 post
3372 3512 3375 3513 ν

690 3589 1050 3653 huiusmodi
1096 3586 1578 3670 publicationem
1625 3585 1806 3647 edicti
1854 3586 2100 3665 penitus
2133 3585 2397 3659 aboleri;
2448 3601 2505 3645 et
2537 3585 2587 3646 si
2621 3586 2698 3646 de
2731 3602 2933 3649 cetero
2964 3586 3181 3648 similia
3213 3602 3301 3647 at-

692 3696 1132 3780 temptaverint,
1180 3694 1314 3776 ipso
1365 3695 1498 3755 iure
1545 3693 1939 3754 decernimus
1984 3710 2115 3753 esse
2162 3691 2333 3753 nulla
2379 3707 2436 3751 et
2469 3711 2578 3752 eos
2612 3712 2724 3754 sua
2758 3692 3144 3754 iurisditione
3177 3692 3298 3774 pri-

691 3822 882 3883 vatOS,
934 3821 1182 3864 necnon
1231 3801 1444 3862 locum
1496 3800 1604 3862 ubi
1655 3799 1944 3881 deinceps
1993 3798 2133 3859 talia
2184 3814 2537 3879 presumpta
2590 3797 2820 3860 fuerint
2871 3802 3083 3861 banno
3136 3798 3300 3859 mille

693 3928 1039 3972 marcarum
1084 3907 1458 3990 precipimus
1502 3907 1832 3968 subiacere.
1897 3906 2226 3967 potestates
2271 3924 2437 3983 vero,
2470 3905 2770 3979 consules,
2802 3923 3083 3983 rectores,
3116 3922 3301 3967 statu-

692 4017 823 4078 tarii
855 4031 914 4076 et
947 4014 1271 4095 scriptores
1303 4015 1609 4075 dictorum
1656 4027 2028 4074 statutorum
2063 4031 2312 4073 necnon
2345 4011 2679 4073 consiliarii
2710 4011 2995 4072 locorum
3026 4012 3301 4093 ipsorum

695 4139 754 4184 et
784 4122 894 4203 qui
926 4122 1276 4183 secundum
1307 4136 1529 4181 statuta
1562 4118 1658 4179 vel
1691 4119 2177 4182 consuetudines
2217 4134 2586 4179 memoratas
2621 4118 3023 4180 iudicaverint
3051 4120 3171 4180 sint
3202 4141 3303 4180 ex-

693 4247 842 4294 tunc
873 4231 1010 4314 ipso
1042 4230 1174 4291 iure
1206 4229 1500 4302 infames3
1536 4247 1806 4309 quorum
1846 4229 2177 4291 sententias
2208 4244 2265 4289 et
2296 4243 2469 4289 actus
2488 4227 2634 4289 alias
2650 4227 2959 4307 legitimos
2980 4231 3302 4291 statuimus

695 4340 1085 4419 aliquatenus
1137 4356 1269 4397 non
1319 4352 1544 4397 tenere.
1626 4335 1755 4410 Qui
1806 4336 1857 4396 si
1908 4356 2016 4418 per
2067 4355 2301 4397 annum
2354 4335 2541 4396 huius
2600 4351 2806 4396 nostre
2854 4335 3303 4398 constitutionis

696 4447 925 4508 inventi
976 4445 1205 4508 fuerint
1254 4458 1728 4524 contemptores,
1781 4446 1945 4504 bona
1994 4463 2211 4504 eorum
2262 4463 2372 4524 per
2415 4457 2614 4504 totum
2665 4460 2943 4504 nostrum
2977 4444 3302 4526 imperium

697 4555 1066 4616 mandamus
1116 4552 1372 4633 impune
1424 4553 1499 4611 ab
1551 4551 1844 4612 omnibus
1895 4550 2204 4632 occupari,
2258 4550 2435 4612 salvis
2482 4549 2923 4611 nichilominus
2971 4551 3101 4614 aliis
3133 4550 3304 4633 penis

698 4677 907 4724 contra
941 4659 1086 4721 tales
1117 4659 1181 4720 in
1213 4659 1484 4739 generali
1517 4659 1782 4720 concilio
1815 4658 2239 4740 promulgatis.

910 4779 939 4841 s
978 4790 1031 4832 2.
1077 4769 1225 4829 Item
1260 4767 1427 4829 nulla
1462 4766 1874 4829 communitas
1906 4767 2001 4828 vel
2034 4785 2313 4848 persona,
2347 4767 2588 4849 publica
2621 4767 2716 4827 vel
2748 4767 2994 4849 privata,
3026 4767 3305 4829 collectas

699 4878 822 4938 sive
856 4876 1217 4953 exactiones,
1251 4874 1528 4954 angarias
1561 4872 1656 4934 vel
1689 4873 2080 4955 parangarias
2111 4873 2377 4935 ecclesiis
2410 4874 2665 4954 aliisque
2689 4874 2802 4956 piis
2823 4874 2973 4935 locis
2993 4890 3096 4934 aut
3117 4875 3305 4935 eccle-
