3684 5416
383 1581 434 1612 (Ο

384 2115 430 2157 ¹5

379 2916 434 2947 ‘20

381 3385 431 3427 ²5

380 3918 435 3962 30

380 4448 431 4492 35

489 487 538 492 —
1636 410 1959 465 OrdinatIO.
3001 429 3099 494 373

488 595 693 671 iaceat,
729 610 787 654 et
820 593 1032 654 nullus
1066 593 1504 675 episcoporum
1537 594 1712 655 illum
1747 611 2097 675 praesumat
2117 594 2457 672 absoluere,
2478 595 2592 656 nisi
2615 595 2827 656 mortis
2847 610 3100 674 urgente

491 699 784 782 pericu10‚
847 701 1048 761 donec
1110 700 1450 781 apostolico
1512 701 1869 782 conspectui
1922 716 2360 782 praesentetur,
2423 718 2481 763 et
2544 701 2675 762 eius
2737 701 3099 762 mandatum

486 807 791 888 suscipiat.

700 913 791 974 111.
828 914 991 975 Pars.
1039 914 1310 977 Gratian.
1373 914 1514 994 Qui
1547 921 1742 975 autem
1777 916 1851 975 de
1883 916 2141 976 ecclesia
2173 920 2243 976 ui
2270 915 2534 996 aliquem
2567 916 2873 988 exemerit,
2906 913 3011 974 uel
3037 915 3099 973 in

489 1026 622 1103 ipsa
654 1006 936 1096 ecclesia,
959 1022 1064 1082 uel
1088 1022 1243 1096 loco,
1277 1022 1381 1083 uel
1404 1021 1624 1095 cultui,
1656 1022 2102 1097 sacerdotibus,
2133 1029 2193 1081 et
2218 1024 2527 1082 ministris
2560 1021 2806 1102 aliquid
2833 1022 3103 1081 iniuriae

487 1129 929 1209 importaverit,
976 1128 1062 1187 ad
1103 1130 1304 1187 instar
1331 1127 1585 1210 publici
1627 1130 1916 1187 criminis
1947 1134 2008 1187 et
2036 1128 2200 1187 lesae
2230 1129 2571 1189 maiestatis
2602 1127 3016 1200 accusabitur,
3050 1132 3109 1185 et

488 1238 824 1310 conuictus,
856 1237 989 1295 siue
1021 1236 1357 1313 consessus,
1388 1233 1648 1315 capitali
1674 1237 1974 1294 sententia
2008 1257 2044 1294 a
2077 1235 2417 1295 rectoribus
2425 1236 2795 1316 prouinciae
2806 1236 3102 1312 ferietur,

486 1343 648 1400 sicut
688 1343 752 1400 in
784 1344 999 1423 primo
1045 1339 1206 1401 libro
1240 1339 1497 1402 Codicis
1529 1340 1780 1421 legitur,
1826 1340 2006 1402 titulo
2039 1342 2112 1401 de
2142 1343 2443 1423 episcopis
2474 1347 2534 1400 et
2560 1339 2806 1401 clericis
2841 1346 2901 1400 ct
2929 1339 3061 1419 lege
3079 1362 3103 1398 .·

494 1448 610 1506 «Si
638 1451 775 1527 quis
811 1450 874 1508 in
908 1446 1022 1508 boc
1042 1468 1243 1528 genus
1276 1445 1601 1528 sacrilegii
1611 1450 2047 1531 proruperit»,
2079 1455 2139 1508 et
2168 1449 2232 1509 in
2266 1447 2552 1527 Digestis
2587 1445 2740 1507 titul.
2786 1447 2892 1507 Ad
2906 1446 3099 1527 legem

488 1554 712 1614 Iuliam
734 1557 1148 1635 pecuniarum
1182 1554 1679 1636 repetundarum,
1712 1554 1752 1615 l.
1785 1554 2022 1615 ultima.
2094 1563 2123 1624 S
2168 1575 2216 1615 1.
2266 1552 2654 1615 Conmitlunt
2682 1554 2863 1613 etiam
2896 1554 3101 1612 sacri-

491 1662 716 1741 legium
765 1662 876 1741 qui
917 1668 1133 1722 contra
1178 1661 1429 1721 diuinae
1474 1661 1631 1740 legis
1679 1663 2060 1721 sanctitatem
2094 1668 2204 1721 aut
2231 1661 2555 1721 nesciendo
2588 1661 2967 1733 conmittunt,
3000 1665 3106 1719 aut

489 1768 854 1848 negligendo
909 1767 1150 1829 uiolant
1193 1774 1253 1827 et
1297 1767 1658 1850 oſj‘endunt;
1721 1773 1832 1827 aut
1877 1770 1988 1847 qui
2030 1767 2103 1827 de
2117 1766 2478 1850 principali
2504 1767 2734 1827 iudicio
2766 1766 3101 1846 disputant,

488 1874 858 1949 dubitantes,
892 1896 970 1934 an
1006 1876 1091 1935 iis
1125 1875 1353 1954 dignus
1384 1876 1488 1947 sit,
1521 1894 1693 1953 quem
1711 1875 2016 1954 princeps
2048 1872 2344 1953 elegerit,·
2374 1873 2479 1933 uel
2505 1874 2617 1953 qui
2645 1874 2810 1932 intra
2828 1874 3099 1953 prouin-

487 1982 670 2054 ciam,
705 1983 768 2040 in
803 2002 922 2061 qua
940 1981 1371 2063 prouinciales
1404 1987 1464 2041 et
1491 1983 1659 2041 ciues
1690 1977 2015 2053 habentur,
2035 1980 2301 2059 offitium
2324 1980 2635 2060 gerendae
2665 2001 2738 2038 ac
2755 1980 3100 2059 suscipien-

495 2087 608 2146 dae
640 2090 1216 2149 amministrationis
1248 2088 1622 2161 desiderant,
1653 2086 1759 2147 lib.
1780 2103 1845 2163 9.
1881 2084 2138 2148 Codicis
2170 2086 2346 2146 titulo
2380 2087 2453 2146 de
2483 2087 2745 2146 crimine
2764 2084 3101 2164 sacrilegii.

487 2201 516 2261 S
555 2214 608 2255 2.
656 2195 971 2255 Similiter
1001 2196 1074 2255 de
1107 2195 1337 2255 iudicio
1369 2195 1597 2255 summi
1624 2193 1954 2268 Pontificis
1985 2188 2183 2253 alicui
2212 2193 2526 2273 disputare
2558 2212 2677 2252 non
2713 2192 2868 2251 licet.

1156 2458 1283 2514 143.
1338 2457 1799 2514 ALEXANBER
1838 2457 1959 2512 111.
1998 2455 2431 2525 (1159-1181).

986 2627 1045 2680 a)
1096 2634 1144 2672 c.
1185 2635 1231 2689 3.
1273 2617 1340 2671 X.
1379 2618 1446 2670 de
1483 2618 1747 2670 sententia
1785 2616 2369 2669 excommunicationis.
2408 2615 2478 2669 V.
2519 2631 2600 2686 39.

704 2766 732 2794 ¹⁸¹
777 2762 939 2834 Corp.
974 2764 1066 2816 iur
1101 2779 1221 2815 can.
1263 2761 1351 2815 ed.
1391 2759 1755 2814 Friedber
1770 2777 1823 2832 g.
1864 2760 2037 2814 Tom.
2066 2758 2129 2812 11.
2169 2758 2277 2812 col.
2303 2758 2425 2829 890.

490 2901 786 2965 Ostiarius‚
829 2902 926 2974 qui
967 2902 1237 2957 clericum
1277 2900 1558 2972 percussit
1597 2917 1716 2955 non
1757 2898 2020 2970 graviter,
2060 2900 2132 2954 ab
2179 2898 2457 2971 episcopo
2498 2897 2717 2954 absolvi
2743 2909 2952 2971 potest.
2978 2898 3100 2955 Hoc

489 2984 692 3055 primo,
748 2982 1040 3048 officialis,
1082 2981 1390 3037 deliberate
1429 2980 1681 3035 iniiciens
1725 2998 1963 3034 manum
2003 2979 2058 3034 in
2088 2979 2376 3048 clericum,
2402 2997 2505 3051 per
2530 2980 2751 3051 Papam
2777 2979 3099 3036 absolvitur.

488 3066 614 3118 Hoc
640 3064 918 3118 secundo.
971 3061 1085 3132 Qui
1124 3061 1454 3133 repellendo
1484 3060 1596 3115 vim
1623 3059 1678 3115 vi
1703 3060 1974 3115 clericum
2002 3060 2264 3131 percutit,
2293 3061 2825 3115 excommunicatus
2852 3076 2973 3115 non
2999 3070 3101 3114 est.

487 3148 614 3201 Hoc
654 3144 839 3201 tertio.
895 3144 1009 3213 Qui
1049 3142 1292 3216 percutit
1318 3141 1602 3205 clericum,
1631 3142 1870 3214 turpiter
1897 3141 2197 3197 inventum
2224 3160 2357 3197 cum
2384 3141 2731 3214 propinqua,
2769 3158 3071 3196 excommu

698 3225 917 3281 nicatus
945 3241 1064 3280 non
1093 3236 1208 3294 est;
1248 3240 1414 3278 secus
1443 3240 1576 3277 cum
1602 3235 1846 3286 remota,
1875 3233 1932 3276 et
1958 3221 2164 3277 dicitur
2188 3222 2534 3295 propinqua,
2561 3235 2623 3277 ut
2646 3221 2703 3276 in
2728 3221 2906 3277 litera.

701 3359 765 3420 Si
811 3377 958 3419 vero
1004 3356 1235 3437 aliquis
1278 3355 1538 3416 alicuius
1584 3355 1895 3436 potestatis
1942 3354 2243 3432 ostiariuS,
2292 3355 2406 3414 sub
2440 3369 2755 3434 praetextu
2787 3353 2882 3415 sui
2915 3354 3103 3415 officii

492 3467 882 3545 malignatuS,
933 3463 1227 3525 clericum
1277 3463 1535 3541 laeserit,
1587 3464 1662 3522 ab
1713 3462 2010 3543 episcopo
2057 3480 2173 3521 suo
2224 3476 2425 3542 potest
2475 3460 2730 3536 absolvi,
2781 3461 2898 3521 nisi
2951 3461 3102 3521 forte

490 3575 761 3636 eundern
782 3570 1073 3632 clericum
1093 3569 1353 3651 graviter
1368 3568 1789 3630 vulneraverit.
1824 3567 2121 3628 Officialis
2144 3585 2289 3626 vero
2310 3585 2426 3648 pro
2447 3565 2775 3627 iniectione
2797 3585 3102 3628 manuum

490 3681 552 3742 in
601 3680 888 3741 clericum
936 3697 1064 3739 non
1111 3693 1309 3757 potest
1341 3675 1473 3737 sine
1505 3676 1797 3736 mandato
1830 3674 2100 3735 Romani
2133 3672 2447 3734 pontificis
2480 3672 2885 3734 absolutionis
2918 3675 3104 3735 bene-

493 3786 702 3847 ficium
757 3784 1116 3867 promereri,
1165 3783 1314 3864 quia
1360 3781 1515 3843 nulli
1564 3781 1721 3842 laico
1772 3799 1960 3861 super
2005 3779 2299 3840 clericum
2343 3794 2506 3840 tanta
2547 3780 2725 3839 datur
2756 3780 3102 3858 auctoritas,

492 3893 607 3954 nisi
641 3892 795 3953 forte
828 3893 1075 3951 turbam
1110 3891 1378 3951 arcendo
1411 3889 1767 3967 irruentem,
1802 3907 1933 3949 non
1966 3907 2039 3948 ex
2072 3883 2661 3963 deliberatione,sed
2685 3886 2939 3947 fortuito
2960 3907 3103 3948 casu

492 3999 786 4060 clericum
831 3997 1049 4058 laedat.
1111 3997 1174 4057 Si
1222 4016 1369 4058 vero
1402 3995 1714 4073 clericum,
1747 3994 1875 4055 vim
1905 3993 2020 4054 sibi
2054 3992 2436 4071 inferentem,
2469 3993 2527 4053 vi
2561 3992 2702 4072 quis
2735 3992 2982 4073 repellat
3011 3994 3103 4053 vel

490 4106 705 4178 laedat,
741 4124 873 4166 non
907 4103 1086 4164 debet
1117 4119 1365 4184 propter
1398 4103 1521 4163 hoc
1550 4101 1627 4162 ad
1659 4102 1870 4162 sedern
1904 4100 2305 4181 apostolicam
2339 4100 2683 4178 transmitti,
2730 4099 2779 4159 si
2812 4099 2876 4161 in
2907 4100 3104 4161 conti-

494 4213 662 4273 nenti
708 4211 833 4271 vim
884 4211 942 4271 vi
990 4211 1260 4292 repellat,
1307 4229 1505 4290 quum
1552 4209 1678 4269 vim
1724 4208 1782 4268 vi
1831 4207 2120 4288 repellere
2155 4226 2374 4268 omnes
2405 4207 2570 4286 leges
2602 4207 2941 4286 omniaque
2976 4207 3105 4267 iura

494 4318 863 4398 permittant.
930 4317 1063 4378 Nec
1105 4316 1206 4378 ille
1252 4317 1724 4398 compellendus
1770 4330 1862 4375 est
1906 4314 1983 4375 ad
2029 4314 2241 4376 sedern
2288 4314 2689 4396 apostolicam
2735 4314 2963 4393 venire,
2997 4315 3104 4394 qui

493 4424 554 4485 in
590 4425 900 4501 clericum,
949 4444 1093 4485 curn
1124 4444 1335 4502 uxore,
1371 4439 1560 4484 matre
1592 4420 1761 4503 [vel]
1793 4441 2006 4483 sorore
2039 4422 2135 4482 vel
2168 4422 2290 4483 filia
2323 4421 2570 4504 propria
2603 4421 2859 4503 turpiter
2889 4423 3105 4483 inven-

492 4547 647 4604 tum,
680 4550 903 4592 manus
934 4530 1205 4591 iniecerit
1240 4530 1555 4591 violentas.
1634 4530 1947 4605 Ceterum,
1980 4528 2030 4588 si
2063 4526 2282 4609 [eum]
2314 4529 2378 4589 in
2414 4546 2628 4611 stupro
2662 4530 2757 4590 vel
2789 4529 3109 4608 adulteriO,

492 4640 666 4718 quod
700 4636 1028 4699 committit
1059 4657 1202 4698 cum
1237 4657 1326 4715 ea,
1360 4657 1519 4717 quae
1550 4637 1760 4718 ipsum
1794 4636 1873 4697 ita
1906 4637 2182 4718 proxima
2217 4635 2766 4714 consanguinitatis
2797 4635 2957 4697 linea
2981 4657 3106 4697 non

491 4746 814 4826 contingit,
866 4745 1110 4826 ceperit,
1156 4761 1260 4806 aut
1305 4742 1544 4824 [alias]
1577 4745 1639 4804 in
1674 4764 1816 4805 eum
1854 4743 2153 4805 violentas
2187 4763 2412 4805 manus
2443 4744 2736 4824 iniecerit,
2771 4763 2903 4805 non
2936 4744 3043 4805 erit
3075 4767 3107 4804 a

490 4854 793 4914 sententia
828 4852 990 4913 illius
1024 4850 1683 4913 excommunicationis
1731 4851 2045 4913 immunis,
