3684 5416
1301 370 1547 428 Ordines
1587 384 1644 427 et
1683 373 2182 444 congregationes.
2938 373 2971 427 6
2977 354 3045 443 59

424 578 769 641 scoporum
812 558 1087 620 similiter
1130 573 1221 618 est
1265 557 1590 618 sollemnia
1637 573 1694 618 et
1738 556 2236 639 supplicationeS,
2283 575 2440 636 quae
2486 556 2730 636 publica
2761 555 2899 633 sint,
2931 575 3033 617 or-

424 666 661 727 dinare.

647 791 745 853 IV.
796 792 1041 853 Domus
1091 788 1488 852 sodalitatum
1541 790 1910 851 huiusmodi
1955 789 2004 850 si
2050 789 2344 850 clausura
2398 787 2736 871 episcopali
2776 803 3044 867 utantur,

433 898 754 980 Episcopis
785 897 916 958 iura
949 914 1201 959 manent
1232 899 1487 980 integra,
1523 917 1681 978 quae
1716 897 1792 958 de
1826 896 1942 957 hac
1974 916 2037 957 re
2073 918 2106 957 a
2143 895 2474 977 pontificiis
2506 895 2746 974 legibus
2763 895 3046 956 tribuun-

346 1027 379 1071 75
434 1022 551 1067 tur.
617 1005 682 1066 Si
730 1024 889 1085 quae
935 1020 1140 1065 autem
1189 1005 1507 1080 clausura,
1557 1020 1624 1064 ut
1671 1003 1987 1084 inquiunt,
2005 1002 2300 1084 partiali,
2333 1018 2602 1079 utantur,
2634 1003 2905 1084 episcopi
2936 1000 3048 1063 erit

430 1132 647 1174 curare
684 1126 749 1172 ut
781 1112 890 1172 rite
922 1128 1212 1187 servetur,
1246 1126 1304 1171 et
1334 1111 1643 1192 quidquid
1676 1111 1740 1171 in
1776 1129 1913 1171 eam
1945 1109 2168 1190 irrepat
2199 1109 2325 1170 vitii
2361 1110 2668 1171 cohibere.

653 1236 721 1296 V.
770 1236 1029 1296 Alumni
1075 1234 1438 1295 alumnaeve
1485 1235 1881 1295 sodalitatum
1915 1234 2161 1310 harum,
2190 1234 2267 1293 ad
2293 1236 2498 1307 forum
2533 1235 2838 1293 internum
2872 1232 3047 1312 quod

425 1344 665 1419 attinet,
699 1342 989 1424 Episcopi
1037 1341 1319 1422 potestati
1363 1344 1644 1403 subsunt.
1714 1342 1781 1402 In
1808 1344 1963 1420 soro
2009 1357 2215 1401 autern
2251 1346 2518 1414 externa,
2552 1340 2753 1400 eidem
2786 1341 3050 1400 subsunt

437 1449 610 1529 quod
660 1462 888 1529 spectat
931 1447 1006 1507 ad
1054 1466 1363 1526 censuras,
1412 1446 1896 1508 reservationem
1943 1465 2221 1518 casuum,
2272 1461 2564 1507 votorum
2611 1446 3051 1507 relaxationem

328 1579 384 1610 ιο
439 1554 599 1617 ubae
631 1575 760 1616 non
792 1555 913 1615 sint
948 1554 1053 1615 uni
1086 1573 1336 1615 summo
1373 1553 1657 1616 Pontifici
1691 1570 2011 1632 reservata,
2059 1553 2450 1636 publicarum
2481 1572 2738 1633 precum
2768 1553 3050 1615 indictio-

441 1683 604 1739 nem,
636 1661 1121 1744 dispensationes
1154 1662 1719 1741 concessionesque
1754 1676 1980 1722 ceteras
2013 1680 2166 1741 quas
2200 1660 2516 1722 Antistites
2551 1680 2867 1721 sacrorum
2901 1658 3049 1721 fide·

439 1772 599 1833 libus
632 1770 758 1831 suis
789 1770 1101 1849 impertire
1135 1785 1381 1849 queant.

655 1893 748 1954 v1.
796 1893 859 1953 Si
895 1893 1003 1973 qui
1034 1912 1182 1953 vero
1212 1892 1290 1952 ad
1323 1913 1527 1954 sacros
1560 1892 1811 1954 ordines
1833 1893 2191 1973 promoveri
2212 1892 2543 1973 postulent,
2566 1912 2672 1952 eos
2695 1891 3053 1972 EpiscopuS,

441 2001 551 2061 etsi
597 2001 661 2061 in
709 2000 973 2061 dioecesi
1022 2001 1335 2079 degentes,
1384 1999 1620 2061 initiare
1667 2015 1939 2075 caveant,
1990 1999 2105 2060 nisi
2158 2000 2323 2060 hisce
2377 1998 2870 2060 conditionibus:
2922 2012 2989 2058 ut
3020 2016 3055 2057 a

332 2129 384 2171 ¹5
440 2107 934 2168 moderatoribus
967 2107 1231 2187 quisque
1263 2108 1391 2168 suis
1426 2123 1890 2187 proponantur;
1928 2123 1997 2168 ut
2028 2127 2185 2187 quae
2218 2128 2250 2167 a
2282 2107 2415 2178 iure
2447 2126 2620 2166 sacro
2653 2104 2876 2166 sancita
2911 2120 3055 2164 sunt

443 2215 519 2275 de
565 2214 800 2274 litteris
846 2212 1372 2274 dimissorialibus
1415 2214 1510 2273 vel
1560 2212 2076 2273 testimonialibus
2119 2213 2238 2274 sint
2283 2212 2393 2273 rite
2437 2211 2727 2293 impleta;
2776 2227 2845 2272 ut
2877 2210 3055 2272 titulo

435 2342 660 2382 :sacrae
692 2321 1107 2381 ordinationis
1139 2340 1215 2381 ne
1248 2336 1507 2390 careant,
1544 2321 1639 2381 vel
1672 2337 1831 2381 certe
1866 2340 1940 2380 eo
1973 2319 2248 2398 legitime
2281 2320 2659 2393 eximantur;
2710 2334 2779 2379 ut
2809 2318 3055 2381 theolo-

438 2429 578 2509 giae
611 2426 827 2488 studiis
860 2446 1114 2508 operam
1150 2428 1448 2506 dederint,
1481 2429 1827 2489 secundum
1863 2430 2178 2490 decretum
2203 2429 2420 2489 Auctis
2441 2425 2786 2499 admodum,
2817 2425 2916 2486 die
2948 2425 3055 2486 da-

445 2551 579 2596 tum
613 2556 673 2613 4.
705 2535 1059 2594 novembris
1092 2554 1262 2595 anno
1306 2536 1489 2612 1892.

326 2677 392 2711 ·20
659 2659 783 2721 VII.
833 2659 898 2720 ln
945 2658 1311 2736 sodalitateS,
1357 2679 1517 2740 quae
1567 2660 1919 2721 mendicato
1965 2660 2199 2736 vivunt,
2245 2679 2312 2720 ea
2349 2657 2667 2740 Episcopis
2713 2674 2872 2719 stent
2901 2657 3056 2734 iura,

447 2787 608 2848 quae
655 2768 838 2827 habet
870 2767 1186 2827 decretum
1225 2767 1562 2846 Singulare
1597 2768 1839 2848 quidem
1874 2789 1906 2827 a
1939 2785 2111 2827 sacro
2158 2765 2438 2828 Consilio
2485 2766 2807 2847 Episcopis
2848 2781 2906 2827 et
2940 2765 3061 2825 Re-

449 2874 819 2953 ligiosorurn
864 2872 1185 2933 ordinibus
1234 2874 1583 2955 praeposito
1632 2874 2094 2954 promulgatum
2143 2873 2241 2934 die
2292 2893 2393 2942 27·
2429 2873 2629 2934 martii
2660 2893 2831 2935 anuo
2877 2873 3060 2950 1896.

663 3001 808 3061 VIII.
859 3000 928 3060 In
976 3000 1048 3060 iis
1095 3020 1251 3080 quae
1296 3001 1371 3060 ad
1421 3000 1756 3082 spiritualia
1809 3001 2115 3082 pertinent
2160 2999 2512 3060 subduntur
2544 2998 2889 3059 sodalitates
2921 2996 3065 3079 Epi-

448 3108 651 3190 scopis
697 3107 1073 3169 dioecesium
1108 3108 1170 3168 in
1204 3107 1434 3188 quibus
1466 3123 1804 3169 versantur.
1871 3108 2120 3168 Horum
2154 3107 2342 3188 igitur
2379 3105 2491 3166 erit
2523 3106 2869 3178 sacerdotes
2895 3105 3067 3185 ipsos

339 3249 392 3293 25
451 3232 508 3277 et
555 3238 586 3276 a
634 3215 816 3278 sacris
861 3215 1178 3295 designare
1213 3231 1272 3276 et
1304 3236 1336 3275 a
1371 3213 1778 3276 concionibus
1813 3217 2093 3297 probare.
2155 3211 2350 3289 Quod
2383 3213 2431 3273 si
2466 3211 2811 3274 sodalitates
2919 3284 2929 3306 Δ
2981 3212 3064 3273 ie-
3075 3170 3665 3384 j

453 3326 590 3384 bres
637 3323 777 3400 sint,
828 3321 1169 3400 designabit
1201 3322 1346 3383 item
1383 3322 1730 3403 Episcopus
1762 3321 2106 3382 sacerdotes
2138 3341 2171 3380 a
2204 3212 3093 3552 confessioffi-

455 3429 661 3489 narios
704 3443 838 3489 turn
886 3445 1046 3489 extra
1093 3430 1397 3506 ordinem,
1445 3430 1519 3488 ad
1568 3447 1854 3489 normam
1900 3427 2381 3489 Constitutionis
2423 3427 2482 3488 P
2520 3449 2552 3490 s
2679 3474 2715 3510 a
2745 3456 2802 3512 ῖς
2844 3474 3029 3513 curae
3059 3477 3094 3515 a

459 3533 794 3596 Benedicto
827 3534 1005 3596 xlv.·
1037 3534 1354 3595 decessore
1407 3535 1636 3595 Nostro
1688 3535 1906 3611 editae,
1949 3555 2017 3594 ac
2052 3535 2276 3596 decreti
2386 3557 2404 3576 ⁴
2451 3556 2872 3615 emadmodum
2903 3558 3024 3618 dati
3060 3579 3092 3619 a
3263 3607 3268 3613 .

457 3660 631 3704 sacro
664 3642 943 3704 Consilio
974 3642 1298 3724 Episcopis
1331 3656 1388 3702 et
1422 3641 1883 3720 Religiosorum
1929 3643 2253 3705 ordinibus
2273 3451 2676 3826 ffiositm
2712 3662 2811 3721 die
2856 3683 2949 3741 17·
2985 3665 3092 3724 de,

338 3784 403 3826 30
459 3749 719 3810 cembris
764 3768 929 3810 anno
975 3751 1169 3827 1890;
1221 3748 1394 3829 quod
1443 3748 1697 3827 quidem
1743 3751 1923 3812 decre
1985 3753 2244 3830 νειμ-31]·ι
2346 3782 2528 3824 orum
2563 3765 2743 3827 etiam
2778 3769 3093 3831 consocia-

456 3856 656 3917 tiones
688 3855 969 3937 pertinet,
1002 3856 1109 3935 qui
1141 3854 1326 3916 sacris
1362 3853 1615 3916 minime
1649 3857 1750 3918 ini·
1996 3842 2064 3928 '‘⁶5-

673 3981 775 4042 IX.
831 3981 1169 4055 Bonorum,
1202 3979 1431 4059 quibus
1454 3979 1660 4041 Sodal'

1976 3927 2005 3948 ..

1855 4019 1910 4093 ‘0'
1942 3960 2036 4049 iia
2069 3991 2410 4073 potiuntur,
2443 3993 2886 4062 administratio
2905 4021 3094 4082 penes

464 4088 921 4151 Moderatorem
968 4106 1331 4169 supremum
1378 4088 1595 4176 maxir‘r⁸

1882 4089 2198 4160 ‘fhtistitatn
2248 4120 2594 4184 eorumque
2641 4105 2916 4169 Consilia
2962 4130 3093 4171 esse

463 4196 677 4256 debet:
725 4193 1113 4274 singularum
1144 4212 1291 4254 vero
1327 4193 1623 4259 familiari.
1691 4229 1744 4284 q
1804 4202 2024 4290 aditus
2056 4228 2087 4267 a
2122 4209 2505 4288 praesidibus
2545 4211 2802 4294 singulis
2833 4216 3097 4279 admini-

342 4334 404 4381 35
467 4302 642 4364 strari
694 4317 955 4384 oportet,
1007 4320 1119 4381 pro
1152 4299 1405 4361 instituti
1440 4303 1645 4367 cuiust
1681 4330 1755 4369 ue
1789 4310 2047 4390 legibus.
2114 4315 2207 4375 De
2239 4316 2310 4376 iis
2346 4318 2589 4379 nullam
2625 4320 2967 4404 Episcopus
3000 4344 3094 4386 ra-

463 4410 701 4471 tionem
736 4425 935 4491 potest
965 4407 1222 4485 exigere.
1289 4407 1417 4483 Qui
1449 4429 1609 4474 vero,
1647 4417 1823 4476 fundi
1857 4434 2054 4480 certae
2089 4422 2305 4483 domui
2339 4425 2546 4486 tributi
2578 4426 2835 4506 legative
2866 4429 2986 4492 sint
3016 4432 3093 4493 ad

467 4516 582 4577 Dei
628 4515 865 4577 cultum
911 4512 1451 4577 beneficentiamve
1498 4538 1587 4614 ᾳο
1634 4521 1770 4603 ipso
1822 4524 1964 4586 loco
1997 4526 2515 4609 impendendam;
2570 4534 2797 4597 horum
2829 4538 3092 4600 admini-

471 4623 826 4684 strationem
869 4623 1220 4683 moderator
1265 4624 1536 4703 quidem
1585 4628 1813 4690 domus
1859 4647 2045 4710 gerat,
2092 4634 2306 4698 referat
2336 4654 2545 4701 tamen
2579 4642 2653 4702 ad
2689 4642 3091 4727 Episcopum,

471 4729 648 4810 eique
701 4749 765 4790 se
815 4729 1072 4790 omnino
1124 4733 1411 4810 praebeat
1466 4732 1846 4797 obnoxium:
1896 4738 1974 4799 ita
2028 4740 2322 4804 nimirum
2376 4763 2444 4806 ut
2490 4767 2690 4829 neque
2737 4751 3092 4832 Praeposito

346 4869 413 4910 40
474 4856 680 4916 neque
714 4836 1032 4897 Antistitae
1083 4836 1350 4902 sodalitii
1408 4838 1677 4902 universi
1727 4844 1902 4905 liceat
1947 4846 2292 4929 quidquam
2342 4873 2412 4913 ex
2461 4855 2534 4916 iis
2568 4857 2748 4917 bonis
2782 4858 3092 4942 Episcopo

473 4945 803 5022 occultare,
835 4945 1189 5024 distrahere,
1220 4943 1322 5005 vel
1355 4944 1415 5006 in
1452 4946 1687 5011 alienos
1722 4973 1870 5016 usus
1890 4974 2260 5022 convertere.
2296 4961 2547 5024 Talium
2572 4965 2755 5044 igitur
2777 4970 3092 5032 bonorum

2769 5071 2878 5141 42*
