3684 5416
614 348 715 403 370
1762 330 2082 386 Ordinatio,

613 515 917 576 fundatos.
976 515 1163 576 Tales
1195 515 1399 595 itaque
1433 534 1563 575 esse
1595 515 1905 594 studeatiS,
1937 532 2005 576 ut
2037 516 2099 577 in
2131 518 2510 579 adiutorium
2546 520 2769 600 Moysi,
2804 535 2860 581 et
2892 521 3223 583 duodecim

610 623 1073 703 Apostolorum,
1124 622 1578 703 Episcoporum
1633 622 1912 684 videlicet
1973 625 2449 701 catholicorum,
2515 626 2622 705 qui
2673 646 2780 707 per
2833 629 3116 708 Moysen,
3167 644 3224 688 et

608 732 942 812 Apostolos
977 731 1336 809 figurantur,
1371 730 1576 809 digne,
1609 749 1717 809 per
1746 730 2003 809 gratiam
2041 732 2156 792 Dei
2189 732 2328 810 eligi
2360 734 2629 794 valeatis.
2693 734 2827 795 Hac
2872 750 3035 795 certe
3069 736 3222 796 mira

606 838 889 899 varietate
937 838 1202 898 Ecclesia
1248 854 1452 898 sancta
1502 837 1936 909 circumdatur,
1985 852 2258 917 ornatur,
2307 854 2365 898 et
2412 839 2677 919 regitur;
2728 859 2870 900 cum
2920 840 3020 900 alii
3054 840 3118 901 in
3153 861 3220 902 ea

526 968 553 1014 5
609 944 951 1021 PontificeS,
997 943 1093 1023 alij
1144 943 1404 1005 minoris
1452 942 1688 1004 ordinis
1721 943 2097 1017 Sacerdotes,
2137 944 2412 1022 Diaconi,
2446 962 2503 1005 et
2537 946 2912 1007 Subdiaconi
2945 946 3220 1008 diuerso-

606 1070 745 1112 rum
777 1052 1068 1112 ordinum
1101 1050 1214 1111 viri
1244 1066 1709 1122 consecrantur;
1745 1066 1802 1110 et
1835 1069 1906 1110 ex
1939 1050 2165 1125 multiS,
2197 1067 2256 1112 et
2287 1052 2553 1113 alternae
2586 1053 2896 1132 dignitatis
2930 1054 3222 1115 membris

605 1177 800 1220 vnum
833 1159 1077 1238 Corpus
1111 1156 1337 1217 Christi
1388 1156 1664 1216 efficitur.
1727 1154 1958 1235 Itaque,
2010 1155 2115 1233 filij
2163 1156 2556 1231 dilectissimi,
2607 1176 2766 1237 quos
2814 1159 2890 1218 ad
2938 1173 3220 1219 nostrum

605 1265 979 1327 adiutorium
1033 1264 1286 1325 fratrum
1338 1277 1692 1323 nostrorum
1744 1261 2057 1322 arbitrium
2112 1265 2567 1324 consecrandos
2618 1264 2819 1343 elegit,
2871 1279 3111 1325 seruate
3157 1265 3221 1326 in

606 1375 884 1436 moribus
917 1372 1127 1434 vestris
1158 1387 1373 1449 castae,
1406 1386 1464 1431 et
1494 1385 1736 1430 sanctae
1769 1369 1925 1429 vitae
1960 1369 2385 1449 integritatem.
2448 1372 2783 1450 Agnoscite
2816 1374 2988 1452 quod
3024 1373 3216 1451 agitis.

502 1512 551 1545 ιο
603 1478 933 1542 Imitamini
967 1479 1138 1559 quod
1172 1477 1463 1547 tractatis;
1513 1491 1820 1556 quatenus
1854 1476 2070 1536 mortis
2104 1476 2467 1537 Dominicae
2502 1478 2865 1558 mysterium
2899 1480 3213 1541 celebran-

604 1604 711 1668 tes,
745 1586 1110 1648 mortificare
1145 1586 1419 1646 membra
1455 1598 1648 1643 vestra
1681 1602 1715 1642 a
1747 1582 1923 1655 vitiis,
1957 1597 2015 1641 et
2046 1582 2557 1663 concupiscentiis
2591 1584 2884 1646 omnibus
2917 1606 3212 1668 procure-

602 1698 695 1757 tis.
759 1695 847 1756 Sit
893 1694 1167 1755 doctrina
1214 1707 1407 1751 vestra
1440 1688 1764 1771 spiritualis
1799 1688 2106 1749 medicina
2139 1691 2376 1770 populo
2411 1691 2541 1751 Dei.
2606 1692 2695 1752 Sit
2727 1694 2887 1754 odor
2919 1694 3076 1754 vitae
3109 1714 3211 1754 ve-

601 1821 756 1866 strae
803 1803 1314 1898 delectamentum
1365 1797 1667 1858 Ecclesiae
1714 1796 1971 1863 Christi:
2055 1813 2115 1857 vt
2175 1798 2649 1878 praedicatione,
2697 1815 2883 1881 atque
2931 1802 3218 1883 exemplo

603 1909 933 1972 aedificetis
977 1909 1260 1980 domum,
1309 1905 1369 1966 id
1416 1920 1527 1983 est,
1564 1903 1857 1964 familiam
1894 1902 2040 1976 Dei3
2091 1918 2396 1983 quatenus
2430 1925 2541 1966 nec
2574 1925 2694 1967 nos
2728 1908 2802 1968 de
2835 1924 3033 1969 vestra
3067 1928 3212 1990 pro-

503 2045 546 2088 ις
603 2017 904 2093 uectione,
954 2033 1031 2074 ne
1077 2034 1190 2075 vos
1224 2013 1298 2072 de
1332 2010 1482 2071 tanti
1517 2007 1702 2083 officii
1736 2008 2124 2089 susceptione
2159 2011 2436 2071 damnari
2470 2032 2502 2071 a
2536 2011 2834 2089 Domino,
2868 2015 2975 2074 sed
3010 2034 3217 2075 remu-

602 2123 797 2185 nerari
830 2121 1033 2204 potius
1067 2126 1429 2180 mereamur.
1492 2114 1683 2189 Quod
1716 2113 1847 2195 ipse
1890 2113 2069 2175 nobis
2100 2116 2400 2175 concedat
2432 2135 2540 2196 per
2569 2118 2828 2198 gratiam
2861 2138 3054 2179 suam.
3090 2167 3103 2181 .
3143 2168 3157 2181 .
3196 2168 3210 2181 .

813 2230 1059 2291 Deinde
1102 2225 1416 2307 explicans
1461 2221 1754 2297 casulam,
1802 2241 1984 2301 quam
2028 2224 2440 2303 unusquisque
2483 2222 2664 2283 habet
2705 2235 2890 2306 super
2934 2225 3217 2288 humeros

600 2338 1049 2419 complicatam,
1083 2333 1292 2393 induit
1320 2330 1436 2390 illa
1467 2329 1816 2411 quemlibet,
1849 2329 2120 2409 singulis
2152 2330 2377 2391 dicens.

813 2443 980 2504 Stola
1013 2437 1399 2501 innocentiae
1433 2435 1647 2495 induat
1679 2452 1734 2496 te
1771 2435 2094 2497 Dominus,

812 2551 898 2613 Et
942 2568 1079 2609 mox
1126 2546 1536 2625 vnusqm'sque
1585 2545 1804 2603 iterum
1855 2543 1941 2601 ad
1982 2542 2349 2622 Pontificem
2400 2545 2641 2604 accedit
2653 2570 2685 2620 ,·
2747 2552 2810 2605 et
2845 2547 3216 2625 genuflexus

588 2662 773 2741 ponit
813 2677 1031 2719 manus
1077 2673 1221 2715 suas
1269 2654 1512 2712 iunctas
1559 2653 1721 2711 inter
1751 2670 1968 2710 manus
2000 2650 2327 2725 Ponte'ftcis
2360 2652 2624 2714 dicentis
2656 2653 2941 2735 quilibet,
2974 2657 3037 2716 si
3065 2675 3215 2716 suus

511 2586 564 2620 20

597 2773 691 2826 est
715 2766 1092 2826 ordinarius.
3098 2834 3105 2840 ⁸

810 2871 1122 2934 Promittis
1154 2869 1327 2942 mihi,
1359 2884 1417 2928 et
1449 2867 1904 2928 successoribus
1938 2866 2089 2926 meis
2123 2866 2549 2942 reuerentiam,
2582 2882 2640 2927 et
2672 2868 3128 2928 obedientiam?

809 2980 893 3041 Et
921 2978 1029 3038 ille
1060 2976 1398 3057 respondet.

487 3121 538 3164 25
811 3085 1130 3149 Promitto.

809 3196 882 3256 Si
923 3215 1061 3253 vero
1093 3192 1375 3270 Pontifex
1419 3211 1539 3251 non
1585 3196 1678 3249 est
1719 3209 1866 3250 suus
1898 3191 2281 3262 ordinarius,
2315 3191 2472 3250 dicit
2498 3191 2792 3269 singulis,
2826 3212 2960 3251 cum
2996 3212 3213 3251 manus

594 3323 798 3362 eorum
835 3301 997 3360 inter
1027 3317 1169 3358 suas
1201 3303 1382 3369 tenet,
1414 3302 1477 3356 vt
1490 3298 1870 3377 praefertur.

807 3405 1117 3468 Promittis
1151 3403 1448 3480 Pontifici,
1494 3403 1589 3463 vel
1622 3403 1914 3479 Praelato,
1959 3402 2273 3463 ordinario
2308 3419 2434 3470 tuo,
2471 3422 2584 3483 pro
2617 3417 2895 3484 tempore
2930 3403 3210 3464 existenti

592 3513 1018 3589 reuerentiam,
1052 3529 1109 3573 et
1141 3511 1589 3572 obedientiam}

485 3661 537 3705 30
591 3645 592 3648 ’
807 3621 890 3684 Et
918 3621 1026 3681 ille
1058 3619 1393 3701 respondet.

806 3729 1121 3791 PromittO.

815 3836 973 3899 Tunc
1003 3835 1288 3912 Pontifex
1333 3839 1539 3893 tenens
1588 3851 1805 3891 manus
1852 3831 2027 3890 illius
2060 3834 2221 3891 inter
2253 3852 2398 3891 suas
2432 3832 2743 3892 osculatur
2774 3854 3208 3914 vnuquemque,

589 3947 816 4008 dicens,

805 4052 924 4112 Pax
959 4048 1211 4109 Domini
1245 4048 1319 4108 sit
1352 4066 1596 4127 semper
1627 4062 1851 4106 tecum.

482 4194 531 4237 35
805 4157 887 4220 Et
917 4157 1024 4244 ille
1056 4157 1392 4236 respondet.

802 4271 1022 4325 Amen.
1115 4262 1239 4323 His
1289 4260 1568 4342 expletiS,
1614 4266 1675 4318 et
1703 4261 1793 4318 eis
1827 4260 1913 4318 ad
1939 4259 2215 4318 ordinem
2249 4278 2423 4317 suum
2459 4260 2753 4332 reuersis,
2789 4258 3077 4337 Pontifex
3108 4279 3205 4319 se—

587 4374 736 4433 dens
768 4392 904 4431 cum
939 4371 1149 4441 mitra,
1182 4373 1243 4426 et
1272 4364 1511 4438 baculo,
1546 4365 1832 4423 admonet
1861 4384 1983 4437 σος,
2018 4364 2245 4423 dicens.

801 4478 957 4554 Qvia
1007 4497 1117 4553 res,
1164 4493 1352 4554 quam
1400 4473 1704 4532 tractaturi
1755 4473 1914 4546 estis,
1965 4472 2106 4532 satis
2139 4471 2481 4552 periculosa
2514 4488 2619 4546 est,
2654 4472 2759 4533 filii
2795 4473 3191 4548 dilectissimi,

586 4605 818 4647 moneo
863 4606 992 4660 vos,
1024 4598 1085 4642 vt
1118 4579 1435 4659 diligenter
1482 4578 1667 4638 totius
1721 4577 1943 4638 Missae
1996 4576 2298 4653 ordinem,
2344 4592 2529 4657 atque
2581 4579 2831 4640 Hostiae
2884 4597 3204 4639 consecra-

475 4726 530 4765 40
582 4694 838 4769 tionem,
888 4711 955 4752 ac
1006 4688 1385 4761 fractionem,
1432 4700 1489 4745 et
1535 4685 2009 4758 comunionem,
2054 4684 2128 4742 ab
2173 4682 2304 4760 alijs
2352 4684 2472 4744 iam
2526 4685 2724 4746 doctis
2772 4685 3206 4766 Sacerdotibus

582 4801 839 4877 discatis,
873 4798 1231 4880 priusquam
1263 4793 1338 4853 ad
1373 4792 1809 4852 celebrandum
1847 4790 2100 4852 Missam
2131 4790 2422 4851 accedatis
2461 4824 2537 4833 —-
2577 4838 3007 4854 .........
3058 4791 3116 4871 [1.
3153 4813 3199 4853 c.

584 4929 718 4990 pag·
761 4922 1048 4985 53-572
1101 4899 1226 4981 73·]
