3684 5416
720 345 826 401 660
1594 342 1840 398 Ordines
1879 354 1937 397 et
1976 344 2478 415 congregationes.

722 529 1063 610 Episcopus
1112 528 1380 589 rationes
1428 526 1659 609 accepti
1706 526 2121 608 impensique,
2158 527 2402 607 quoties
2435 528 2757 603 videbitur,
2791 533 3118 612 expendet:
3169 531 3332 592 idem

646 702 647 705 ,
723 655 800 697 ne
831 651 1024 697 sortes
1058 636 1387 711 minuatur,
1421 633 1695 694 redditus
1730 653 1806 693 ne
1839 653 2159 714 perperam
2195 650 2549 716 erogentur,
2584 638 2834 698 curabit.

935 762 1008 824 X.
1057 760 1265 823 Sicubi
1310 758 1706 820 sodalitatum
1753 758 2008 820 aedibus
2059 760 2331 821 instituta
2364 762 2639 822 curanda
2670 763 2900 824 adiecta
2935 759 3073 836 sint,
3105 764 3192 825 uti
3222 784 3331 845 gy-

719 888 958 945 naecea,
1024 867 1575 949 orphanotrophia,
1640 867 2101 942 valetudinaria,
2164 867 2429 945 scholae,
2494 869 2659 950 asyla
2708 870 2912 952 pueris
2961 871 3340 945 erudiendiS,

642 1010 663 1052 5
722 975 1064 1058 Episcopali
1096 974 1440 1055 vigilantiae
1473 994 1541 1035 ea
1574 973 1784 1035 omnia
1816 974 2060 1035 subsint
2090 975 2266 1054 quod
2289 990 2523 1055 spectat
2543 977 2618 1036 ad
2642 976 2955 1057 religionis
2975 977 3338 1057 magisteria,

722 1082 1103 1143 honestatem
1155 1100 1422 1153 morum,
1464 1079 1927 1141 exercitationes
1959 1080 2213 1161 pietatis,
2247 1100 2566 1143 sacrorum
2597 1082 3212 1160 administrationem,
3247 1085 3338 1143 in·

720 1189 904 1268 tegris
936 1205 1141 1251 tamen
1176 1186 1528 1269 privilegiis,
1563 1207 1723 1266 quae
1757 1187 2049 1266 collegiis,
2082 1188 2332 1265 scholis,
2376 1188 2740 1250 institutisve
2775 1189 3082 1252 eiusmodi
3115 1212 3148 1251 a
3181 1190 3350 1252 Sede.

725 1296 1075 1379 Apostolica
1107 1295 1226 1357 sint
1258 1295 1500 1355 tributa.

936 1421 1034 1482 Xl.
1084 1421 1151 1480 In
1186 1417 1598 1499 quarumlibet
1630 1418 2028 1480 sodalitatum
2061 1420 2355 1482 domibus
2388 1438 2527 1482 vota
2559 1422 2857 1503 simplicia
2893 1421 3340 1503 profitentium,

621 1561 669 1592 ιο
723 1526 1044 1609 Episcopis
1075 1525 1376 1604 cuiusque
1409 1523 1706 1584 dioecesis
1743 1524 1838 1585 ius
1875 1539 1964 1585 est
1997 1526 2302 1588 invisendi
2334 1528 2580 1610 templa,
2611 1529 2891 1608 sacraria,
2926 1528 3188 1590 oratoria
3223 1549 3344 1610 pu-

724 1634 896 1713 blica,
944 1633 1119 1694 sedes
1165 1633 1240 1692 ad
1289 1646 1743 1692 sacramentum
1791 1632 2228 1713 poenitentiae,
2279 1633 2354 1694 de
2403 1634 2598 1715 iisque
2644 1652 2999 1717 opportune
3032 1637 3342 1697 statuendi

724 1740 995 1802 iubendi.
1042 1773 1131 1781 —
1177 1738 1245 1798 ln
1292 1740 1795 1819 presbyterorum
1829 1738 2148 1817 sodalitiis,
2197 1741 2273 1801 de
2308 1742 2678 1802 conscientia
2712 1762 2780 1803 ac
2811 1742 3155 1823 disciplina,
3190 1742 3343 1803 item

724 1850 798 1909 de
832 1868 897 1908 re
929 1844 1331 1908 oeconomica
1369 1844 1478 1905 uni
1512 1845 1818 1925 praesides
1856 1863 2251 1924 cognoscent.
2293 1846 2358 1907 In
2391 1847 2952 1909 consociationibus
2983 1867 3129 1909 vero
3162 1847 3344 1908 femi-

723 1974 963 2030 narum,
1011 1972 1204 2034 aeque
1248 1971 1317 2012 ac
1365 1951 1640 2012 virorum
1687 1952 1794 2031 qui
1833 1952 2176 2012 sacerdotio
2209 1953 2526 2031 abstinent,
2562 1954 2852 2035 Episcopi
2886 1954 2994 2016 erit
3027 1954 3344 2034 inquirere

621 2093 664 2135 ις
724 2080 879 2122 num
913 2059 1228 2141 disciplina
1260 2059 1336 2119 ad
1370 2059 1579 2137 legum
1615 2077 1902 2119 normam
1941 2059 2155 2138 vigeat,
2196 2078 2349 2121 num
2373 2061 2523 2142 quid
2545 2081 2689 2121 sana
2711 2062 2988 2123 doctrina
3009 2081 3345 2123 morumve

719 2167 993 2248 probitas
1040 2159 1394 2233 detrimenti
1434 2165 1678 2246 ceperit,
1727 2184 1881 2226 num
1933 2181 2141 2227 contra
2188 2166 2534 2227 clausuram
2579 2183 2914 2248 peccatum,
2950 2188 3105 2229 num
3137 2188 3345 2229 sacra-

723 2291 927 2334 menta
977 2294 1171 2354 aequa
1218 2290 1491 2354 stataque
1545 2273 1887 2354 frequentia
1920 2274 2347 2356 suscipiantur.
2405 2309 2486 2318 —
2533 2276 3037 2357 Reprehensione
3071 2277 3341 2355 dignum

623 2361 630 2370 ¹
724 2381 772 2442 si
807 2382 956 2462 quid
992 2382 1331 2464 Episcopus
1366 2380 1521 2441 forte
1554 2379 1896 2455 offenderit,
1931 2400 2006 2441 ne
2042 2381 2329 2442 decernat
2361 2382 2560 2443 illico:
2614 2385 3034 2445 moderatores
3068 2385 3152 2445 uti
3187 2405 3343 2465 pro-

592 2526 623 2538 -ι
803 2489 984 2549 iciant
1035 2504 1314 2561 moneat;
1367 2486 1475 2566 qui
1523 2485 1571 2546 si
1621 2486 2018 2565 neglexerint,
2067 2486 2195 2566 ipse
2243 2506 2352 2569 per
2382 2507 2446 2547 se
2481 2488 2775 2550 consulat.
2839 2488 2902 2550 Si
2936 2509 3095 2569 quae
3127 2506 3344 2550 tamen

618 2509 977 2784 Qus
1022 2594 1323 2656 momenti
1373 2608 1699 2653 occurrant
1744 2612 1902 2673 quae
1948 2611 2187 2653 moram
2237 2612 2367 2654 non
2399 2609 2736 2674 expectent,
2772 2594 3058 2657 decernat
3089 2596 3340 2656 statim:

724 2706 834 2767 dec
908 2718 1040 2763 tum
1075 2722 1219 2762 vero
1250 2701 1326 2761 ad
1360 2719 1605 2762 sacrum
1637 2697 1988 2762 Consilium
2026 2697 2256 2760 deferat
2288 2699 2605 2782 Episcopis
2638 2721 2705 2761 ac
2739 2700 3196 2783 Religiosorum
3232 2723 3342 2764 or-

724 2811 977 2880 dinibus
1012 2809 1450 2892 praepositum.

936 2895 1302 3063 sspiscopuS,
1344 2941 1410 3002 in
1459 2940 1800 3001 visitatione
1848 2940 2261 3021 potissimum,
2310 2941 2564 3019 iuribuS‚
2610 2961 2769 3022 quae
2813 2962 2999 3024 supra
3045 2941 3354 3020 diximuS,

722 3072 923 3117 utatur
952 3049 1087 3148 suis
1120 3051 1290 3131 quod
1322 3063 1550 3130 spectat
1584 3046 1660 3107 ad
1691 3046 1952 3124 scholaS,
1985 3046 2149 3127 asyla
2184 3063 2507 3126 ceteraque
2541 3065 2878 3109 memorata
2911 3049 3198 3109 instituta.
3250 3084 3344 3092 -—

615 3200 663 3243 25
720 3164 821 3226 Ad
865 3178 1002 3230 rem
1051 3176 1195 3219 vero
1240 3153 1707 3216 oeconomicam
1757 3153 1930 3233 quod
1963 3153 2173 3214 attinet
2205 3153 2602 3214 muliebrium
2635 3156 3026 3217 sodalitatum
3061 3147 3343 3236 itemque

737 3274 1001 3354 virorum
1047 3263 1390 3326 sacerdotio
1435 3260 1791 3337 carentium,
1837 3260 2183 3340 Episcopus
2231 3279 2310 3320 ne
2358 3277 2693 3340 cognoscat
2729 3260 2842 3321 nisi
2876 3262 2952 3323 de
2986 3262 3337 3324 fundorum

727 3370 1144 3446 legatorumve
1176 3368 1716 3446 administratione,
1749 3387 1909 3448 quae
1941 3367 2124 3430 sacris
2157 3367 2277 3428 sint
2308 3365 2611 3445 attributa,
2642 3368 2735 3430 vel
2766 3370 2884 3430 loci
2908 3386 3010 3430 aut
3031 3369 3336 3431 dioecesis

727 3475 949 3537 incolis
980 3475 1291 3536 iuvandiss

618 3745 672 3789 30
726 3716 1020 3776 volumus
1068 3717 1144 3777 de
1192 3715 1455 3776 facultati
1551 3739 1576 3774 s
1624 3714 1718 3776 vel
1771 3713 2120 3798 priv²fftgiis,
2168 3729 2304 3773 tum
2336 3714 2565 3775 Nostro
2609 3730 2712 3774 aut
2745 3715 2967 3794 quovis
3001 3715 3121 3776 alio
3155 3715 3338 3777 Sedis

726 3823 1117 3905 Apostolicae
1151 3822 1398 3884 decreto
1432 3821 1759 3898 concessis,
1797 3836 1864 3881 tu
1910 3818 1991 3875 ’ὒν
2060 3819 2424 3881 nemon-abili
2445 3837 2545 3881 aut
2566 3821 2857 3882 saeculari
2880 3823 3334 3883 consuetudine

725 3929 1117 4007 confirmatiS,
1168 3946 1302 3990 tum
1334 3929 1514 3990 etiam
1548 3948 1705 4008 quae
1741 3928 1803 3988 in
1838 3808 2007 4034 ὧδὲ
2041 3925 2474 3988 h.Sodalitatis
2504 3926 2743 4006 legibus
2775 3949 2808 3988 a
2841 3930 3130 3990 Romano
3167 3930 3334 3991 Pon-

722 4037 883 4102 tifice
915 4038 1265 4119 approbatis
1298 4037 1749 4097 contineantur.
1993 4039 2176 4111 ”mpo‚

941 3608 1055 3669 His
1089 3627 1294 3689 porr0,
1330 3610 1815 3807 quaRl-iactenus
1850 3607 2154 3669 ediximus
2187 3607 2558 3669 sancivimus
2592 3607 2743 3668 nibil
2777 3609 3021 3688 penitus
3051 3609 3339 3688 derogari

941 4164 1289 4226 praesentes
1333 4180 1478 4222 vero
1521 4160 1747 4220 litteras
1795 4174 1854 4219 et
1901 4099 2346 4326 qan‘S't'nque
2391 4159 2456 4220 in
2489 4159 2633 4241 ipsis
2663 4159 2965 4220 habentur
3000 4161 3173 4221 nullo
3211 4182 3329 4222 un-

616 4297 666 4341 35
723 4289 911 4351 quarn
959 4285 1237 4348 ternpore
1282 4269 1358 4330 de
1405 4266 1821 4348 subreptionis
1855 4266 1980 4327 sive
2016 4270 2105 4328 int
2127 4267 2377 4336 :ntionis
2410 4267 2668 4328 Nostrae
2699 4267 2846 4329 vitio
2879 4269 3076 4330 aliove
3111 4271 3344 4350 quovis.

721 4375 962 4440 defectu
997 4376 1194 4438 notari
1225 4377 1319 4437 vel
1354 4375 1709 4456 impugnari
1745 4393 1948 4454 posse,
1979 4375 2087 4434 sed
2121 4373 2365 4456 semper
2382 4373 2608 4434 validas
2642 4391 2699 4435 et
2728 4374 2794 4435 in
2814 4394 2931 4436 suo
2952 4378 3176 4438 robore
3199 4375 3327 4438 fore

720 4499 779 4545 et
823 4503 974 4558 esse,
1021 4498 1204 4563 atque
1250 4485 1325 4543 ab
1373 4483 1665 4544 omnibus
1698 4481 1967 4544 cuiusvis
1999 4482 2232 4561 gradus
2267 4497 2323 4544 et
2353 4480 2867 4562 praeeminentiae
2900 4482 3331 4545 inviolabiliter

719 4592 784 4656 in
831 4590 1058 4651 iudicio
1106 4605 1165 4650 et
1210 4606 1371 4650 extra
1416 4588 1726 4649 observari
1768 4588 1992 4649 debere
2027 4589 2448 4650 decernimus:
2495 4586 2736 4648 irritum
2773 4608 3028 4670 quoque
3061 4605 3118 4650 et
3150 4589 3327 4651 inane

720 4698 1092 4759 declarantes
1137 4698 1186 4757 si
1232 4716 1409 4758 secus
1458 4716 1643 4777 super
1675 4696 1770 4756 his
1804 4718 1837 4756 a
1872 4715 2220 4776 quoquam,
2256 4695 2471 4776 quavis
2501 4695 2855 4758 auctoritate
2888 4696 2980 4757 vel
3014 4711 3325 4777 praetextu

610 4833 665 4872 40
719 4806 976 4867 scienter
1021 4805 1117 4864 vel
1150 4804 1500 4884 ignoranter
1534 4803 1857 4883 contigerit
1889 4803 2199 4910 attentari;
2251 4802 2570 4874 contrariis
2602 4822 2732 4864 non
2767 4802 3342 4910 obstantibusqui·

697 4915 1126 4996 buscumque.
