3684 5416
537 1534 585 1565 10

539 2068 584 2111 ¹5

537 2602 590 2634 20

541 3885 594 3928 30

543 4421 591 4466 35

645 363 703 420 18

1597 360 1849 416 Ecclesia
1875 360 2285 433 antiquissima.

635 547 868 625 σάρκα
916 544 1212 630 βλεπέτω
1258 542 1378 606 τὸν
1421 543 1725 621 πλησίον,
1766 543 1909 605 ἀλλ’
1942 544 2316 625 'adinvicem
2350 564 2592 627 semper
2624 546 2877 629 diligite.
2914 547 3069 608 nihil
3089 548 3165 608 sit
3185 548 3246 608 in

637 654 713 715 ἐν
777 653 1003 729 Ἰησοῦ
1065 652 1339 733 Χριστῷ
1401 649 1741 730 ἀλλήλους
1802 649 1918 712 διὰ
1973 651 2167 725 vobis,
2229 653 2401 732 quod
2465 653 2658 733 possit
2706 674 2817 715 vos
2865 655 3093 735 partiri,
3140 655 3244 715 sed

636 758 891 835 παντὸς
942 760 1270 836 ἀγαπᾶτε.
1351 756 1559 840 μηδὲν
1615 756 1789 819 ἔστω
1842 759 1918 820 ἐν

635 866 804 948 ὑμῖν,
867 864 908 926 ὃ
972 864 1334 941 δυνήσεται
1397 865 1572 946 ὑμᾶς
1628 864 1915 945 μερίσαι,

639 972 789 1035 ἀλλ’
822 970 1122 1051 ἑνώθητε
1153 972 1245 1053 τῷ
1280 970 1621 1052 ἐπισκόπῳ
1642 971 1754 1033 καὶ
1776 976 1918 1047 τοῖς

639 1078 1187 1160 προκαθημένοις
1221 1080 1317 1154 εἰς
1349 1076 1557 1140 τύπον
1586 1078 1701 1139 καὶ
1737 1077 1918 1141 διδα-

639 1184 759 1265 χὴν
792 1183 1210 1265 ἀφθαρσίας.

728 1295 855 1356 VII.
895 1288 1165 1368 Ὥσπερ
1214 1289 1339 1353 οῦν
1384 1291 1425 1351 ὸ
1468 1289 1706 1369 κύριος
1753 1294 1919 1354 ἄνευ

638 1400 761 1461 τοῦ
805 1396 1070 1475 πατρὸς
1115 1395 1325 1458 οῦδὲν
1370 1396 1708 1476 ἐποίησεν,
1759 1398 1918 1475 ἡνω-

640 1505 843 1587 μένος
875 1504 988 1576 ὢν,
1022 1501 1183 1566 οὔτε
1215 1502 1296 1565 δι’
1324 1503 1594 1579 ἑαυτοῦ,
1627 1503 1787 1567 οὔτε
1806 1504 1922 1567 διὰ

640 1612 773 1674 τῶν
804 1609 1239 1673 ἀποστόλων·
1281 1610 1501 1688 οὕτως
1533 1610 1703 1691 μηδὲ
1734 1611 1922 1692 ὑμεῖς

642 1721 809 1781 ἄνευ
859 1719 980 1779 τοῦ
1014 1714 1386 1779 ἐπισκόπου
1417 1718 1529 1780 καὶ
1563 1720 1694 1779 τῶν
1725 1732 1921 1795 πρεσ-

646 1824 950 1910 βυτέρων
1010 1820 1221 1904 μηδὲν
1280 1825 1656 1901 πράσσετε·
1753 1822 1925 1905 μηδὲ

641 1932 1010 2009 πειράσητε
1088 1926 1381 2011 εὔλογόν
1439 1953 1497 1994 τι
1559 1930 1923 2012 φαίνεσθαι

644 2038 782 2119 ἰδίᾳ
830 2039 999 2120 ὑμῖν,
1051 2036 1196 2098 ἀλλ’
1254 2038 1355 2100 ἐπὶ
1407 2038 1485 2100 τὸ
1550 2037 1738 2101 αῦτό.
1810 2036 1925 2120 μία

640 2146 1008 2228 προσευχὴ,
1057 2146 1172 2230 μία
1204 2146 1458 2226 δέησις,
1494 2144 1591 2222 εἷς
1610 2147 1795 2221 νοῦς,
1819 2144 1926 2226 μία

643 2255 827 2332 ἐλπὶς
867 2256 941 2317 έν
985 2256 1235 2336 ἀγάπῃ,
1289 2257 1364 2315 ἐν
1408 2255 1485 2333 τῇ
1531 2254 1714 2331 χαρᾷ
1744 2254 1821 2331 τῇ
1858 2254 1924 2313 ἀ·

643 2360 864 2445 μώμῳ,
900 2362 940 2423 ὅ
976 2363 1158 2424 ἐστιν
1189 2360 1462 2440 Ἰησοῦς
1496 2357 1816 2436 Χριστὸς,
1838 2355 1924 2419 οὕ

643 2471 920 2551 ἄμεινον
951 2467 1160 2532 οὐδέν
1191 2470 1388 2530 ἐστιν.
1445 2490 1501 2530 2.
1550 2466 1797 2541 πάντες
1829 2464 1926 2539 ὡς

645 2577 743 2652 εἰς
788 2575 912 2637 ἕνα
957 2574 1130 2636 ναὸν
1159 2572 1561 2652 συντρέχετε
1592 2573 1782 2641 θεοῦ,
1830 2570 1926 2647 ὡς

645 2682 748 2746 ἐπὶ
769 2680 845 2745 ἓν
864 2681 1369 2760 θυσιαστήριον,
1394 2678 1495 2742 ἐπὶ
1517 2679 1640 2742 ἕνα
1655 2678 1926 2759 Ἰησοῦν

646 2789 967 2869 Χριστὸν,
1000 2789 1121 2852 τὸν
1155 2789 1270 2869 ἀφ’
1310 2786 1468 2865 ἑνὸς
1489 2785 1748 2864 πατρὸς
1767 2806 1923 2864 προ·

646 2897 940 2960 ελθόντα
969 2896 1082 2959 καὶ
1118 2897 1214 2973 εἰς
1249 2895 1374 2957 ἕνα
1396 2893 1564 2956 ὄντα
1582 2894 1695 2955 καὶ
1716 2891 1923 2971 χωρή-

647 3020 882 3068 σαντα.

1975 758 2278 820 uniamini
2324 760 2621 841 episcopo
2667 778 2725 822 et
2758 761 3248 841 praesidentibus

1973 865 2037 925 in
2059 880 2280 946 typum
2301 883 2359 927 et
2379 866 2721 927 doctrinam
2743 864 3246 948 incorruptionis.

2066 1292 2192 1353 V11.
2242 1292 2797 1367 Quemadmodum
2834 1294 3018 1373 igitur
3049 1294 3253 1355 domi·

1978 1420 2097 1461 nus
2145 1400 2277 1460 sine
2325 1418 2493 1481 patre
2528 1401 2682 1461 nihil
2717 1401 2873 1477 fecit,
2906 1402 3119 1462 unitus
3150 1422 3253 1462 ex·

1976 1507 2214 1582 sistens,
2266 1527 2468 1587 neque
2521 1527 2631 1588 per
2679 1528 2744 1568 se
2777 1507 3002 1588 ipsum,
3049 1527 3253 1589 neque

1977 1633 2086 1694 per
2147 1614 2481 1694 apos10105,
2544 1613 2630 1674 sic
2695 1633 2900 1694 neque
2963 1634 3075 1675 vos
3121 1614 3252 1675 sine

1977 1720 2272 1801 episcopo
2303 1736 2362 1780 et
2395 1721 2762 1801 presbyteris
2782 1721 3014 1802 aliquid
3035 1742 3252 1803 opere-

1979 1826 2167 1895 mini:
2235 1847 2438 1907 neque
2476 1828 2720 1889 tentetis
2755 1828 3113 1889 rationabile
3146 1829 3255 1890 ali-

1979 1934 2129 2015 quid
2178 1953 2469 2015 apparere
2518 1935 2764 2015 proprie
2811 1935 3004 2009 vobis,
3053 1936 3161 1996 sed
3194 1936 3255 1996 in

1979 2042 2038 2101 id
2072 2041 2311 2122 ipsum;
2347 2060 2475 2102 una
2494 2042 2709 2119 oratio,
2744 2062 2870 2103 una
2890 2043 3256 2124 deprecatio,

1983 2168 2148 2209 unus
2182 2148 2545 2223 intellectuS,
2585 2168 2712 2209 una
2744 2169 2883 2229 spes
2916 2149 2980 2209 in
3001 2150 3256 2227 caritate,

1982 2254 2045 2315 in
2106 2254 2336 2333 gaudio
2387 2254 2882 2335 incoinquinatO,
2946 2257 3119 2336 quod
3169 2272 3257 2317 est

1982 2361 2267 2423 Christus
2302 2360 2489 2438 Iesus,
2543 2381 2673 2441 quo
2706 2362 2928 2423 melius
2961 2362 3116 2424 nihil
3149 2378 3256 2427 est.

1986 2487 2041 2528 2.
2079 2487 2299 2528 omnes
2333 2484 2400 2528 ut
2433 2468 2497 2528 in
2532 2488 2732 2529 unum
2767 2469 3070 2549 templum
3107 2488 3258 2531 con-

1981 2576 2205 2634 currite
2225 2574 2342 2652 dei,
2365 2590 2430 2635 ut
2453 2576 2516 2635 in
2536 2594 2736 2636 unum
2754 2577 2957 2655 altare,
2977 2577 3038 2638 in
3060 2596 3256 2637 unum

1982 2679 2184 2741 Iesum
2206 2680 2547 2758 Christum,
2581 2683 2657 2743 ab
2687 2701 2818 2744 uno
2841 2698 3007 2763 patre
3029 2702 3258 2744 exeun·

1980 2805 2102 2848 tem
2139 2803 2198 2848 et
2230 2788 2291 2848 in
2325 2806 2521 2848 unum
2557 2789 2949 2850 exsistentem
2980 2807 3038 2851 et
3057 2809 3257 2850 rever-

1982 2909 2232 2956 tentem.
2291 2893 2345 2973 [l.
2382 2915 2430 2955 e.
2465 2914 2600 2976 pag.
2640 2894 2962 2977 32—35.]'

1364 3252 1432 3329 c)
1500 3251 1868 3333 Epistula
1917 3251 2005 3312 ad
2053 3251 2544 3314 Trallianos,

737 3435 805 3496 11.
843 3430 1067 3494 ‘'Orav
1100 3429 1237 3509 γὰρ
1270 3429 1360 3510 τῷ
1397 3427 1736 3510 έπισκόπῳ
1770 3427 1923 3490 ῦπο-

648 3539 1003 3615 τάσσησθε
1046 3536 1141 3614 ὡς
1173 3535 1404 3615 Ἰησοῦ
1453 3535 1745 3616 Χριστῷ,
1781 3533 1924 3615 φαί-

646 3644 854 3707 νεσθε-Ξ
893 3665 999 3725 μοι
1032 3646 1115 3706 οῦ
1144 3644 1325 3705 κατὰ
1346 3640 1751 3721 ἀνθρώπους
1770 3643 1926 3716 ζῶν·

648 3772 780 3828 τες,
836 3752 1013 3813 ἀλλὰ
1059 3751 1238 3813 κατὰ
1285 3749 1553 3829 Ἰησοῦν
1602 3749 1925 3827 Χριστὸν,

648 3859 767 3922 τὸν
811 3858 896 3921 δι’
932 3860 1107 3940 ἡμᾶς
1154 3857 1597 3920 ἀποθανόντα
1640 3856 1756 3918 ἵνα
1787 3870 1926 3917 πισ-

647 3966 1015 4041 τεύσαντες
1063 3966 1159 4043 εἰς
1204 3965 1323 4027 τὸν
1367 3966 1669 4027 θάνατον
1715 3966 1929 4026 αὑτοῦ

646 4073 724 4136 τὸ
761 4075 1134 4135 ἀποθανεῖν
1166 4071 1520 4153 ἐκφύγητε.
1593 4096 1647 4135 2.
1684 4071 1929 4149 Ἀναγ-

645 4184 843 4243 καῖον
863 4178 990 4241 οὖν
1009 4179 1209 4260 ἐστὶν,
1229 4178 1459 4257 ὥσπερ
1476 4183 1742 4252 ποιεῖτε,
1761 4180 1928 4240 ἄνευ

651 4289 772 4350 τοῦ
785 4285 1155 4348 ἐπισκόπου
1169 4285 1379 4367 μηδὲν
1390 4287 1724 4363 πράσσειν
1735 4285 1926 4366 ὑμᾶς·

649 4393 793 4456 ἀλλ’
830 4393 1313 4455 ὑποτάσσεσθε
1358 4392 1470 4456 καὶ
1517 4394 1608 4475 τῷ
1640 4394 1928 4477 πρεσβυ-

647 4498 865 4582 τερίῳ,
912 4498 1007 4576 ὡς
1052 4504 1194 4577 τοῖς
1240 4499 1652 4576 ἀποστόλοις
1701 4500 1928 4576 Ἰησοῦ

649 4608 973 4685 Χριστοῦ,
1021 4609 1142 4685 τῆς
1180 4605 1454 4683 ἐλπίδος
1500 4606 1704 4686 ἡμῶν,
1755 4608 1828 4667 ἐν
1876 4603 1930 4688 ᾧ

650 4712 1006 4795 διάγοντες
1070 4712 1612 4794 εὑρεθησόμεθα.
1688 4736 1743 4796 3.
1809 4714 1930 4774 Δεῖ

2069 3430 2132 3490 11.
2198 3431 2363 3492 Cum
2427 3431 2595 3491 enim
2658 3429 2952 3510 episcopo
3000 3428 3258 3490 subiecti

1981 3537 2121 3598 estis
2169 3553 2235 3598 ut
2282 3538 2415 3598 lesu
2452 3537 2720 3612 Christ0,
2766 3535 3061 3596 videmini
3107 3535 3262 3595 mihi

1981 3663 2110 3705 non
2144 3645 2491 3704 secundum
2523 3643 2807 3704 homines
2829 3642 3119 3721 viventes,
3153 3642 3259 3701 sed

1982 3751 2332 3812 secundum
2382 3750 2584 3811 Iesum
2620 3750 2960 3825 Christum,
3009 3765 3264 3830 propter

1983 3877 2092 3918 vos
2114 3873 2455 3934 mortuum,
2492 3872 2559 3919 ut
2578 3858 2895 3918 credentes
2916 3858 2978 3918 in
2999 3873 3262 3917 mortem

1985 3965 2177 4045 ipsius
2211 3965 2369 4025 mori
2390 3963 2711 4046 effugiatis.
2750 3983 2805 4024 2.
2831 3963 3257 4024 Necessarium

1987 4073 2173 4150 igitur
2249 4088 2357 4150 est,
2436 4070 2969 4151 quemadmodum
3051 4069 3262 4146 facitis,

1984 4181 2115 4240 sine
2165 4179 2459 4260 episcopo
2508 4176 2663 4238 nihil
2711 4176 2949 4257 operari
2983 4196 3113 4253 vos,
3155 4177 3263 4237 sed

1983 4287 2199 4348 subiici
2247 4286 2626 4367 presbyterio
2676 4302 2743 4346 ut
2789 4284 3080 4366 apostolis
3128 4284 3263 4345 Iesu

1986 4394 2234 4470 Christi,
2270 4394 2401 4474 spei
2436 4408 2697 4470 nostrae,
2741 4393 2805 4453 in
2839 4411 2966 4472 quo
3002 4410 3263 4453 conver-

1984 4518 2185 4562 santes
2220 4500 2625 4562 inveniamur.
2682 4521 2735 4580 3.
2769 4499 3029 4580 Oportet
3060 4516 3264 4559 autem

1987 4625 2044 4669 et
2076 4609 2392 4686 diaconOS,
2418 4608 2730 4668 ministros
2751 4606 3104 4667 exsistentes
3125 4625 3262 4686 my-

1987 4715 2315 4776 steriorum
2378 4714 2510 4776 Iesu
2577 4713 2835 4790 Christi,
2918 4712 3264 4774 secundum

650 4821 731 4884 δὲ
773 4821 886 4884 καὶ
933 4819 1094 4897 τοὺς
1146 4818 1515 4895 διακόνους
1564 4818 1773 4897 ὄντας
1823 4839 1929 4901 μυ·
1987 4841 2241 4883 omnem
2306 4821 2567 4882 modum
2633 4820 2927 4881 omnibus
3005 4817 3260 4899 placere.

543 4956 597 4997 40
650 4928 942 5008 στηρίων
979 4928 1205 5007 Ἰησοῦ
1227 4928 1532 5006 Χριστοῦ
1563 4925 1741 4988 κατὰ
1772 4927 1928 4988 πάν·
1992 4949 2120 4990 non
2166 4929 2330 4989 enim
2380 4929 2661 4990 ciborum
2709 4944 2765 4987 et
2817 4944 3083 5007 potuum
3117 4939 3264 4985 sunt
