3684 5416
495 1489 540 1518 to

499 2021 541 2064 15

495 2555 546 2586 20

500 3087 549 3128 25

503 3620 555 3661 ‘30

505 4153 553 4196 35

489 4687 560 4724 -40

585 327 694 381 494
1654 307 1822 361 Curia
1866 325 2122 362 romana.

588 492 847 570 alicujus
879 491 1135 553 omissio
1169 491 1382 552 reddat
1415 512 1492 552 eo
1526 492 1662 574 ipso
1684 512 2010 573 processus
2033 492 2274 564 nullos;
2314 491 2577 552 aliorum
2601 510 2748 552 vero
2770 491 3201 566 terminorum,

589 597 846 675 alicujus
892 598 1147 660 omissio
1194 599 1344 659 dum
1381 614 1589 660 tamen
1623 599 1924 660 malitiose
1960 602 2094 660 non
2128 598 2248 673 fiat,
2271 599 2389 659 ¹sed
2425 599 2761 676 casualiter,
2797 617 2926 678 quo
2962 599 3204 658 contin-

587 722 771 787 gente
804 723 1165 785 processum
1198 725 1329 765 non
1359 704 1542 766 vitiet.
2663 704 2667 708 ’

805 822 834 882 S
873 832 970 892 23.
1029 812 1095 872 In
1145 812 1343 872 causis
1390 829 1599 874 autem
1646 814 1710 873 in
1743 813 1973 894 quibus
2007 812 2359 893 proceditur
2393 812 2454 873 in
2488 811 2682 891 figura
2716 811 2925 889 judicii
2959 831 3207 873 serven-

589 935 687 980 tur
732 919 975 980 termini
1022 920 1368 980 secundum
1415 920 1649 1000 stylum
1680 920 1905 981 Curiae
1952 936 2342 995 consuetum,
2376 935 2802 1002 praeterquam
2836 920 2898 981 in
2932 919 3209 981 terminis

591 1025 666 1086 ad
722 1024 1223 1106 respondendum
1275 1025 1505 1101 libello,
1558 1042 1614 1087 et
1664 1028 1738 1087 ad
1792 1025 2126 1104 jurandum
2178 1026 2254 1086 de
2288 1026 2611 1101 calumnia,
2643 1025 2752 1105 qui
2783 1042 3100 1086 serventur
3131 1027 3209 1086 ad

593 1132 875 1213 primam.
938 1131 1014 1194 Et
1060 1129 1126 1191 in
1171 1132 1437 1194 termino
1484 1133 1559 1193 ad
1606 1133 2082 1210 articulandum,
2132 1133 2240 1213 qui
2288 1133 2351 1193 in
2400 1133 2596 1212 prima
2643 1133 2947 1210 instantia,
2979 1148 3105 1193 tam
3136 1152 3209 1192 ex

593 1253 760 1319 parte
793 1237 1056 1314 ActoriS,
1090 1257 1277 1317 quam
1314 1239 1444 1317 Rei,
1481 1257 1758 1301 servetur
1790 1241 1867 1301 ad
1901 1241 2216 1302 decimum
2254 1240 2546 1319 quintum
2577 1239 2760 1301 diem.

807 1353 836 1413 S
875 1363 974 1423 24.
1026 1345 1093 1404 In
1126 1345 1397 1405 secunda
1432 1364 1577 1406 vero
1610 1345 1897 1407 instantia
1930 1346 2208 1406 similiter
2240 1347 2315 1406 ad
2352 1346 2860 1426 respondendum
2893 1346 3101 1407 libello
3134 1347 3210 1405 ad

594 1451 875 1532 primam.
940 1451 1037 1511 Ad
1085 1451 1536 1512 articulandum
1586 1455 1663 1515 ad
1698 1469 1977 1515 octavam
2012 1453 2158 1514 dies.
2224 1453 2475 1533 Reliqui
2508 1472 2654 1514 vero
2687 1453 2933 1513 termini
2965 1472 3211 1513 serven-

595 1575 710 1630 tur,
745 1572 927 1636 prout
958 1558 1307 1618 secundum
1340 1559 1568 1640 stylum
1602 1561 1934 1640 antiquum
1966 1576 2056 1620 est
2092 1559 2707 1624 solitum'observari.

812 1672 841 1732 s
896 1683 994 1743 25.
1062 1663 1129 1724 In
1182 1665 1354 1725 tertia
1405 1686 1551 1726 vero
1601 1665 1884 1727 instantia
1930 1682 2250 1728 serventur
2283 1686 2509 1729 omnes
2541 1667 2788 1727 termini
2819 1666 2895 1726 ad
2929 1665 3210 1747 primam,

598 1770 942 1842 secundum
996 1773 1168 1850 quod
1218 1774 1539 1834 consuevit
1586 1773 1931 1853 antiquitus
1963 1773 2294 1851 observari,
2330 1789 2568 1855 praeter
2597 1774 2932 1834 terminum
2964 1774 3040 1833 ad
3073 1771 3215 1832 arti-

599 1877 937 1938 cul-andum
986 1880 1343 1940 observetur
1389 1881 1466 1941 ad
1513 1888 1743 1940 sextam
1792 1880 1978 1941 diem.
2025 1880 2357 1941 ‘Volumus
2388 1879 2638 1961 insuper
2671 1880 2841 1959 quod
2876 1879 3206 1960 praemissa

601 1984 918 2045 vindicent
970 1985 1084 2047 sibi
1129 1987 1359 2064 locum,
1411 2005 1541 2046 non
1589 1987 1797 2047 solum
1841 1987 1919 2047 ad
1973 1987 2237 2066 negotia,
2279 1988 2383 2047 sed
2419 1987 2494 2048 ad
2529 1987 2856 2068 pendentia
2892 1986 3073 2046 etiam
3107 2006 3215 2067 per

600 2090 1076 2172 oppositionem,
1108 2092 1187 2153 ita
1219 2109 1449 2171 tamen,
1502 2094 1674 2173 quod
1711 2113 2034 2174 processus
2068 2093 2271 2175 primo
2306 2094 2500 2154 factus
2534 2109 2783 2174 propter
2816 2094 2935 2153 hoc
2967 2111 3095 2153 non
3127 2092 3216 2151 vi-

599 2198 800 2274 tietur,
834 2198 942 2260 sed
977 2199 1040 2259 in
1075 2198 1335 2279 pristino
1367 2219 1487 2260 suo
1521 2203 1765 2275 robore,
1805 2217 1863 2261 et
1895 2200 2175 2261 firmitate
2211 2199 2502 2281 persistat.

817 2314 845 2375 s
884 2308 985 2368 26.
1039 2307 1351 2367 Praeterea
1399 2306 1575 2367 illum
1626 2327 1831 2385 usum,
1868 2326 1998 2387 quo
2034 2323 2467 2388 procuratores
2500 2304 2978 2367 inobservantia
3011 2304 3216 2365 termi-

605 2430 833 2473 norum
880 2411 1091 2472 dicunt
1138 2432 1201 2473 se
1250 2414 1392 2474 dare
1440 2413 1737 2493 libellum,
1786 2430 1844 2474 et
1876 2414 2168 2475 articulos
2201 2417 2408 2492 verb0,
2443 2429 2503 2475 et
2533 2413 2731 2474 dicere
2765 2429 2976 2473 contra
3009 2413 3217 2485 verb0,

604 2533 662 2577 et
694 2517 773 2578 ita
806 2534 1049 2578 servant
1081 2537 1303 2580 omnes
1337 2520 1651 2599 terminos,
1685 2536 1743 2581 et
1773 2537 1924 2583 tunc
1956 2521 2261 2602 incipiunt
2283 2540 2641 2602 processum
2666 2535 2726 2580 et
2744 2518 3216 2588 dantarticuIOS,

604 2639 663 2686 et
707 2640 937 2686 caetera
985 2625 1214 2689 faciunt
1246 2627 1504 2706 realiter,
1556 2647 1715 2708 quae
1749 2628 2032 2689 dixerunt
2063 2631 2274 2705 verbo,
2307 2628 2393 2688 sic
2426 2628 2716 2688 duximus
2749 2626 3222 2697 moderandum,

604 2734 777 2814 quod
813 2735 1250 2796 Procuratores
1302 2735 1416 2817 ipsi
1468 2754 1606 2817 post
1656 2737 1989 2798 terminum
2044 2737 2504 2799 addicendum
2552 2751 2767 2798 contra
2815 2735 3133 2816 producta,
3166 2750 3222 2794 et

606 2856 744 2901 ante
790 2841 1126 2902 terminum
1174 2843 1250 2902 ad
1300 2843 1735 2905 declarandum
1771 2845 2060 2905 articulos
2095 2843 2274 2924 fact0‚
2310 2844 2612 2905 et'omnia
2647 2863 2804 2924 quae
2840 2842 2915 2903 de
2951 2840 3080 2917 jure
3113 2861 3224 2901 vo-

606 2948 744 3007 lunt
775 2962 834 3007 et
866 2963 1127 3028 possunt
1159 2949 1500 3029 producere
1534 2965 1875 3011 teneantur.

822 3063 851 3122 s
890 3074 989 3120 27.
1028 3055 1100 3114 Et
1132 3056 1435 3135 quoniam
1467 3057 1802 3137 aliquando
1834 3059 2157 3137 contingit,
2177 3060 2351 3140 quod
2386 3074 2525 3139 post
2557 3057 3050 3118 observationem
3085 3072 3222 3115 om-

610 3148 783 3220 nium
829 3161 1257 3240 terminorum,
1309 3163 1541 3225 Notarii
1576 3163 1930 3244 Registrum
1964 3166 2246 3227 ordinare
2280 3185 2336 3226 et
2368 3166 2657 3227 Auditori
2691 3183 2909 3225 causae
2942 3180 3223 3242 praesen-

608 3281 753 3339 tare,
789 3281 846 3326 et
877 3285 1215 3348 postquam
1251 3270 1605 3351 Registrum
1641 3270 2006 3349 hujusmodi
2040 3273 2326 3334 Auditori
2368 3286 2818 3354 praesentatum
2853 3268 3053 3344 fuerit,
3088 3273 3224 3328 Au-

610 3370 837 3432 ditores
870 3373 1010 3454 plus
1044 3375 1256 3438 debito
1288 3396 1539 3439 causam
1573 3378 1867 3441 differunt
1901 3381 2182 3462 expedire
2216 3380 2542 3442 statuimus
2563 3395 2622 3441 et
2642 3380 2823 3440 etiam
2841 3376 3226 3450 ordinamuS‚

610 3479 781 3559 quod
827 3482 1073 3542 servatis
1106 3484 1402 3545 omnibus
1435 3487 1729 3563 terminis,
1783 3488 1850 3548 in
1885 3507 2281 3569 quacumque
2316 3508 2495 3548 causa
2530 3487 2821 3549 Notarius
2853 3485 2961 3566 qui
2993 3482 3228 3563 scripsit

609 3586 675 3646 in
722 3606 903 3648 causa
940 3588 1292 3671 Registrum
1340 3591 1498 3652 infra
1546 3593 1903 3673 quindecim
1952 3594 2082 3655 dies
2134 3595 2436 3655 conficere
2487 3610 2785 3669 teneatur,
2834 3608 2893 3654 et
2926 3590 3228 3665 ordinare,

608 3712 678 3754 ac
724 3694 950 3756 deiude
999 3697 1075 3757 de
1120 3699 1340 3760 salario
1387 3698 1505 3760 sibi
1553 3700 1761 3761 debito
1793 3700 2118 3777 satisfactO,
2151 3701 2327 3762 illum
2373 3702 2574 3763 statim
2624 3722 2740 3762 suo
2778 3698 3060 3762 Auditori
3106 3712 3227 3758 tra-

610 3800 753 3861 dere
803 3817 860 3861 et
904 3803 1214 3881 assignare
1265 3807 1501 3868 debeat.
1573 3808 1645 3869 Et
1690 3809 1914 3869 deinde
1963 3808 2130 3869 idem
2180 3808 2449 3870 Auditor
2497 3826 2830 3890 postquam
2878 3807 3224 3886 Registrum

610 3906 816 3987 ipsum
860 3907 972 3969 sibi
1021 3909 1202 3972 fuerit
1248 3929 1702 3994 praesentatum
1749 3913 2089 3974 terminum
2140 3915 2355 3974 habeat
2402 3913 2677 3975 duorum
2711 3913 3044 3989 mensium,
3075 3910 3229 3972 infra

611 4034 772 4094 quos
804 4036 1051 4077 causam
1089 4019 1286 4099 ipsam
1321 4021 1604 4101 expedire
1637 4037 1934 4098 teneatur,
1971 4021 2086 4082 nisi
2119 4022 2326 4082 forsan
2361 4043 2394 4082 a
2430 4022 2611 4083 nobis
2632 4022 2726 4082 vel
2748 4021 2911 4082 dicto
2932 4020 3227 4080 Vicecan-

612 4121 855 4182 cellario
888 4139 1137 4205 propter
1170 4126 1538 4188 arduitatem
1571 4148 1788 4189 causae
1822 4129 1977 4190 sicut
2008 4149 2190 4210 saepe
2214 4130 2533 4210 contingit,
2555 4128 2851 4207 majorem
2876 4127 3231 4188 dilationem

613 4228 913 4306 habuerit,
961 4229 1037 4290 de
1086 4251 1206 4311 qua
1254 4253 1362 4315 per
1410 4250 1691 4295 nostram
1736 4235 2248 4297 commissionem
2299 4235 2361 4296 in
2398 4235 2681 4316 Registro
2727 4253 2945 4295 causae
2980 4248 3230 4295 constet.

613 4334 918 4413 Alioquin
950 4336 1245 4399 Notarius
1277 4342 1646 4403 sententiam
1683 4343 2342 4405 excommunicationis
2377 4344 2666 4406 incurrat.
2732 4343 2805 4402 Et
2842 4342 2892 4402 si
2926 4342 3002 4402 de
3037 4342 3231 4421 negli-

614 4442 840 4524 gentia,
889 4444 1299 4526 expeditione,
1345 4448 1514 4527 dolo,
1565 4450 1660 4510 vel
1701 4450 1915 4512 fraude
1948 4471 2158 4514 coram
2192 4472 2309 4513 suo
2348 4451 2647 4513 Auditore
2679 4450 2862 4511 fuerit
2893 4465 3230 4527 accusatus,

614 4551 905 4613 salarium
953 4572 1144 4613 suum
1191 4555 1419 4634 perdat,
1466 4558 1540 4617 ad
1577 4558 2033 4639 expeditionem
2067 4560 2145 4620 ad
2179 4558 2472 4619 eumdem
2513 4556 2884 4618 Auditorem
2919 4555 3229 4617 nihilomi-

616 4679 735 4720 nus
785 4659 1270 4740 compellendus.
1332 4662 1407 4722 Et
1454 4662 1881 4744 nihilominus,
1931 4666 2040 4746 qui
2084 4665 2242 4726 infra
2290 4663 2484 4726 dictos
2517 4683 2760 4724 menses
2793 4682 2921 4724 non
2954 4661 3159 4723 habita
3192 4682 3226 4721 a

620 4767 820 4841 nobis,
868 4768 963 4828 vel
1009 4767 1144 4848 ipso
1178 4768 1691 4832 vicecancellario
1730 4771 1962 4852 majore
1996 4773 2287 4835 dilatione
2322 4772 2633 4853 temporis,
2669 4791 2916 4832 causam
2949 4770 3234 4853 expedire

618 4876 1053 4957 contempserit
1103 4896 1175 4937 ex
1221 4893 1371 4939 tunc
1417 4878 1902 4957 jurisdictionem
1949 4881 2201 4958 amittat,
2236 4897 2294 4942 et
2326 4900 2508 4941 causa
2541 4878 2711 4939 alteri
2743 4877 3030 4938 Auditori
3060 4894 3234 4939 com-
