3684 5416
295 1527 354 1560 10

289 2605 354 2637 20

295 3140 354 3181 ²5

297 3674 358 3719 30

295 4211 354 4257 35

1054 351 1321 405 Potestas
1359 345 1740 404 ecclesiastica
1778 357 1835 399 et
1871 342 2175 412 imperium
2214 341 2393 397 civile.
2926 360 3023 426 ¹93

410 534 732 595 extendere
790 535 867 595 ad
926 534 1153 615 peiora.
1246 532 1429 596 Unde
1475 551 1576 592 rex
1623 532 1756 613 ipse
1801 531 1880 590 ad
1925 526 2303 589 audientiam
2349 543 2622 589 nostram
2674 527 3011 610 appellans,

409 640 634 701 obtulit
678 642 765 704 eis
797 641 1079 703 exhibere
1112 639 1406 701 iustitiam
1438 656 1646 699 coram
1681 637 1884 714 nobis,
1917 636 1993 697 ad
2027 655 2217 717 quem
2251 635 2439 696 huius
2471 655 2688 697 causae
2722 634 3024 696 iudicium

409 746 648 807 ratione
681 747 942 810 dominii
974 747 1332 830 pertinebat,
1362 745 1536 826 quod
1567 744 1680 826 ipsi
1712 759 1859 805 sunt
1891 743 2139 825 penitus
2167 742 2489 824 aspernati.
2524 743 2767 805 Deinde
2797 741 3023 803 obtulit

406 853 549 933 illis,
595 871 662 915 ut
691 871 816 916 tarn
848 857 924 916 ab
958 854 1115 935 ips0,
1167 871 1359 934 quam
1390 851 1507 913 illis
1539 866 1807 931 quatuor
1838 849 1949 909 viri
1983 849 2357 929 eligerentur
2388 851 2725 932 prudentes
2756 849 2864 930 qui
2897 867 3025 910 una

411 960 740 1024 nobiscum
791 965 1111 1024 subortam
1163 962 1315 1023 inter
1364 980 1471 1021 eos
1522 959 1897 1021 discordiam
1945 959 2362 1036 terminarent,
2419 959 2803 1041 promittens,
2851 959 3025 1041 quod

408 1084 551 1130 ante
596 1070 809 1131 omnia
856 1085 1164 1131 revocaret
1209 1068 1525 1130 universos
1571 1070 1820 1145 abusus,
1853 1066 2237 1148 quicumque
2270 1068 2526 1130 fuissent
2557 1069 2620 1129 in
2655 1067 2878 1149 Anglia
2911 1085 3026 1128 suo

405 1193 686 1258 tempore
730 1177 1093 1238 introducti:
1155 1176 1263 1237 sed
1310 1193 1425 1237 nec
1471 1176 1592 1236 hoc
1639 1174 1723 1236 illi
1758 1174 1989 1253 dignati
2023 1190 2166 1236 sunt
2198 1191 2525 1258 acceptare.
2590 1175 2877 1237 Tandem
2909 1175 3028 1236 illis

409 1304 516 1346 rex
559 1284 901 1366 proposuit,
948 1284 1122 1364 quod
1170 1302 1313 1343 cum
1363 1281 1550 1361 regni·
1581 1282 1931 1345 dominium
1977 1283 2054 1343 ad
2088 1282 2439 1344 Romanam
2472 1283 2813 1345 Ecclesiam
2845 1282 3030 1364 perti-

411 1409 603 1471 neret,
651 1393 780 1474 ipse
826 1411 957 1452 non
991 1404 1247 1472 poterat,
1281 1408 1394 1450 nec
1426 1390 1690 1450 debebat
1721 1391 1957 1470 absque
1991 1406 2205 1453 nostro
2237 1389 2484 1472 speciali
2517 1391 2813 1452 mandato
2848 1391 3026 1471 quic-

409 1518 602 1579 quam
634 1499 711 1560 de
743 1498 848 1559 illo
878 1498 941 1559 in
978 1514 1262 1560 nostrum
1294 1497 1740 1578 praeiudicium
1773 1498 2118 1559 immutare.
2181 1497 2364 1560 Unde
2397 1518 2610 1560 rursus
2643 1499 2718 1560 ad
2753 1514 3027 1559 nostram

408 1604 787 1665 audientiam
830 1605 1184 1686 appellavit:
1245 1605 1539 1685 seipsum,
1586 1624 1656 1664 ac
1688 1622 1951 1683 regnum
1985 1622 2128 1665 cum
2164 1605 2334 1665 omni
2370 1606 2610 1667 honore
2644 1626 2712 1666 ac
2744 1606 2876 1667 iure
2910 1626 3027 1667 suo

408 1712 782 1793 apostolicae
815 1713 1177 1794 protectioni
1209 1730 1591 1793 supponens.
1669 1711 1788 1771 Sed
1825 1730 1971 1772 cum
2005 1711 2180 1772 nullo
2216 1712 2407 1773 modo
2442 1712 2780 1795 proficeret,
2812 1730 3027 1795 postu-

406 1821 554 1881 lavit
586 1821 662 1881 ab
695 1820 1160 1901 archiepiscopo
1191 1835 1250 1881 et
1280 1819 1605 1900 episcopiS,
1637 1834 1707 1878 ut
1739 1833 2021 1878 nostrum
2045 1836 2495 1898 exequerentur
2517 1822 2899 1899 mandatum,
2933 1823 3029 1884 ius

411 1927 716 1989 Ecclesiae
751 1927 1066 1988 Romanae
1112 1927 1534 2002 defenderent,
1582 1945 1650 1986 ac
1697 1940 2018 1987 tuerentur
2062 1927 2330 1987 eundem
2377 1930 2729 1990 secundum
2764 1929 3028 1991 formam

410 2035 712 2116 privilegii
759 2034 1193 2114 crucesignatis
1239 2032 1477 2093 indulti.
1541 2032 1735 2094 Porro
1782 2052 1926 2093 cum
1974 2032 2089 2113 ipsi
2122 2033 2275 2094 nihil
2309 2034 2536 2095 horum
2571 2035 2764 2096 facere
2797 2035 3030 2099 voluis-

408 2158 563 2218 sent,
610 2141 826 2202 videns
872 2159 935 2200 se
981 2140 1151 2201 omni
1200 2139 1427 2200 auxilio
1466 2155 1525 2200 et
1556 2139 1818 2202 consilio
1852 2139 2231 2212 destitutum,
2266 2140 2567 2221 quicquid
2600 2142 2686 2202 illi
2721 2144 2853 2206 ausi
2886 2162 3030 2207 sunt

410 2266 637 2332 petere,
670 2266 803 2309 non
835 2263 926 2308 est
955 2265 1142 2308 ausus
1172 2246 1299 2328 ipse
1322 2266 1565 2327 negare.
1602 2248 1784 2309 Unde
1807 2246 2167 2328 compulsus
2186 2262 2275 2308 est
2294 2267 2403 2329 per
2420 2249 2545 2309 vim
2567 2266 2626 2310 et
2646 2266 2898 2325 metum,
2918 2253 3028 2333 qui

409 2359 626 2419 cadere
661 2374 793 2416 non
826 2369 1061 2437 poterat
1092 2354 1156 2415 in
1190 2354 1391 2415 virum
1423 2353 1606 2414 etiarn
1640 2354 2290 2426 inconstantissimum,
2331 2357 2847 2437 compositionem
2879 2359 3031 2420 invit

410 2483 557 2526 cum
587 2463 759 2544 ipsis,
793 2481 923 2524 non
953 2462 1156 2524 solum
1188 2461 1391 2538 vilem,
1424 2477 1483 2522 et
1510 2477 1773 2544 turpem,
1806 2481 2021 2523 verum
2054 2463 2237 2524 etiam
2268 2462 2537 2525 illicitam
2572 2480 2630 2524 et
2661 2465 2941 2545 iniquam
2962 2466 3029 2527 in

408 2570 668 2633 nimiam
714 2570 1181 2650 derogationem
1226 2589 1295 2631 ac
1340 2569 1815 2631 diminutionem
1862 2569 1957 2630 sui
2003 2570 2152 2632 iuris
2184 2549 2403 2651 pariter
2434 2588 2492 2632 et
2522 2571 2798 2633 honoris.
2862 2572 3028 2647 Quia

409 2696 560 2739 vero
606 2676 787 2738 nobis
821 2700 854 2738 a
889 2676 1162 2739 Domino
1197 2675 1432 2737 dictum
1463 2691 1553 2738 est
1581 2676 1646 2737 in
1679 2675 2011 2757 Propheta:
2078 2675 2387 2739 Constitui
2421 2692 2479 2738 te
2509 2696 2692 2759 super
2722 2693 2937 2756 gentes
2971 2693 3028 2738 et

412 2804 624 2865 regna,
671 2799 739 2845 ut
784 2784 1007 2846 evellas
1051 2801 1110 2845 et
1143 2785 1441 2860 destruas,
1474 2784 1754 2844 aedifices
1786 2799 1845 2844 et
1876 2785 2140 2865 plantes:
2202 2785 2474 2865 itemque
2522 2805 2627 2865 per
2660 2786 2850 2847 alium
2884 2785 3029 2846 Pro·

414 2894 691 2976 phetam:
741 2893 1022 2954 Dissolve
1054 2890 1477 2970 colligationes
1508 2891 1852 2972 impietatis,
1884 2891 2054 2952 solve
2089 2891 2407 2954 fasciculos
2440 2893 2881 2974 deprimentes;
2918 2914 3033 2955 nos

412 3016 613 3061 tantae
645 3000 1035 3080 malignitatis
1066 2999 1386 3060 audaciam
1422 2998 1808 3061 dissimulare
1841 3000 2123 3061 nolentes
2154 3000 2219 3059 in
2243 3001 2631 3080 Apostolicae
2666 3002 2844 3064 Sedis
2878 3022 3028 3063 con-

413 3124 734 3188 temptum,
780 3106 997 3186 regalis
1027 3106 1174 3168 iuris
1206 3106 1624 3187 dispendium,
1660 3106 2037 3185 Anglicanae
2069 3106 2268 3185 gentis
2300 3110 2725 3189 opprobrium,
2760 3126 2817 3171 et
2848 3132 3032 3193 grave

415 3215 760 3297 periculum
792 3215 979 3276 totius
1026 3213 1257 3292 negotii
1290 3212 1603 3287 Crucifixi,
1649 3214 1824 3293 quod
1872 3213 2090 3292 utique
2138 3214 2503 3289 immineret,
2536 3217 2651 3278 nisi
2684 3237 2793 3299 per
2824 3237 3031 3281 aucto·

414 3324 652 3384 ritatem
705 3340 980 3384 nostram
1032 3337 1460 3382 revocarentur
1510 3321 1740 3394 omnia,
1790 3338 1952 3400 quae
2000 3341 2030 3379 a
2067 3335 2235 3381 tanto
2283 3321 2555 3403 principe
2603 3327 3028 3409 crucesignato

414 3430 612 3491 taliter
655 3444 804 3491 sunt
847 3445 1075 3505 exorta,
1120 3443 1176 3489 et
1220 3428 1356 3508 ipso
1406 3427 1649 3489 volente
1697 3447 1766 3488 ea
1811 3447 2069 3501 servare,
2112 3447 2184 3489 ex
2232 3444 2397 3508 parte
2430 3430 2544 3490 Dei
2588 3433 3033 3514 omnipotentis

415 3537 627 3614 Patris,
672 3552 730 3596 et
763 3536 922 3613 Filii,
966 3551 1026 3596 et
1057 3534 1321 3615 Spiritus
1354 3535 1578 3597 Sancti.
1626 3535 1978 3595 auctoritate
2027 3555 2283 3614 quoque
2317 3537 2741 3617 apostolorum
2780 3542 2936 3602 Petri
2973 3561 3032 3604 et

418 3644 592 3705 Pauli
638 3664 707 3705 ac
758 3659 984 3718 nostra,
1029 3642 1106 3703 de
1152 3642 1472 3702 communi
1522 3640 1774 3702 fratrum
1823 3657 2177 3701 nostrorum
2217 3642 2476 3703 consilio
2510 3647 3029 3726 compositionem

416 3752 778 3813 huiusmodi
810 3751 1211 3831 reprobamus
1258 3749 1498 3831 penitus
1544 3764 1601 3807 et
1651 3748 2021 3808 damnamus
2063 3751 2179 3809 sub
2214 3748 2596 3811 intimatione
2629 3755 3029 3818 anathematis

414 3860 833 3942 prohibentes,
867 3877 944 3918 ne
977 3857 1174 3918 dictus
1206 3876 1310 3917 rex
1341 3875 1478 3916 earn
1511 3858 1832 3917 observare
1865 3872 2229 3933 praesumat,
2260 3872 2362 3916 aut
2395 3856 2660 3920 barones
2694 3880 2838 3921 cum
2858 3881 3030 3924 com-

415 3968 681 4051 plicibus
713 3967 841 4028 suis
875 3966 1070 4047 ipsam
1104 3963 1346 4043 exigant
1377 3962 1717 4023 observari:
1782 3976 1907 4021 tam
1954 3962 2224 4022 chartam
2260 3983 2447 4042 quam
2483 3965 2889 4043 obligationes
2920 3990 3029 4031 seu

415 4075 740 4138 cautiones
782 4090 1219 4153 quaecumque
1267 4089 1380 4152 pro
1427 4069 1556 4151 ipsa
1604 4068 1697 4128 vel
1744 4069 1820 4128 de
1853 4067 1982 4148 ipsa
2015 4086 2160 4129 sunt
2195 4068 2399 4144 factae,
2431 4071 2735 4135 irritantes
2766 4077 3030 4157 penitus,

416 4200 478 4245 et
511 4195 835 4257 cassanteS,
873 4195 938 4241 ut
970 4177 1147 4239 nullo
1180 4196 1464 4256 unquam
1496 4192 1772 4257 tempore
1805 4175 2078 4256 aliquam
2114 4177 2378 4237 habeant
2409 4177 2773 4242 firmitatem.

631 4290 858 4350 Datum
878 4286 1195 4365 Anagniae
1217 4303 1391 4345 nono
1414 4283 1700 4344 kalendas
1720 4283 2101 4364 septembriS,
2122 4283 2511 4365 pontificatus
2530 4287 2720 4347 nostri
2737 4308 2905 4349 anno
2922 4291 3028 4351 de-

416 4401 582 4462 cimo
603 4414 840 4459 octavo.
864 4397 997 4458 Dat.
1017 4394 1116 4456 die
1140 4413 1221 4472 24
1244 4392 1486 4473 augusti
1516 4411 1696 4470 1215,
1729 4389 1943 4471 pontif.
1961 4410 2126 4452 anno
2148 4391 2357 4453 XVIII.
2388 4390 2444 4472 [1.
2463 4413 2512 4455 c.
2534 4414 2670 4475 pag.
2695 4399 2845 4475 298-
2860 4398 3027 4480 300.}

1357 4620 1449 4674 56.
1501 4617 1970 4673 PRIDERIGUS
2009 4619 2096 4674 11.

634 4770 661 4798 ‘
716 4771 1064 4822 Monumenta
1104 4765 1443 4819 Germaniae
1494 4764 1679 4817 histor.
1699 4783 1720 4826 ‚·
1776 4764 1979 4831 Legum
2032 4765 2168 4816 Sect.
2211 4765 2297 4821 IV.
2341 4766 2753 4821 Constitutiones
2801 4772 2860 4820 et
2904 4774 3030 4823 acta

291 4870 357 4911 40
403 4853 629 4924 publica
667 4853 1058 4920 imperatorum
1097 4864 1165 4899 ac
1205 4862 1416 4914 regum.
1455 4843 1719 4899 Tom.11.
1762 4860 1890 4913 pag.
1938 4860 2032 4914 107
2074 4860 2232 4914 seqq.
2300 4844 2863 4909 Winkelmann‚
2916 4850 3031 4903 Ge·

415 4930 655 4986 scln‘cltte
698 4932 896 4983 Kaiser
929 4926 1207 4980 Friedrich
1253 4928 1318 4979 II.
1363 4928 1480 4979 und
1526 4930 1703 4979 seiner
1757 4925 1970 4979 Recislte.
2028 4923 2217 4978 Berlin
2271 4923 2562 4997 1863-165.
2602 4928 2655 4980 T
2659 4966 2671 4978 .
2716 4926 2751 4979 1.
2808 4945 2861 4999 p.
2917 4948 3029 4984 112.

633 5034 922 5079 Galante:
970 5033 1137 5077 Fontes
1167 5032 1249 5084 jur.
1277 5045 1373 5075 can.
2684 5034 2742 5087 13
