<?xml version="1.0" encoding="UTF-8"?>
<!DOCTYPE html PUBLIC "-//W3C//DTD XHTML 1.0 Transitional//EN"
    "http://www.w3.org/TR/xhtml1/DTD/xhtml1-transitional.dtd">
<html xmlns="http://www.w3.org/1999/xhtml" xml:lang="en" lang="en">
 <head>
  <title>
</title>
<meta http-equiv="Content-Type" content="text/html;charset=utf-8" />
  <meta name='ocr-system' content='tesseract 3.04.00' />
  <meta name='ocr-capabilities' content='ocr_page ocr_carea ocr_par ocr_line ocrx_word'/>
</head>
<body>
  <div class='ocr_page' id='page_1' title='image "./fontesiuriscano00unkngoog_0467.png"; bbox 0 0 3684 5416; ppageno 0'>
   <div class='ocr_carea' id='block_1_1' title="bbox 362 1568 416 1601">
    <p class='ocr_par' dir='ltr' id='par_1_1' title="bbox 362 1568 416 1601">
     <span class='ocr_line' id='line_1_1' title="bbox 362 1568 416 1601; baseline -0.019 0"><span class='ocrx_word' id='word_1_1' title='bbox 362 1568 416 1601; x_wconf 80' lang='lat' dir='ltr'>m</span> 
     </span>
    </p>
   </div>
   <div class='ocr_carea' id='block_1_2' title="bbox 364 2101 414 2146">
    <p class='ocr_par' dir='ltr' id='par_1_2' title="bbox 364 2101 414 2146">
     <span class='ocr_line' id='line_1_2' title="bbox 364 2101 414 2146; baseline 0 0"><span class='ocrx_word' id='word_1_2' title='bbox 364 2101 414 2146; x_wconf 78' lang='lat'>⁸5</span> 
     </span>
    </p>
   </div>
   <div class='ocr_carea' id='block_1_3' title="bbox 364 3171 418 3215">
    <p class='ocr_par' dir='ltr' id='par_1_3' title="bbox 364 3171 418 3215">
     <span class='ocr_line' id='line_1_3' title="bbox 364 3171 418 3215; baseline 0 0"><span class='ocrx_word' id='word_1_3' title='bbox 364 3171 418 3215; x_wconf 76' lang='lat'>²5</span> 
     </span>
    </p>
   </div>
   <div class='ocr_carea' id='block_1_4' title="bbox 368 4236 423 4284">
    <p class='ocr_par' dir='ltr' id='par_1_4' title="bbox 368 4236 423 4284">
     <span class='ocr_line' id='line_1_4' title="bbox 368 4236 423 4284; baseline -0.055 0"><span class='ocrx_word' id='word_1_4' title='bbox 368 4236 423 4284; x_wconf 79' lang='lat'>35</span> 
     </span>
    </p>
   </div>
   <div class='ocr_carea' id='block_1_5' title="bbox 1466 388 3077 476">
    <p class='ocr_par' dir='ltr' id='par_1_5' title="bbox 1466 388 3077 476">
     <span class='ocr_line' id='line_1_5' title="bbox 1466 388 3077 476; baseline 0.002 -33"><span class='ocrx_word' id='word_1_5' title='bbox 1466 388 1736 444; x_wconf 80' lang='lat' dir='ltr'>Pontifex</span> <span class='ocrx_word' id='word_1_6' title='bbox 1777 407 2071 446; x_wconf 89' lang='lat' dir='ltr'>romanus.</span> <span class='ocrx_word' id='word_1_7' title='bbox 2981 409 3048 476; x_wconf 65' lang='lat'>4}</span> <span class='ocrx_word' id='word_1_8' title='bbox 3066 412 3077 446; x_wconf 85' lang='grc' dir='ltr'>ι</span> 
     </span>
    </p>
   </div>
   <div class='ocr_carea' id='block_1_6' title="bbox 464 570 3105 5053">
    <p class='ocr_par' dir='ltr' id='par_1_6' title="bbox 464 570 3092 1168">
     <span class='ocr_line' id='line_1_6' title="bbox 464 570 3080 654; baseline 0.002 -23"><span class='ocrx_word' id='word_1_9' title='bbox 464 585 696 647; x_wconf 88' lang='lat' dir='ltr'>contra,</span> <span class='ocrx_word' id='word_1_10' title='bbox 734 589 766 630; x_wconf 89' lang='lat' dir='ltr'>e</span> <span class='ocrx_word' id='word_1_11' title='bbox 800 571 1100 632; x_wconf 90' lang='lat' dir='ltr'>Conclavi</span> <span class='ocrx_word' id='word_1_12' title='bbox 1135 571 1212 632; x_wconf 90' lang='lat' dir='ltr'>ad</span> <span class='ocrx_word' id='word_1_13' title='bbox 1245 591 1352 632; x_wconf 92' lang='lat' dir='ltr'>eos</span> <span class='ocrx_word' id='word_1_14' title='bbox 1395 570 1502 651; x_wconf 91' lang='lat' dir='ltr'>qui</span> <span class='ocrx_word' id='word_1_15' title='bbox 1539 571 1685 632; x_wconf 89' lang='lat' dir='ltr'>foris</span> <span class='ocrx_word' id='word_1_16' title='bbox 1718 588 1920 648; x_wconf 92' lang='lat' dir='ltr'>erunt,</span> <span class='ocrx_word' id='word_1_17' title='bbox 1954 573 2081 633; x_wconf 90' lang='lat' dir='ltr'>ullo</span> <span class='ocrx_word' id='word_1_18' title='bbox 2119 574 2312 634; x_wconf 90' lang='lat' dir='ltr'>modo</span> <span class='ocrx_word' id='word_1_19' title='bbox 2343 573 2533 650; x_wconf 90' lang='lat' dir='ltr'>liceat,</span> <span class='ocrx_word' id='word_1_20' title='bbox 2566 574 2673 654; x_wconf 92' lang='lat' dir='ltr'>qui</span> <span class='ocrx_word' id='word_1_21' title='bbox 2707 575 3080 636; x_wconf 89' lang='lat' dir='ltr'>contrafece-</span> 
     </span>
     <span class='ocr_line' id='line_1_7' title="bbox 466 675 3088 762; baseline 0.002 -26"><span class='ocrx_word' id='word_1_22' title='bbox 466 675 584 738; x_wconf 92' lang='lat' dir='ltr'>rint</span> <span class='ocrx_word' id='word_1_23' title='bbox 616 697 1014 757; x_wconf 87' lang='lat' dir='ltr'>quacumque</span> <span class='ocrx_word' id='word_1_24' title='bbox 1048 678 1341 758; x_wconf 84' lang='lat' dir='ltr'>dignitate</span> <span class='ocrx_word' id='word_1_25' title='bbox 1374 679 1559 739; x_wconf 91' lang='lat' dir='ltr'>etiam</span> <span class='ocrx_word' id='word_1_26' title='bbox 1589 678 1639 740; x_wconf 86' lang='lat' dir='ltr'>si</span> <span class='ocrx_word' id='word_1_27' title='bbox 1671 678 2102 741; x_wconf 88' lang='lat' dir='ltr'>Cardinalatus</span> <span class='ocrx_word' id='word_1_28' title='bbox 2125 681 2364 742; x_wconf 89' lang='lat' dir='ltr'>honore</span> <span class='ocrx_word' id='word_1_29' title='bbox 2383 680 2825 762; x_wconf 79' lang='lat' dir='ltr'><strong>praefulgeant,</strong></span> <span class='ocrx_word' id='word_1_30' title='bbox 2850 700 3088 762; x_wconf 89' lang='lat' dir='ltr'>poenae</span> 
     </span>
     <span class='ocr_line' id='line_1_8' title="bbox 467 783 3088 870; baseline 0.002 -26"><span class='ocrx_word' id='word_1_31' title='bbox 467 783 1123 846; x_wconf 82' lang='lat' dir='ltr'>excommunicationis</span> <span class='ocrx_word' id='word_1_32' title='bbox 1176 784 1330 846; x_wconf 90' lang='lat' dir='ltr'>latae</span> <span class='ocrx_word' id='word_1_33' title='bbox 1376 785 1712 846; x_wconf 91' lang='lat' dir='ltr'>sententiae</span> <span class='ocrx_word' id='word_1_34' title='bbox 1759 784 2132 865; x_wconf 87' lang='lat' dir='ltr'>subjaceant,</span> <span class='ocrx_word' id='word_1_35' title='bbox 2185 787 2544 849; x_wconf 90' lang='lat' dir='ltr'>absolvendi</span> <span class='ocrx_word' id='word_1_36' title='bbox 2578 788 2878 866; x_wconf 82' lang='lat' dir='ltr'>facultate,</span> <span class='ocrx_word' id='word_1_37' title='bbox 2912 809 3088 870; x_wconf 89' lang='lat' dir='ltr'>prae-</span> 
     </span>
     <span class='ocr_line' id='line_1_9' title="bbox 465 876 3090 976; baseline 0.001 -24"><span class='ocrx_word' id='word_1_38' title='bbox 465 907 746 972; x_wconf 91' lang='lat' dir='ltr'>terquam</span> <span class='ocrx_word' id='word_1_39' title='bbox 780 892 844 954; x_wconf 92' lang='lat' dir='ltr'>in</span> <span class='ocrx_word' id='word_1_40' title='bbox 877 892 1095 953; x_wconf 89' lang='lat' dir='ltr'>mortis</span> <span class='ocrx_word' id='word_1_41' title='bbox 1126 892 1405 970; x_wconf 90' lang='lat' dir='ltr'>articu10,</span> <span class='ocrx_word' id='word_1_42' title='bbox 1439 892 1555 955; x_wconf 89' lang='lat' dir='ltr'>soli</span> <span class='ocrx_word' id='word_1_43' title='bbox 1586 876 1867 954; x_wconf 81' lang='lat' dir='ltr'>Pontifici</span> <span class='ocrx_word' id='word_1_44' title='bbox 1904 894 2181 956; x_wconf 83' lang='lat' dir='ltr'>Maximo</span> <span class='ocrx_word' id='word_1_45' title='bbox 2215 911 2533 974; x_wconf 83' lang='lat' dir='ltr'>reservata,</span> <span class='ocrx_word' id='word_1_46' title='bbox 2555 916 2588 955; x_wconf 91' lang='lat' dir='ltr'>a</span> <span class='ocrx_word' id='word_1_47' title='bbox 2610 915 2739 976; x_wconf 90' lang='lat' dir='ltr'>quo</span> <span class='ocrx_word' id='word_1_48' title='bbox 2771 894 3090 956; x_wconf 90' lang='lat' dir='ltr'>nihilomi-</span> 
     </span>
     <span class='ocr_line' id='line_1_10' title="bbox 471 999 3092 1084; baseline 0.001 -24"><span class='ocrx_word' id='word_1_49' title='bbox 471 1018 592 1061; x_wconf 90' lang='lat' dir='ltr'>nus</span> <span class='ocrx_word' id='word_1_50' title='bbox 639 1019 754 1080; x_wconf 91' lang='lat' dir='ltr'>pro</span> <span class='ocrx_word' id='word_1_51' title='bbox 786 999 1074 1080; x_wconf 85' lang='lat' dir='ltr'>qualitate</span> <span class='ocrx_word' id='word_1_52' title='bbox 1108 1000 1310 1062; x_wconf 87' lang='lat' dir='ltr'>delicti</span> <span class='ocrx_word' id='word_1_53' title='bbox 1342 1002 1501 1062; x_wconf 89' lang='lat' dir='ltr'>ultra</span> <span class='ocrx_word' id='word_1_54' title='bbox 1533 1001 1756 1062; x_wconf 89' lang='lat' dir='ltr'>dictam</span> <span class='ocrx_word' id='word_1_55' title='bbox 1789 1002 2453 1064; x_wconf 81' lang='lat' dir='ltr'>excommunicationis</span> <span class='ocrx_word' id='word_1_56' title='bbox 2486 1021 2750 1084; x_wconf 90' lang='lat' dir='ltr'>poenam</span> <span class='ocrx_word' id='word_1_57' title='bbox 2788 1002 3092 1083; x_wconf 88' lang='lat' dir='ltr'>puniendi</span> 
     </span>
     <span class='ocr_line' id='line_1_11' title="bbox 466 1122 668 1168; baseline 0 0"><span class='ocrx_word' id='word_1_58' title='bbox 466 1122 668 1168; x_wconf 90' lang='lat' dir='ltr'>erunt.</span> 
     </span>
    </p>

    <p class='ocr_par' dir='ltr' id='par_1_7' title="bbox 472 1214 3092 1725">
     <span class='ocr_line' id='line_1_12' title="bbox 680 1214 3091 1299; baseline 0.001 -23"><span class='ocrx_word' id='word_1_59' title='bbox 680 1223 710 1285; x_wconf 92' lang='grc'>5</span> <span class='ocrx_word' id='word_1_60' title='bbox 747 1234 849 1276; x_wconf 88' lang='lat'>21.</span> <span class='ocrx_word' id='word_1_61' title='bbox 902 1215 1302 1277; x_wconf 77' lang='lat' dir='ltr'>prohibentes</span> <span class='ocrx_word' id='word_1_62' title='bbox 1348 1215 1530 1277; x_wconf 89' lang='lat' dir='ltr'>etiam</span> <span class='ocrx_word' id='word_1_63' title='bbox 1563 1235 1751 1297; x_wconf 87' lang='lat' dir='ltr'>super</span> <span class='ocrx_word' id='word_1_64' title='bbox 1784 1214 1988 1277; x_wconf 86' lang='lat' dir='ltr'>futura</span> <span class='ocrx_word' id='word_1_65' title='bbox 2022 1217 2323 1278; x_wconf 89' lang='lat' dir='ltr'>electione</span> <span class='ocrx_word' id='word_1_66' title='bbox 2355 1217 2667 1279; x_wconf 88' lang='lat' dir='ltr'>Pontificis</span> <span class='ocrx_word' id='word_1_67' title='bbox 2698 1217 3091 1299; x_wconf 79' lang='lat' dir='ltr'>sponsiones,</span> 
     </span>
     <span class='ocr_line' id='line_1_13' title="bbox 473 1312 3092 1406; baseline 0.002 -25"><span class='ocrx_word' id='word_1_68' title='bbox 473 1312 627 1401; x_wconf 89' lang='lat' dir='ltr'>quas</span> <span class='ocrx_word' id='word_1_69' title='bbox 675 1322 1111 1384; x_wconf 86' lang='lat' dir='ltr'>excommissas</span> <span class='ocrx_word' id='word_1_70' title='bbox 1163 1339 1399 1402; x_wconf 89' lang='lat' dir='ltr'>vocant,</span> <span class='ocrx_word' id='word_1_71' title='bbox 1451 1322 1601 1399; x_wconf 89' lang='lat' dir='ltr'>fieri,</span> <span class='ocrx_word' id='word_1_72' title='bbox 1652 1338 1709 1384; x_wconf 93' lang='lat' dir='ltr'>et</span> <span class='ocrx_word' id='word_1_73' title='bbox 1757 1322 1808 1386; x_wconf 91' lang='lat' dir='ltr'>si</span> <span class='ocrx_word' id='word_1_74' title='bbox 1860 1322 2015 1385; x_wconf 89' lang='lat' dir='ltr'>forte</span> <span class='ocrx_word' id='word_1_75' title='bbox 2067 1339 2279 1386; x_wconf 91' lang='lat' dir='ltr'>contra</span> <span class='ocrx_word' id='word_1_76' title='bbox 2331 1325 2746 1406; x_wconf 89' lang='lat' dir='ltr'>praesentium</span> <span class='ocrx_word' id='word_1_77' title='bbox 2809 1341 3092 1387; x_wconf 89' lang='lat' dir='ltr'>tenorem</span> 
     </span>
     <span class='ocr_line' id='line_1_14' title="bbox 482 1426 3091 1510; baseline 0.002 -22"><span class='ocrx_word' id='word_1_78' title='bbox 482 1426 669 1489; x_wconf 88' lang='lat' dir='ltr'>factae</span> <span class='ocrx_word' id='word_1_79' title='bbox 704 1428 947 1500; x_wconf 89' lang='lat' dir='ltr'>fuerint,</span> <span class='ocrx_word' id='word_1_80' title='bbox 984 1430 1115 1491; x_wconf 88' lang='lat' dir='ltr'>illas</span> <span class='ocrx_word' id='word_1_81' title='bbox 1147 1429 1365 1508; x_wconf 87' lang='lat' dir='ltr'>nullas,</span> <span class='ocrx_word' id='word_1_82' title='bbox 1400 1446 1460 1491; x_wconf 91' lang='lat' dir='ltr'>et</span> <span class='ocrx_word' id='word_1_83' title='bbox 1493 1430 1708 1510; x_wconf 85' lang='lat' dir='ltr'>irritas,</span> <span class='ocrx_word' id='word_1_84' title='bbox 1744 1431 1807 1492; x_wconf 91' lang='lat' dir='ltr'>in</span> <span class='ocrx_word' id='word_1_85' title='bbox 1842 1429 2071 1509; x_wconf 87' lang='lat' dir='ltr'>judicio</span> <span class='ocrx_word' id='word_1_86' title='bbox 2105 1446 2163 1492; x_wconf 93' lang='lat' dir='ltr'>et</span> <span class='ocrx_word' id='word_1_87' title='bbox 2195 1446 2357 1492; x_wconf 83' lang='lat' dir='ltr'>extra</span> <span class='ocrx_word' id='word_1_88' title='bbox 2394 1433 2524 1494; x_wconf 90' lang='lat' dir='ltr'>fore</span> <span class='ocrx_word' id='word_1_89' title='bbox 2557 1448 2616 1494; x_wconf 89' lang='lat' dir='ltr'>et</span> <span class='ocrx_word' id='word_1_90' title='bbox 2647 1432 2910 1494; x_wconf 89' lang='lat' dir='ltr'>omnino</span> <span class='ocrx_word' id='word_1_91' title='bbox 2942 1452 3091 1494; x_wconf 90' lang='lat' dir='ltr'>cen-</span> 
     </span>
     <span class='ocr_line' id='line_1_15' title="bbox 474 1536 3089 1619; baseline 0.002 -23"><span class='ocrx_word' id='word_1_92' title='bbox 474 1536 609 1613; x_wconf 89' lang='lat' dir='ltr'>seri,</span> <span class='ocrx_word' id='word_1_93' title='bbox 659 1553 718 1599; x_wconf 91' lang='lat' dir='ltr'>et</span> <span class='ocrx_word' id='word_1_94' title='bbox 764 1537 1292 1615; x_wconf 86' lang='lat' dir='ltr'>contrafacientes,</span> <span class='ocrx_word' id='word_1_95' title='bbox 1326 1557 1395 1599; x_wconf 90' lang='lat' dir='ltr'>ac</span> <span class='ocrx_word' id='word_1_96' title='bbox 1429 1554 1790 1619; x_wconf 84' lang='lat' dir='ltr'>proxenetas</span> <span class='ocrx_word' id='word_1_97' title='bbox 1824 1538 2076 1599; x_wconf 91' lang='lat' dir='ltr'>arbitrio</span> <span class='ocrx_word' id='word_1_98' title='bbox 2110 1539 2576 1616; x_wconf 85' lang='lat' dir='ltr'>Gubernatoris,</span> <span class='ocrx_word' id='word_1_99' title='bbox 2607 1555 2667 1601; x_wconf 92' lang='lat' dir='ltr'>et</span> <span class='ocrx_word' id='word_1_100' title='bbox 2700 1538 2890 1601; x_wconf 91' lang='lat' dir='ltr'>futuri</span> <span class='ocrx_word' id='word_1_101' title='bbox 2923 1540 3089 1601; x_wconf 88' lang='lat' dir='ltr'>Pon-</span> 
     </span>
     <span class='ocr_line' id='line_1_16' title="bbox 472 1621 1587 1725; baseline 0.001 -20"><span class='ocrx_word' id='word_1_102' title='bbox 472 1643 650 1706; x_wconf 90' lang='lat' dir='ltr'>tificis</span> <span class='ocrx_word' id='word_1_103' title='bbox 683 1644 891 1725; x_wconf 91' lang='lat' dir='ltr'>puniri</span> <span class='ocrx_word' id='word_1_104' title='bbox 925 1645 1147 1706; x_wconf 91' lang='lat' dir='ltr'>debere</span> <span class='ocrx_word' id='word_1_105' title='bbox 1180 1621 1587 1706; x_wconf 66' lang='lat' dir='ltr'>decernimus</span> 
     </span>
    </p>

    <p class='ocr_par' dir='ltr' id='par_1_8' title="bbox 470 1751 3096 2243">
     <span class='ocr_line' id='line_1_17' title="bbox 683 1751 3093 1834; baseline 0 -21"><span class='ocrx_word' id='word_1_106' title='bbox 683 1760 713 1822; x_wconf 92' lang='grc'>5</span> <span class='ocrx_word' id='word_1_107' title='bbox 752 1772 851 1813; x_wconf 92' lang='grc'>22.</span> <span class='ocrx_word' id='word_1_108' title='bbox 899 1751 1262 1813; x_wconf 85' lang='lat' dir='ltr'>Cardinales</span> <span class='ocrx_word' id='word_1_109' title='bbox 1295 1768 1501 1813; x_wconf 90' lang='lat' dir='ltr'>autem</span> <span class='ocrx_word' id='word_1_110' title='bbox 1536 1752 1739 1834; x_wconf 91' lang='lat' dir='ltr'>primo</span> <span class='ocrx_word' id='word_1_111' title='bbox 1773 1753 1910 1833; x_wconf 90' lang='lat' dir='ltr'>ipso</span> <span class='ocrx_word' id='word_1_112' title='bbox 1943 1753 2043 1814; x_wconf 91' lang='lat' dir='ltr'>die</span> <span class='ocrx_word' id='word_1_113' title='bbox 2068 1774 2200 1834; x_wconf 91' lang='lat' dir='ltr'>quo</span> <span class='ocrx_word' id='word_1_114' title='bbox 2222 1755 2533 1816; x_wconf 89' lang='lat' dir='ltr'>Conclave</span> <span class='ocrx_word' id='word_1_115' title='bbox 2554 1754 2812 1834; x_wconf 87' lang='lat' dir='ltr'>ingressi</span> <span class='ocrx_word' id='word_1_116' title='bbox 2845 1753 3093 1831; x_wconf 86' lang='lat' dir='ltr'>fuerint,</span> 
     </span>
     <span class='ocr_line' id='line_1_18' title="bbox 470 1857 3094 1943; baseline 0.001 -24"><span class='ocrx_word' id='word_1_117' title='bbox 470 1875 594 1920; x_wconf 90' lang='lat' dir='ltr'>tam</span> <span class='ocrx_word' id='word_1_118' title='bbox 628 1857 692 1919; x_wconf 92' lang='lat' dir='ltr'>in</span> <span class='ocrx_word' id='word_1_119' title='bbox 725 1858 1006 1940; x_wconf 89' lang='lat' dir='ltr'>prandio,</span> <span class='ocrx_word' id='word_1_120' title='bbox 1054 1877 1243 1938; x_wconf 94' lang='lat' dir='ltr'>quam</span> <span class='ocrx_word' id='word_1_121' title='bbox 1277 1857 1339 1918; x_wconf 91' lang='lat' dir='ltr'>in</span> <span class='ocrx_word' id='word_1_122' title='bbox 1372 1877 1567 1920; x_wconf 88' lang='lat' dir='ltr'>coena</span> <span class='ocrx_word' id='word_1_123' title='bbox 1600 1878 1734 1921; x_wconf 92' lang='lat' dir='ltr'>uno</span> <span class='ocrx_word' id='word_1_124' title='bbox 1765 1860 1903 1921; x_wconf 89' lang='lat' dir='ltr'>solo</span> <span class='ocrx_word' id='word_1_125' title='bbox 1939 1860 2181 1922; x_wconf 90' lang='lat' dir='ltr'>ferculo</span> <span class='ocrx_word' id='word_1_126' title='bbox 2215 1861 2403 1922; x_wconf 93' lang='lat' dir='ltr'>unius</span> <span class='ocrx_word' id='word_1_127' title='bbox 2434 1861 2654 1943; x_wconf 89' lang='lat' dir='ltr'>speciei</span> <span class='ocrx_word' id='word_1_128' title='bbox 2694 1876 2953 1938; x_wconf 92' lang='lat' dir='ltr'>tantum,</span> <span class='ocrx_word' id='word_1_129' title='bbox 2985 1879 3094 1921; x_wconf 90' lang='lat' dir='ltr'>eo·</span> 
     </span>
     <span class='ocr_line' id='line_1_19' title="bbox 477 1964 3096 2049; baseline -0 -22"><span class='ocrx_word' id='word_1_130' title='bbox 477 1985 597 2048; x_wconf 89' lang='lat' dir='ltr'>que</span> <span class='ocrx_word' id='word_1_131' title='bbox 645 1966 988 2044; x_wconf 90' lang='lat' dir='ltr'>moderat0,</span> <span class='ocrx_word' id='word_1_132' title='bbox 1037 1982 1096 2028; x_wconf 92' lang='lat' dir='ltr'>et</span> <span class='ocrx_word' id='word_1_133' title='bbox 1140 1966 1287 2027; x_wconf 89' lang='lat' dir='ltr'>alias</span> <span class='ocrx_word' id='word_1_134' title='bbox 1320 1964 1483 2044; x_wconf 88' lang='lat' dir='ltr'>juxta</span> <span class='ocrx_word' id='word_1_135' title='bbox 1517 1967 2027 2029; x_wconf 91' lang='lat' dir='ltr'>constitutionem</span> <span class='ocrx_word' id='word_1_136' title='bbox 2066 1967 2323 2049; x_wconf 89' lang='lat' dir='ltr'>praefati</span> <span class='ocrx_word' id='word_1_137' title='bbox 2356 1968 2696 2030; x_wconf 86' lang='lat' dir='ltr'>Clementis</span> <span class='ocrx_word' id='word_1_138' title='bbox 2729 1967 2824 2028; x_wconf 91' lang='lat' dir='ltr'>Vl.</span> <span class='ocrx_word' id='word_1_139' title='bbox 2856 1965 3096 2047; x_wconf 86' lang='lat' dir='ltr'>qualifi-</span> 
     </span>
     <span class='ocr_line' id='line_1_20' title="bbox 476 2072 3096 2157; baseline -0 -21"><span class='ocrx_word' id='word_1_140' title='bbox 476 2090 613 2136; x_wconf 85' lang='lat' dir='ltr'>cato</span> <span class='ocrx_word' id='word_1_141' title='bbox 660 2072 935 2135; x_wconf 88' lang='lat' dir='ltr'>contenti</span> <span class='ocrx_word' id='word_1_142' title='bbox 982 2073 1117 2151; x_wconf 89' lang='lat' dir='ltr'>sint,</span> <span class='ocrx_word' id='word_1_143' title='bbox 1169 2088 1226 2134; x_wconf 89' lang='lat' dir='ltr'>et</span> <span class='ocrx_word' id='word_1_144' title='bbox 1272 2092 1402 2134; x_wconf 89' lang='lat' dir='ltr'>esse</span> <span class='ocrx_word' id='word_1_145' title='bbox 1449 2074 1735 2150; x_wconf 89' lang='lat' dir='ltr'>debeant,</span> <span class='ocrx_word' id='word_1_146' title='bbox 1770 2094 1886 2136; x_wconf 91' lang='lat' dir='ltr'>nec</span> <span class='ocrx_word' id='word_1_147' title='bbox 1918 2076 2261 2157; x_wconf 89' lang='lat' dir='ltr'>quisquam</span> <span class='ocrx_word' id='word_1_148' title='bbox 2294 2076 2355 2137; x_wconf 92' lang='lat' dir='ltr'>in</span> <span class='ocrx_word' id='word_1_149' title='bbox 2388 2077 2635 2137; x_wconf 89' lang='lat' dir='ltr'>alterius</span> <span class='ocrx_word' id='word_1_150' title='bbox 2668 2074 2858 2152; x_wconf 90' lang='lat' dir='ltr'>Cella,</span> <span class='ocrx_word' id='word_1_151' title='bbox 2895 2073 2988 2134; x_wconf 87' lang='lat' dir='ltr'>vel</span> <span class='ocrx_word' id='word_1_152' title='bbox 3019 2073 3096 2135; x_wconf 91' lang='lat' dir='ltr'>de</span> 
     </span>
     <span class='ocr_line' id='line_1_21' title="bbox 472 2180 1312 2243; baseline -0.001 -1"><span class='ocrx_word' id='word_1_153' title='bbox 472 2181 717 2243; x_wconf 89' lang='lat' dir='ltr'>alterius</span> <span class='ocrx_word' id='word_1_154' title='bbox 750 2180 985 2242; x_wconf 91' lang='lat' dir='ltr'>ferculo</span> <span class='ocrx_word' id='word_1_155' title='bbox 1016 2195 1312 2242; x_wconf 83' lang='lat' dir='ltr'>vescatur.</span> 
     </span>
    </p>

    <p class='ocr_par' dir='ltr' id='par_1_9' title="bbox 478 2288 3103 3443">
     <span class='ocr_line' id='line_1_22' title="bbox 685 2288 3083 2370; baseline -0.001 -20"><span class='ocrx_word' id='word_1_156' title='bbox 685 2298 714 2358; x_wconf 99' lang='grc'>5</span> <span class='ocrx_word' id='word_1_157' title='bbox 751 2308 851 2369; x_wconf 81' lang='grc'>23.</span> <span class='ocrx_word' id='word_1_158' title='bbox 900 2288 1155 2349; x_wconf 88' lang='lat' dir='ltr'>Praelati</span> <span class='ocrx_word' id='word_1_159' title='bbox 1203 2306 1457 2368; x_wconf 89' lang='lat' dir='ltr'>quoque</span> <span class='ocrx_word' id='word_1_160' title='bbox 1504 2288 1580 2348; x_wconf 90' lang='lat' dir='ltr'>ad</span> <span class='ocrx_word' id='word_1_161' title='bbox 1628 2288 1974 2349; x_wconf 88' lang='lat' dir='ltr'>custodiam</span> <span class='ocrx_word' id='word_1_162' title='bbox 2028 2289 2358 2350; x_wconf 87' lang='lat' dir='ltr'>Conclavis</span> <span class='ocrx_word' id='word_1_163' title='bbox 2402 2288 2678 2370; x_wconf 90' lang='lat' dir='ltr'>deputati</span> <span class='ocrx_word' id='word_1_164' title='bbox 2722 2289 2837 2348; x_wconf 89' lang='lat' dir='ltr'>sub</span> <span class='ocrx_word' id='word_1_165' title='bbox 2884 2306 3083 2368; x_wconf 88' lang='lat' dir='ltr'>poena</span> 
     </span>
     <span class='ocr_line' id='line_1_23' title="bbox 482 2392 3092 2477; baseline -0.001 -21"><span class='ocrx_word' id='word_1_166' title='bbox 482 2394 748 2477; x_wconf 87' lang='lat' dir='ltr'>perjurii,</span> <span class='ocrx_word' id='word_1_167' title='bbox 782 2410 841 2456; x_wconf 90' lang='lat' dir='ltr'>et</span> <span class='ocrx_word' id='word_1_168' title='bbox 871 2394 1294 2476; x_wconf 88' lang='lat' dir='ltr'>suspensionis</span> <span class='ocrx_word' id='word_1_169' title='bbox 1325 2416 1359 2454; x_wconf 90' lang='lat' dir='ltr'>a</span> <span class='ocrx_word' id='word_1_170' title='bbox 1392 2393 1633 2472; x_wconf 91' lang='lat' dir='ltr'>divinis,</span> <span class='ocrx_word' id='word_1_171' title='bbox 1667 2395 1954 2473; x_wconf 86' lang='lat' dir='ltr'>maxima,</span> <span class='ocrx_word' id='word_1_172' title='bbox 1987 2410 2047 2456; x_wconf 89' lang='lat' dir='ltr'>et</span> <span class='ocrx_word' id='word_1_173' title='bbox 2081 2395 2379 2476; x_wconf 86' lang='lat' dir='ltr'>exquisita</span> <span class='ocrx_word' id='word_1_174' title='bbox 2413 2394 2725 2477; x_wconf 84' lang='lat' dir='ltr'>diligentia</span> <span class='ocrx_word' id='word_1_175' title='bbox 2747 2409 2997 2455; x_wconf 88' lang='lat' dir='ltr'>utantur</span> <span class='ocrx_word' id='word_1_176' title='bbox 3028 2392 3092 2453; x_wconf 92' lang='lat' dir='ltr'>in</span> 
     </span>
     <span class='ocr_line' id='line_1_24' title="bbox 478 2498 3096 2582; baseline -0.002 -20"><span class='ocrx_word' id='word_1_177' title='bbox 478 2501 893 2582; x_wconf 83' lang='lat' dir='ltr'>inspiciendis,</span> <span class='ocrx_word' id='word_1_178' title='bbox 940 2520 1011 2561; x_wconf 92' lang='lat' dir='ltr'>ac</span> <span class='ocrx_word' id='word_1_179' title='bbox 1056 2501 1550 2581; x_wconf 88' lang='lat' dir='ltr'>praescrutandis</span> <span class='ocrx_word' id='word_1_180' title='bbox 1599 2500 1819 2581; x_wconf 77' lang='lat' dir='ltr'>epuliS,</span> <span class='ocrx_word' id='word_1_181' title='bbox 1867 2516 1927 2561; x_wconf 89' lang='lat' dir='ltr'>et</span> <span class='ocrx_word' id='word_1_182' title='bbox 1972 2500 2105 2561; x_wconf 86' lang='lat' dir='ltr'>aliis</span> <span class='ocrx_word' id='word_1_183' title='bbox 2152 2503 2335 2561; x_wconf 90' lang='lat' dir='ltr'>rebus</span> <span class='ocrx_word' id='word_1_184' title='bbox 2371 2521 2439 2562; x_wconf 89' lang='lat' dir='ltr'>ac</span> <span class='ocrx_word' id='word_1_185' title='bbox 2472 2500 2755 2581; x_wconf 91' lang='lat' dir='ltr'>personis</span> <span class='ocrx_word' id='word_1_186' title='bbox 2787 2498 3096 2560; x_wconf 89' lang='lat' dir='ltr'>Conclave</span> 
     </span>
     <span class='ocr_line' id='line_1_25' title="bbox 478 2606 3099 2687; baseline -0.002 -17"><span class='ocrx_word' id='word_1_187' title='bbox 478 2609 864 2685; x_wconf 88' lang='lat' dir='ltr'>intrantibus,</span> <span class='ocrx_word' id='word_1_188' title='bbox 896 2624 955 2670; x_wconf 92' lang='lat' dir='ltr'>et</span> <span class='ocrx_word' id='word_1_189' title='bbox 988 2609 1064 2669; x_wconf 92' lang='lat' dir='ltr'>de</span> <span class='ocrx_word' id='word_1_190' title='bbox 1099 2628 1175 2669; x_wconf 89' lang='lat' dir='ltr'>eo</span> <span class='ocrx_word' id='word_1_191' title='bbox 1206 2608 1589 2687; x_wconf 85' lang='lat' dir='ltr'>exeuntibus,</span> <span class='ocrx_word' id='word_1_192' title='bbox 1639 2627 1718 2668; x_wconf 92' lang='lat' dir='ltr'>ne</span> <span class='ocrx_word' id='word_1_193' title='bbox 1751 2610 1869 2668; x_wconf 89' lang='lat' dir='ltr'>sub</span> <span class='ocrx_word' id='word_1_194' title='bbox 1903 2627 2125 2669; x_wconf 89' lang='lat' dir='ltr'>earum</span> <span class='ocrx_word' id='word_1_195' title='bbox 2158 2627 2366 2669; x_wconf 91' lang='lat' dir='ltr'>rerum</span> <span class='ocrx_word' id='word_1_196' title='bbox 2399 2608 2703 2669; x_wconf 88' lang='lat' dir='ltr'>velamine</span> <span class='ocrx_word' id='word_1_197' title='bbox 2734 2606 2964 2667; x_wconf 87' lang='lat' dir='ltr'>litterae</span> <span class='ocrx_word' id='word_1_198' title='bbox 2994 2620 3099 2666; x_wconf 89' lang='lat' dir='ltr'>aut</span> 
     </span>
     <span class='ocr_line' id='line_1_26' title="bbox 478 2713 3097 2797; baseline -0.002 -18"><span class='ocrx_word' id='word_1_199' title='bbox 478 2732 677 2791; x_wconf 91' lang='lat' dir='ltr'>notae,</span> <span class='ocrx_word' id='word_1_200' title='bbox 722 2717 819 2778; x_wconf 89' lang='lat' dir='ltr'>vel</span> <span class='ocrx_word' id='word_1_201' title='bbox 863 2715 1035 2797; x_wconf 82' lang='lat' dir='ltr'>signa</span> <span class='ocrx_word' id='word_1_202' title='bbox 1087 2716 1292 2797; x_wconf 87' lang='lat' dir='ltr'>aliqua</span> <span class='ocrx_word' id='word_1_203' title='bbox 1324 2717 1824 2777; x_wconf 84' lang='lat' dir='ltr'>transmittantur.</span> <span class='ocrx_word' id='word_1_204' title='bbox 1891 2715 2086 2791; x_wconf 91' lang='lat' dir='ltr'>Quod</span> <span class='ocrx_word' id='word_1_205' title='bbox 2119 2716 2169 2777; x_wconf 90' lang='lat' dir='ltr'>si</span> <span class='ocrx_word' id='word_1_206' title='bbox 2203 2717 2319 2778; x_wconf 92' lang='lat' dir='ltr'>tale</span> <span class='ocrx_word' id='word_1_207' title='bbox 2353 2717 2505 2797; x_wconf 90' lang='lat' dir='ltr'>quid</span> <span class='ocrx_word' id='word_1_208' title='bbox 2541 2717 2862 2777; x_wconf 91' lang='lat' dir='ltr'>inventum</span> <span class='ocrx_word' id='word_1_209' title='bbox 2896 2713 3097 2792; x_wconf 90' lang='lat' dir='ltr'>fuerit,</span> 
     </span>
     <span class='ocr_line' id='line_1_27' title="bbox 480 2821 3096 2906; baseline -0.002 -20"><span class='ocrx_word' id='word_1_210' title='bbox 480 2824 805 2886; x_wconf 87' lang='lat' dir='ltr'>familiares</span> <span class='ocrx_word' id='word_1_211' title='bbox 837 2824 1260 2886; x_wconf 89' lang='lat' dir='ltr'>Cardinalium</span> <span class='ocrx_word' id='word_1_212' title='bbox 1295 2839 1398 2884; x_wconf 90' lang='lat' dir='ltr'>aut</span> <span class='ocrx_word' id='word_1_213' title='bbox 1432 2823 1532 2884; x_wconf 86' lang='lat' dir='ltr'>alii</span> <span class='ocrx_word' id='word_1_214' title='bbox 1565 2823 1998 2903; x_wconf 88' lang='lat' dir='ltr'>delinquentes</span> <span class='ocrx_word' id='word_1_215' title='bbox 2033 2844 2299 2906; x_wconf 88' lang='lat' dir='ltr'>poenam</span> <span class='ocrx_word' id='word_1_216' title='bbox 2332 2824 2684 2906; x_wconf 89' lang='lat' dir='ltr'>privationis</span> <span class='ocrx_word' id='word_1_217' title='bbox 2724 2821 3096 2897; x_wconf 84' lang='lat' dir='ltr'>officiorum,</span> 
     </span>
     <span class='ocr_line' id='line_1_28' title="bbox 479 2926 3099 3008; baseline -0.002 -17"><span class='ocrx_word' id='word_1_218' title='bbox 479 2945 539 2991; x_wconf 91' lang='lat' dir='ltr'>et</span> <span class='ocrx_word' id='word_1_219' title='bbox 569 2930 1033 3008; x_wconf 87' lang='lat' dir='ltr'>beneficiorum,</span> <span class='ocrx_word' id='word_1_220' title='bbox 1067 2951 1137 2992; x_wconf 91' lang='lat' dir='ltr'>ac</span> <span class='ocrx_word' id='word_1_221' title='bbox 1175 2930 1570 2991; x_wconf 87' lang='lat' dir='ltr'>inhabilitatis</span> <span class='ocrx_word' id='word_1_222' title='bbox 1602 2932 1679 2991; x_wconf 90' lang='lat' dir='ltr'>ad</span> <span class='ocrx_word' id='word_1_223' title='bbox 1713 2933 1983 3001; x_wconf 83' lang='lat' dir='ltr'>obtenta,</span> <span class='ocrx_word' id='word_1_224' title='bbox 2019 2947 2077 2992; x_wconf 89' lang='lat' dir='ltr'>et</span> <span class='ocrx_word' id='word_1_225' title='bbox 2110 2932 2451 2993; x_wconf 86' lang='lat' dir='ltr'>obtinenda</span> <span class='ocrx_word' id='word_1_226' title='bbox 2483 2931 2812 2992; x_wconf 89' lang='lat' dir='ltr'>incurrant.</span> <span class='ocrx_word' id='word_1_227' title='bbox 2875 2928 2952 2987; x_wconf 83' lang='lat' dir='ltr'>Et</span> <span class='ocrx_word' id='word_1_228' title='bbox 3003 2926 3099 2987; x_wconf 80' lang='lat' dir='ltr'>ul-</span> 
     </span>
     <span class='ocr_line' id='line_1_29' title="bbox 478 3035 3100 3121; baseline -0.002 -22"><span class='ocrx_word' id='word_1_229' title='bbox 478 3039 667 3100; x_wconf 88' lang='lat' dir='ltr'>terius</span> <span class='ocrx_word' id='word_1_230' title='bbox 713 3058 822 3120; x_wconf 91' lang='lat' dir='ltr'>per</span> <span class='ocrx_word' id='word_1_231' title='bbox 853 3037 1351 3099; x_wconf 88' lang='lat' dir='ltr'>Gubernatorem</span> <span class='ocrx_word' id='word_1_232' title='bbox 1396 3038 1741 3098; x_wconf 88' lang='lat' dir='ltr'>carceribus</span> <span class='ocrx_word' id='word_1_233' title='bbox 1790 3039 2242 3121; x_wconf 87' lang='lat' dir='ltr'>mancipentur,</span> <span class='ocrx_word' id='word_1_234' title='bbox 2291 3041 2511 3102; x_wconf 88' lang='lat' dir='ltr'>exinde</span> <span class='ocrx_word' id='word_1_235' title='bbox 2544 3039 2661 3100; x_wconf 86' lang='lat' dir='ltr'>nisi</span> <span class='ocrx_word' id='word_1_236' title='bbox 2692 3038 2769 3098; x_wconf 93' lang='lat' dir='ltr'>de</span> <span class='ocrx_word' id='word_1_237' title='bbox 2802 3035 3100 3096; x_wconf 88' lang='lat' dir='ltr'>mandato</span> 
     </span>
     <span class='ocr_line' id='line_1_30' title="bbox 483 3142 3095 3229; baseline -0.002 -21"><span class='ocrx_word' id='word_1_238' title='bbox 483 3148 627 3208; x_wconf 89' lang='lat' dir='ltr'>novi</span> <span class='ocrx_word' id='word_1_239' title='bbox 665 3145 973 3208; x_wconf 78' lang='lat' dir='ltr'>Pontificis</span> <span class='ocrx_word' id='word_1_240' title='bbox 1024 3146 1281 3207; x_wconf 89' lang='lat' dir='ltr'>minime</span> <span class='ocrx_word' id='word_1_241' title='bbox 1330 3147 1656 3222; x_wconf 86' lang='lat' dir='ltr'>relaxandi,</span> <span class='ocrx_word' id='word_1_242' title='bbox 1707 3148 1814 3207; x_wconf 90' lang='lat' dir='ltr'>sed</span> <span class='ocrx_word' id='word_1_243' title='bbox 1867 3147 1999 3226; x_wconf 80' lang='lat' dir='ltr'>ejus</span> <span class='ocrx_word' id='word_1_244' title='bbox 2050 3149 2295 3210; x_wconf 90' lang='lat' dir='ltr'>arbitrio</span> <span class='ocrx_word' id='word_1_245' title='bbox 2345 3148 2543 3210; x_wconf 90' lang='lat' dir='ltr'>acrius</span> <span class='ocrx_word' id='word_1_246' title='bbox 2588 3144 2886 3229; x_wconf 89' lang='lat' dir='ltr'>punendi,</span> <span class='ocrx_word' id='word_1_247' title='bbox 2918 3142 3095 3205; x_wconf 90' lang='lat' dir='ltr'>omni</span> 
     </span>
     <span class='ocr_line' id='line_1_31' title="bbox 481 3250 3103 3336; baseline -0.002 -21"><span class='ocrx_word' id='word_1_248' title='bbox 481 3254 762 3316; x_wconf 86' lang='lat' dir='ltr'>facultate</span> <span class='ocrx_word' id='word_1_249' title='bbox 794 3254 1080 3333; x_wconf 89' lang='lat' dir='ltr'>Collegio</span> <span class='ocrx_word' id='word_1_250' title='bbox 1114 3254 1542 3315; x_wconf 87' lang='lat' dir='ltr'>Cardinalium</span> <span class='ocrx_word' id='word_1_251' title='bbox 1576 3254 1639 3314; x_wconf 91' lang='lat' dir='ltr'>in</span> <span class='ocrx_word' id='word_1_252' title='bbox 1676 3254 1951 3316; x_wconf 87' lang='lat' dir='ltr'>favorem</span> <span class='ocrx_word' id='word_1_253' title='bbox 1987 3274 2536 3336; x_wconf 89' lang='lat' dir='ltr'>quorumcumque</span> <span class='ocrx_word' id='word_1_254' title='bbox 2569 3254 2678 3334; x_wconf 93' lang='lat' dir='ltr'>qui</span> <span class='ocrx_word' id='word_1_255' title='bbox 2710 3254 2775 3314; x_wconf 92' lang='lat' dir='ltr'>in</span> <span class='ocrx_word' id='word_1_256' title='bbox 2810 3250 3103 3334; x_wconf 89' lang='lat' dir='ltr'>praemis-</span> 
     </span>
     <span class='ocr_line' id='line_1_32' title="bbox 480 3361 2273 3443; baseline -0.001 -20"><span class='ocrx_word' id='word_1_257' title='bbox 480 3364 562 3425; x_wconf 91' lang='lat' dir='ltr'>sis</span> <span class='ocrx_word' id='word_1_258' title='bbox 594 3364 688 3424; x_wconf 88' lang='lat' dir='ltr'>vel</span> <span class='ocrx_word' id='word_1_259' title='bbox 721 3381 940 3423; x_wconf 90' lang='lat' dir='ltr'>eorum</span> <span class='ocrx_word' id='word_1_260' title='bbox 975 3362 1188 3443; x_wconf 90' lang='lat' dir='ltr'>aliquo</span> <span class='ocrx_word' id='word_1_261' title='bbox 1221 3363 1609 3442; x_wconf 89' lang='lat' dir='ltr'>deliquerint,</span> <span class='ocrx_word' id='word_1_262' title='bbox 1641 3361 1905 3421; x_wconf 89' lang='lat' dir='ltr'>omnino</span> <span class='ocrx_word' id='word_1_263' title='bbox 1939 3362 2273 3423; x_wconf 87' lang='lat' dir='ltr'>interdicta.</span> 
     </span>
    </p>

    <p class='ocr_par' dir='ltr' id='par_1_10' title="bbox 482 3465 3105 3983">
     <span class='ocr_line' id='line_1_33' title="bbox 692 3465 3101 3549; baseline -0.002 -20"><span class='ocrx_word' id='word_1_264' title='bbox 692 3478 721 3538; x_wconf 93' lang='grc'>5</span> <span class='ocrx_word' id='word_1_265' title='bbox 758 3489 864 3548; x_wconf 85' lang='lat'>24.</span> <span class='ocrx_word' id='word_1_266' title='bbox 912 3468 1340 3530; x_wconf 89' lang='lat' dir='ltr'>Conclavistae</span> <span class='ocrx_word' id='word_1_267' title='bbox 1389 3488 1556 3547; x_wconf 91' lang='lat' dir='ltr'>ver0,</span> <span class='ocrx_word' id='word_1_268' title='bbox 1610 3484 1669 3529; x_wconf 91' lang='lat' dir='ltr'>et</span> <span class='ocrx_word' id='word_1_269' title='bbox 1718 3468 2109 3549; x_wconf 89' lang='lat' dir='ltr'>quicumque</span> <span class='ocrx_word' id='word_1_270' title='bbox 2163 3469 2260 3529; x_wconf 92' lang='lat' dir='ltr'>alii</span> <span class='ocrx_word' id='word_1_271' title='bbox 2305 3468 2636 3528; x_wconf 88' lang='lat' dir='ltr'>servientes</span> <span class='ocrx_word' id='word_1_272' title='bbox 2681 3465 2978 3527; x_wconf 89' lang='lat' dir='ltr'>Conclavi</span> <span class='ocrx_word' id='word_1_273' title='bbox 3025 3485 3101 3525; x_wconf 84' lang='lat' dir='ltr'>ex</span> 
     </span>
     <span class='ocr_line' id='line_1_34' title="bbox 483 3572 3104 3654; baseline -0.003 -17"><span class='ocrx_word' id='word_1_274' title='bbox 483 3596 663 3637; x_wconf 91' lang='lat' dir='ltr'>causa</span> <span class='ocrx_word' id='word_1_275' title='bbox 711 3575 1075 3637; x_wconf 84' lang='lat' dir='ltr'>infirmitatis</span> <span class='ocrx_word' id='word_1_276' title='bbox 1121 3576 1500 3653; x_wconf 88' lang='lat' dir='ltr'>manifestae,</span> <span class='ocrx_word' id='word_1_277' title='bbox 1546 3592 1603 3637; x_wconf 90' lang='lat' dir='ltr'>et</span> <span class='ocrx_word' id='word_1_278' title='bbox 1649 3575 1924 3654; x_wconf 91' lang='lat' dir='ltr'>notabili,</span> <span class='ocrx_word' id='word_1_279' title='bbox 1975 3597 2009 3635; x_wconf 90' lang='lat' dir='ltr'>a</span> <span class='ocrx_word' id='word_1_280' title='bbox 2045 3575 2304 3637; x_wconf 89' lang='lat' dir='ltr'>Medicis</span> <span class='ocrx_word' id='word_1_281' title='bbox 2335 3574 2545 3635; x_wconf 92' lang='lat' dir='ltr'>medio</span> <span class='ocrx_word' id='word_1_282' title='bbox 2578 3572 2925 3651; x_wconf 86' lang='lat' dir='ltr'>juramento</span> <span class='ocrx_word' id='word_1_283' title='bbox 2958 3588 3104 3652; x_wconf 92' lang='lat' dir='ltr'>pro-</span> 
     </span>
     <span class='ocr_line' id='line_1_35' title="bbox 482 3680 3105 3766; baseline -0.002 -21"><span class='ocrx_word' id='word_1_284' title='bbox 482 3687 672 3761; x_wconf 90' lang='lat' dir='ltr'>batae,</span> <span class='ocrx_word' id='word_1_285' title='bbox 716 3699 776 3744; x_wconf 90' lang='lat' dir='ltr'>et</span> <span class='ocrx_word' id='word_1_286' title='bbox 821 3684 898 3745; x_wconf 91' lang='lat' dir='ltr'>de</span> <span class='ocrx_word' id='word_1_287' title='bbox 943 3703 1250 3746; x_wconf 91' lang='lat' dir='ltr'>consensu</span> <span class='ocrx_word' id='word_1_288' title='bbox 1298 3685 1757 3766; x_wconf 87' lang='lat' dir='ltr'>deputatorum,</span> <span class='ocrx_word' id='word_1_289' title='bbox 1806 3702 2084 3765; x_wconf 91' lang='lat' dir='ltr'>quorum</span> <span class='ocrx_word' id='word_1_290' title='bbox 2133 3683 2318 3744; x_wconf 90' lang='lat' dir='ltr'>etiam</span> <span class='ocrx_word' id='word_1_291' title='bbox 2364 3681 2807 3742; x_wconf 89' lang='lat' dir='ltr'>conscientiam</span> <span class='ocrx_word' id='word_1_292' title='bbox 2840 3680 3105 3760; x_wconf 90' lang='lat' dir='ltr'>desuper</span> 
     </span>
     <span class='ocr_line' id='line_1_36' title="bbox 482 3787 3103 3870; baseline -0.001 -19"><span class='ocrx_word' id='word_1_293' title='bbox 482 3810 835 3869; x_wconf 88' lang='lat' dir='ltr'>oneramus,</span> <span class='ocrx_word' id='word_1_294' title='bbox 870 3806 930 3851; x_wconf 91' lang='lat' dir='ltr'>et</span> <span class='ocrx_word' id='word_1_295' title='bbox 962 3811 1091 3853; x_wconf 91' lang='lat' dir='ltr'>non</span> <span class='ocrx_word' id='word_1_296' title='bbox 1126 3792 1296 3854; x_wconf 91' lang='lat' dir='ltr'>aliter</span> <span class='ocrx_word' id='word_1_297' title='bbox 1326 3793 1559 3870; x_wconf 86' lang='lat' dir='ltr'>exituri,</span> <span class='ocrx_word' id='word_1_298' title='bbox 1593 3792 1768 3853; x_wconf 91' lang='lat' dir='ltr'>nullo</span> <span class='ocrx_word' id='word_1_299' title='bbox 1803 3791 1998 3854; x_wconf 91' lang='lat' dir='ltr'>modo</span> <span class='ocrx_word' id='word_1_300' title='bbox 2034 3791 2249 3852; x_wconf 90' lang='lat' dir='ltr'>reverti</span> <span class='ocrx_word' id='word_1_301' title='bbox 2284 3790 2534 3870; x_wconf 89' lang='lat' dir='ltr'>possint,</span> <span class='ocrx_word' id='word_1_302' title='bbox 2570 3789 2677 3849; x_wconf 90' lang='lat' dir='ltr'>sed</span> <span class='ocrx_word' id='word_1_303' title='bbox 2712 3807 2930 3848; x_wconf 91' lang='lat' dir='ltr'>eorum</span> <span class='ocrx_word' id='word_1_304' title='bbox 2962 3787 3103 3849; x_wconf 94' lang='lat' dir='ltr'>loco</span> 
     </span>
     <span class='ocr_line' id='line_1_37' title="bbox 482 3897 2673 3983; baseline -0.001 -23"><span class='ocrx_word' id='word_1_305' title='bbox 482 3898 583 3960; x_wconf 88' lang='lat' dir='ltr'>alii</span> <span class='ocrx_word' id='word_1_306' title='bbox 617 3900 840 3961; x_wconf 90' lang='lat' dir='ltr'>eodem</span> <span class='ocrx_word' id='word_1_307' title='bbox 872 3919 1126 3982; x_wconf 89' lang='lat' dir='ltr'>prorsus</span> <span class='ocrx_word' id='word_1_308' title='bbox 1158 3917 1436 3983; x_wconf 91' lang='lat' dir='ltr'>tempore</span> <span class='ocrx_word' id='word_1_309' title='bbox 1469 3921 1595 3982; x_wconf 92' lang='lat' dir='ltr'>quo</span> <span class='ocrx_word' id='word_1_310' title='bbox 1627 3899 1891 3961; x_wconf 84' lang='lat' dir='ltr'>infirmis</span> <span class='ocrx_word' id='word_1_311' title='bbox 1923 3900 2197 3976; x_wconf 89' lang='lat' dir='ltr'>exibunt,</span> <span class='ocrx_word' id='word_1_312' title='bbox 2232 3897 2673 3977; x_wconf 80' lang='lat' dir='ltr'>ingrediantur.</span> 
     </span>
    </p>

    <p class='ocr_par' dir='ltr' id='par_1_11' title="bbox 484 4001 3104 4284">
     <span class='ocr_line' id='line_1_38' title="bbox 696 4001 3104 4087; baseline -0.003 -18"><span class='ocrx_word' id='word_1_313' title='bbox 696 4017 725 4077; x_wconf 99' lang='grc'>5</span> <span class='ocrx_word' id='word_1_314' title='bbox 763 4028 864 4087; x_wconf 83' lang='grc'>25.</span> <span class='ocrx_word' id='word_1_315' title='bbox 919 4007 1255 4069; x_wconf 88' lang='lat' dir='ltr'>Statuimus</span> <span class='ocrx_word' id='word_1_316' title='bbox 1287 4008 1491 4080; x_wconf 89' lang='lat' dir='ltr'>etiam,</span> <span class='ocrx_word' id='word_1_317' title='bbox 1526 4024 1582 4068; x_wconf 90' lang='lat' dir='ltr'>et</span> <span class='ocrx_word' id='word_1_318' title='bbox 1615 4007 2020 4087; x_wconf 78' lang='lat' dir='ltr'>declaramuS,</span> <span class='ocrx_word' id='word_1_319' title='bbox 2058 4008 2235 4087; x_wconf 93' lang='lat' dir='ltr'>quod</span> <span class='ocrx_word' id='word_1_320' title='bbox 2268 4007 2318 4067; x_wconf 88' lang='lat' dir='ltr'>si</span> <span class='ocrx_word' id='word_1_321' title='bbox 2341 4006 2495 4067; x_wconf 89' lang='lat' dir='ltr'>forte</span> <span class='ocrx_word' id='word_1_322' title='bbox 2515 4005 2739 4085; x_wconf 88' lang='lat' dir='ltr'>aliquis</span> <span class='ocrx_word' id='word_1_323' title='bbox 2760 4001 3104 4065; x_wconf 90' lang='lat' dir='ltr'>Cardinalis</span> 
     </span>
     <span class='ocr_line' id='line_1_39' title="bbox 485 4109 3097 4190; baseline -0.003 -15"><span class='ocrx_word' id='word_1_324' title='bbox 485 4115 697 4175; x_wconf 89' lang='lat' dir='ltr'>saltem</span> <span class='ocrx_word' id='word_1_325' title='bbox 732 4115 793 4174; x_wconf 90' lang='lat' dir='ltr'>in</span> <span class='ocrx_word' id='word_1_326' title='bbox 832 4114 1208 4175; x_wconf 87' lang='lat' dir='ltr'>Diaconatus</span> <span class='ocrx_word' id='word_1_327' title='bbox 1240 4114 1457 4176; x_wconf 91' lang='lat' dir='ltr'>ordine</span> <span class='ocrx_word' id='word_1_328' title='bbox 1490 4114 1863 4175; x_wconf 89' lang='lat' dir='ltr'>constitutus</span> <span class='ocrx_word' id='word_1_329' title='bbox 1899 4133 2028 4174; x_wconf 90' lang='lat' dir='ltr'>non</span> <span class='ocrx_word' id='word_1_330' title='bbox 2065 4113 2263 4190; x_wconf 89' lang='lat' dir='ltr'>fuerit,</span> <span class='ocrx_word' id='word_1_331' title='bbox 2299 4114 2348 4173; x_wconf 91' lang='lat' dir='ltr'>is</span> <span class='ocrx_word' id='word_1_332' title='bbox 2382 4114 2732 4174; x_wconf 89' lang='lat' dir='ltr'>nullatenus</span> <span class='ocrx_word' id='word_1_333' title='bbox 2764 4110 2840 4171; x_wconf 87' lang='lat' dir='ltr'>ad</span> <span class='ocrx_word' id='word_1_334' title='bbox 2862 4109 3097 4187; x_wconf 88' lang='lat' dir='ltr'>eligen-</span> 
     </span>
     <span class='ocr_line' id='line_1_40' title="bbox 484 4222 1174 4284; baseline -0.001 0"><span class='ocrx_word' id='word_1_335' title='bbox 484 4223 635 4284; x_wconf 91' lang='lat' dir='ltr'>dum</span> <span class='ocrx_word' id='word_1_336' title='bbox 672 4223 909 4284; x_wconf 91' lang='lat' dir='ltr'>admitti</span> <span class='ocrx_word' id='word_1_337' title='bbox 940 4222 1174 4283; x_wconf 90' lang='lat' dir='ltr'>debeat.</span> 
     </span>
    </p>

    <p class='ocr_par' dir='ltr' id='par_1_12' title="bbox 482 4324 3104 5053">
     <span class='ocr_line' id='line_1_41' title="bbox 694 4324 3103 4410; baseline -0.002 -19"><span class='ocrx_word' id='word_1_338' title='bbox 694 4339 723 4399; x_wconf 99' lang='grc'>5</span> <span class='ocrx_word' id='word_1_339' title='bbox 764 4332 864 4391; x_wconf 87' lang='grc'>26.</span> <span class='ocrx_word' id='word_1_340' title='bbox 912 4328 1272 4389; x_wconf 88' lang='lat' dir='ltr'>Cardinales</span> <span class='ocrx_word' id='word_1_341' title='bbox 1317 4345 1522 4389; x_wconf 89' lang='lat' dir='ltr'>autem</span> <span class='ocrx_word' id='word_1_342' title='bbox 1573 4348 1681 4410; x_wconf 89' lang='lat' dir='ltr'>per</span> <span class='ocrx_word' id='word_1_343' title='bbox 1730 4330 1957 4390; x_wconf 90' lang='lat' dir='ltr'>viscera</span> <span class='ocrx_word' id='word_1_344' title='bbox 1994 4328 2444 4389; x_wconf 89' lang='lat' dir='ltr'>misericordiae</span> <span class='ocrx_word' id='word_1_345' title='bbox 2479 4327 2553 4388; x_wconf 93' lang='lat' dir='ltr'>D.</span> <span class='ocrx_word' id='word_1_346' title='bbox 2590 4328 2666 4389; x_wconf 92' lang='lat' dir='ltr'>N.</span> <span class='ocrx_word' id='word_1_347' title='bbox 2698 4327 2840 4387; x_wconf 90' lang='lat' dir='ltr'>Jesu</span> <span class='ocrx_word' id='word_1_348' title='bbox 2875 4324 3103 4387; x_wconf 89' lang='lat' dir='ltr'>Christi</span> 
     </span>
     <span class='ocr_line' id='line_1_42' title="bbox 484 4432 3102 4517; baseline -0.002 -20"><span class='ocrx_word' id='word_1_349' title='bbox 484 4436 662 4497; x_wconf 85' lang='lat' dir='ltr'>enixe</span> <span class='ocrx_word' id='word_1_350' title='bbox 709 4455 1021 4517; x_wconf 75' lang='lat' dir='ltr'>rogamuS,</span> <span class='ocrx_word' id='word_1_351' title='bbox 1068 4451 1125 4496; x_wconf 90' lang='lat' dir='ltr'>et</span> <span class='ocrx_word' id='word_1_352' title='bbox 1173 4437 1514 4513; x_wconf 88' lang='lat' dir='ltr'>hortamur,</span> <span class='ocrx_word' id='word_1_353' title='bbox 1560 4456 1628 4497; x_wconf 90' lang='lat' dir='ltr'>ac</span> <span class='ocrx_word' id='word_1_354' title='bbox 1661 4435 1748 4495; x_wconf 90' lang='lat' dir='ltr'>eis</span> <span class='ocrx_word' id='word_1_355' title='bbox 1782 4435 2196 4496; x_wconf 88' lang='lat' dir='ltr'>nihilominus</span> <span class='ocrx_word' id='word_1_356' title='bbox 2228 4436 2344 4495; x_wconf 88' lang='lat' dir='ltr'>sub</span> <span class='ocrx_word' id='word_1_357' title='bbox 2378 4434 2570 4494; x_wconf 91' lang='lat' dir='ltr'>divini</span> <span class='ocrx_word' id='word_1_358' title='bbox 2604 4432 3102 4494; x_wconf 88' lang='lat' dir='ltr'>interminatione</span> 
     </span>
     <span class='ocr_line' id='line_1_43' title="bbox 482 4539 3104 4625; baseline -0.002 -21"><span class='ocrx_word' id='word_1_359' title='bbox 482 4543 701 4604; x_wconf 91' lang='lat' dir='ltr'>Judicii</span> <span class='ocrx_word' id='word_1_360' title='bbox 736 4543 1163 4625; x_wconf 89' lang='lat' dir='ltr'>praecipimus,</span> <span class='ocrx_word' id='word_1_361' title='bbox 1199 4558 1258 4604; x_wconf 91' lang='lat' dir='ltr'>et</span> <span class='ocrx_word' id='word_1_362' title='bbox 1307 4544 1700 4615; x_wconf 76' lang='lat' dir='ltr'>mandamuS‚</span> <span class='ocrx_word' id='word_1_363' title='bbox 1734 4558 1802 4604; x_wconf 91' lang='lat' dir='ltr'>ut</span> <span class='ocrx_word' id='word_1_364' title='bbox 1833 4544 2220 4605; x_wconf 88' lang='lat' dir='ltr'>attendentes</span> <span class='ocrx_word' id='word_1_365' title='bbox 2252 4540 2746 4622; x_wconf 82' lang='lat' dir='ltr'>magnitudinem</span> <span class='ocrx_word' id='word_1_366' title='bbox 2782 4539 3104 4601; x_wconf 90' lang='lat' dir='ltr'>ministerii</span> 
     </span>
     <span class='ocr_line' id='line_1_44' title="bbox 486 4645 3102 4731; baseline -0.003 -20"><span class='ocrx_word' id='word_1_367' title='bbox 486 4651 661 4730; x_wconf 91' lang='lat' dir='ltr'>quod</span> <span class='ocrx_word' id='word_1_368' title='bbox 694 4669 803 4731; x_wconf 91' lang='lat' dir='ltr'>per</span> <span class='ocrx_word' id='word_1_369' title='bbox 834 4669 940 4711; x_wconf 89' lang='lat' dir='ltr'>eos</span> <span class='ocrx_word' id='word_1_370' title='bbox 974 4664 1279 4727; x_wconf 90' lang='lat' dir='ltr'>tractatur,</span> <span class='ocrx_word' id='word_1_371' title='bbox 1316 4648 1378 4709; x_wconf 89' lang='lat' dir='ltr'>in</span> <span class='ocrx_word' id='word_1_372' title='bbox 1412 4648 1631 4709; x_wconf 90' lang='lat' dir='ltr'>dandis</span> <span class='ocrx_word' id='word_1_373' title='bbox 1663 4647 1987 4727; x_wconf 66' lang='lat' dir='ltr'>suffragiis»,</span> <span class='ocrx_word' id='word_1_374' title='bbox 2022 4667 2093 4708; x_wconf 90' lang='lat' dir='ltr'>ac</span> <span class='ocrx_word' id='word_1_375' title='bbox 2124 4648 2258 4708; x_wconf 89' lang='lat' dir='ltr'>aliis</span> <span class='ocrx_word' id='word_1_376' title='bbox 2290 4647 2583 4709; x_wconf 90' lang='lat' dir='ltr'>omnibus</span> <span class='ocrx_word' id='word_1_377' title='bbox 2615 4663 2672 4708; x_wconf 91' lang='lat' dir='ltr'>et</span> <span class='ocrx_word' id='word_1_378' title='bbox 2703 4645 2958 4725; x_wconf 88' lang='lat' dir='ltr'>singulis</span> <span class='ocrx_word' id='word_1_379' title='bbox 2979 4645 3102 4705; x_wconf 89' lang='lat' dir='ltr'>ele—</span> 
     </span>
     <span class='ocr_line' id='line_1_45' title="bbox 486 4752 3104 4837; baseline -0.002 -20"><span class='ocrx_word' id='word_1_380' title='bbox 486 4756 759 4818; x_wconf 88' lang='lat' dir='ltr'>ctionem</span> <span class='ocrx_word' id='word_1_381' title='bbox 806 4756 1284 4837; x_wconf 90' lang='lat' dir='ltr'>quomodolibet</span> <span class='ocrx_word' id='word_1_382' title='bbox 1328 4755 1863 4833; x_wconf 85' lang='lat' dir='ltr'>concernentibus,</span> <span class='ocrx_word' id='word_1_383' title='bbox 1909 4755 2085 4816; x_wconf 91' lang='lat' dir='ltr'>omni</span> <span class='ocrx_word' id='word_1_384' title='bbox 2134 4755 2283 4815; x_wconf 94' lang='lat' dir='ltr'>dolo</span> <span class='ocrx_word' id='word_1_385' title='bbox 2329 4775 2398 4815; x_wconf 88' lang='lat' dir='ltr'>ac</span> <span class='ocrx_word' id='word_1_386' title='bbox 2448 4755 2681 4831; x_wconf 89' lang='lat' dir='ltr'>fraude,</span> <span class='ocrx_word' id='word_1_387' title='bbox 2718 4752 3104 4831; x_wconf 89' lang='lat' dir='ltr'>factionibus,</span> 
     </span>
     <span class='ocr_line' id='line_1_46' title="bbox 485 4859 3104 4946; baseline -0.002 -21"><span class='ocrx_word' id='word_1_388' title='bbox 485 4878 544 4925; x_wconf 93' lang='lat' dir='ltr'>et</span> <span class='ocrx_word' id='word_1_389' title='bbox 576 4864 930 4925; x_wconf 91' lang='lat' dir='ltr'>animorum</span> <span class='ocrx_word' id='word_1_390' title='bbox 977 4864 1367 4946; x_wconf 89' lang='lat' dir='ltr'>passionibus</span> <span class='ocrx_word' id='word_1_391' title='bbox 1400 4862 1668 4942; x_wconf 89' lang='lat' dir='ltr'>remotis,</span> <span class='ocrx_word' id='word_1_392' title='bbox 1716 4883 1785 4924; x_wconf 89' lang='lat' dir='ltr'>ac</span> <span class='ocrx_word' id='word_1_393' title='bbox 1819 4863 2182 4945; x_wconf 86' lang='lat' dir='ltr'>Principum</span> <span class='ocrx_word' id='word_1_394' title='bbox 2213 4861 2620 4923; x_wconf 88' lang='lat' dir='ltr'>saecularium</span> <span class='ocrx_word' id='word_1_395' title='bbox 2651 4859 3104 4922; x_wconf 90' lang='lat' dir='ltr'>intercessioni-</span> 
     </span>
     <span class='ocr_line' id='line_1_47' title="bbox 484 4966 3102 5053; baseline -0.002 -20"><span class='ocrx_word' id='word_1_396' title='bbox 484 4974 619 5051; x_wconf 60' lang='lat' dir='ltr'>bus»,</span> <span class='ocrx_word' id='word_1_397' title='bbox 653 4972 997 5053; x_wconf 89' lang='lat' dir='ltr'>ceterisque</span> <span class='ocrx_word' id='word_1_398' title='bbox 1031 4970 1365 5034; x_wconf 88' lang='lat' dir='ltr'>mundanis</span> <span class='ocrx_word' id='word_1_399' title='bbox 1396 4971 1771 5053; x_wconf 89' lang='lat' dir='ltr'>respectibus</span> <span class='ocrx_word' id='word_1_400' title='bbox 1806 4969 2062 5031; x_wconf 91' lang='lat' dir='ltr'>minime</span> <span class='ocrx_word' id='word_1_401' title='bbox 2083 4968 2341 5046; x_wconf 88' lang='lat' dir='ltr'>attentis,</span> <span class='ocrx_word' id='word_1_402' title='bbox 2372 4968 2480 5029; x_wconf 89' lang='lat' dir='ltr'>sed</span> <span class='ocrx_word' id='word_1_403' title='bbox 2500 4967 2709 5029; x_wconf 90' lang='lat' dir='ltr'>solum</span> <span class='ocrx_word' id='word_1_404' title='bbox 2731 4966 2936 5028; x_wconf 89' lang='lat' dir='ltr'>Deum</span> <span class='ocrx_word' id='word_1_405' title='bbox 2960 4986 3102 5049; x_wconf 89' lang='lat' dir='ltr'>prae</span> 
     </span>
    </p>
   </div>
  </div>
 </body>
</html>
