3684 5416
467 1480 518 1513 to

470 2013 514 2057 ¹5

465 3088 515 3131 ²5

463 4153 512 4197 35

563 308 671 377 446
1576 305 1847 362 Pontifex
1887 324 2180 361 romanus.

568 512 699 554 non
731 491 960 570 calleat,
997 491 1363 573 publiceque
1400 490 1759 572 profiteatur
1791 510 1860 552 ac
1894 505 2203 564 exerceat3
2255 510 2370 551 nec
2417 491 2750 571 collegium
2786 491 2975 552 ullam
3011 507 3185 573 pote-

568 613 781 659 statem
817 600 1034 659 habeat
1066 597 1461 680 dispensandi
1495 599 1651 660 circa
1686 599 1875 660 dictas
1908 598 2248 679 qualitateS,
2285 598 2527 678 aliaque
2561 598 2911 678 praemissa.

783 715 812 775 S
856 727 947 785 ¹5·
998 707 1110 767 Per
1140 707 1381 767 obitum
1419 705 1750 783 pontificis,
1787 725 1901 767 nec
1936 705 2271 783 camerarii,
2310 725 2425 766 nec
2459 705 2903 786 poenitentiarii
2934 705 3184 766 maioris

569 812 770 874 officia
816 832 1048 873 cessare
1079 832 1111 872 a
1145 811 1320 873 dictis
1368 812 1939 891 praedecessoribus
1972 829 2227 873 cautum
2259 831 2516 892 quoque
2548 812 2866 893 reperitur.
2932 812 3186 884 Verum,

569 918 712 998 quia
745 919 1102 999 contingere
1136 933 1336 999 potest
1367 918 1631 990 alterius,
1663 918 1819 979 sicut
1853 919 1916 979 in
1951 918 2303 978 novissimis
2335 918 2550 979 accidit
2584 918 2866 994 comitiis,
2900 937 2967 978 ac
3000 918 3184 978 etiam

568 1025 891 1105 utriusque
923 1025 1109 1087 officii
1144 1026 1505 1086 huiusmodi
1540 1026 1771 1086 vacatio
1804 1042 1943 1086 ante
1980 1025 2124 1086 novi
2147 1024 2453 1087 Pontificis
2475 1026 2881 1097 creationem;
2916 1024 3184 1086 formam

568 1149 888 1213 propterea
923 1147 1073 1192 tunc
1103 1133 1553 1193 observandam
1586 1132 1851 1192 stabilire
1885 1133 2177 1205 volentes,
2212 1132 2619 1209 decernimus,
2653 1148 2739 1206 ut,
2773 1132 2822 1194 si
2853 1148 2911 1193 et
2931 1132 3184 1212 quando

570 1238 630 1298 id
661 1239 955 1316 evenerit,
991 1239 1390 1317 congregatio
1423 1239 1723 1316 generalis
1745 1238 1953 1299 triduo
1976 1255 2114 1318 post
2135 1254 2406 1299 secutam
2431 1239 2809 1300 vacationem
2830 1238 3177 1300 alterutrius

569 1365 641 1406 ex
675 1344 953 1426 praefatis
986 1345 1204 1406 officiis
1238 1346 1547 1423 habeatur,
1581 1366 1650 1407 ac
1681 1362 1819 1406 vota
1855 1365 1964 1406 seu
1997 1346 2286 1424 suffragia
2318 1345 2738 1423 cardinalium,
2772 1362 2912 1427 post
2933 1346 3183 1407 absolu-

571 1466 703 1512 tum
738 1452 1106 1513 scrutinium
1139 1453 1325 1513 simul
1358 1469 1895 1532 congregatorum,
1947 1472 2060 1534 pro
2093 1453 2489 1534 deputatione
2520 1453 2701 1530 illius,
2734 1453 2842 1533 qui
2875 1453 3183 1514 camerarii

571 1558 664 1618 vel
712 1559 1158 1640 poenitentiarii
1205 1559 1453 1620 maioris
1503 1559 1662 1621 vices
1708 1562 1993 1641 suppleat
2038 1580 2237 1640 usque
2283 1561 2359 1621 ad
2395 1561 2757 1622 electionem
2798 1561 2941 1622 novi
2978 1560 3185 1622 Ponti·

574 1664 721 1742 ficis,
772 1666 1172 1745 exquirantur
1203 1668 1549 1746 denturque
1582 1686 1691 1747 per
1723 1667 2048 1729 schedulas
2079 1683 2340 1730 secretas
2373 1683 2431 1728 et
2461 1667 2788 1747 impressas
2819 1688 2853 1728 a
2885 1666 3184 1747 magistris

572 1773 1102 1834 caeremoniarum
1148 1776 1330 1835 etiam
1376 1777 1450 1835 ab
1484 1774 1744 1835 infirmis
1778 1775 2187 1835 cardinalibus
2220 1774 2617 1853 colligendaS‚
2649 1794 2719 1834 ac
2751 1793 2958 1835 coram
2990 1774 3185 1835 tribus

572 1878 979 1940 cardinalibus
1010 1900 1087 1941 eo
1119 1896 1398 1960 ternpore
1434 1880 1498 1942 in
1532 1881 1753 1942 ordine
1785 1882 2112 1963 prioribus,
2159 1881 2577 1961 praesentibus
2611 1881 2840 1942 eisdem
2874 1899 3183 1941 caeremo-

571 1985 812 2046 niarum
844 1986 1144 2066 magistris
1176 2003 1360 2067 atque
1394 1988 1635 2070 collegii
1669 1989 2012 2063 secretariO,
2044 1988 2443 2069 aperiendas;
2496 1989 2669 2068 isque
2718 1986 3043 2067 deputatus
3077 1986 3186 2046 ha-

573 2094 801 2171 beatur,
849 2094 910 2156 in
943 2114 1134 2175 quem
1166 2097 1365 2156 maior
1396 2115 1534 2176 pars
1568 2113 1858 2156 votorum
1893 2115 2003 2157 seu
2043 2096 2480 2174 suffragiorum
2514 2091 2927 2175 praefatorum
2962 2112 3185 2155 conve·

574 2202 759 2270 nerit;
812 2220 879 2260 ac
911 2202 997 2263 sic
1031 2203 1324 2283 deputato
1361 2202 1673 2264 facultates
1704 2222 1945 2281 omnes,
1979 2223 2134 2283 quas
2166 2204 2295 2284 ipse
2327 2203 2698 2265 camerarius
2730 2203 2827 2262 vel
2859 2201 3185 2283 poeniten-

571 2306 780 2367 tiarius
815 2308 1011 2369 maior
1041 2328 1320 2370 exercere
1353 2326 1609 2392 poterat,
1642 2310 1943 2391 quamdiu
1978 2310 2168 2372 Sedes
2200 2311 2518 2387 vacaverit,
2552 2310 2957 2371 attribuimuS.

786 2423 814 2484 s
874 2417 967 2476 16.
1035 2417 1128 2476 Ad
1182 2417 1349 2495 haec,
1401 2435 1543 2477 cum
1599 2418 1760 2478 iuxta
1811 2433 2028 2478 statuta
2076 2419 2383 2480 dictorum
2432 2418 2970 2498 praedecessorum
3019 2413 3184 2475 idem

573 2520 1078 2601 poenitentiarius
1123 2523 1321 2583 maior
1367 2539 1425 2584 et
1470 2524 1602 2585 eius
1647 2523 1938 2585 officiales
1985 2545 2054 2584 ea
2086 2540 2344 2601 tantum,
2378 2540 2654 2605 tempore
2688 2523 2864 2584 Sedis
2897 2522 3182 2598 vacantis,

572 2627 766 2688 facere
798 2645 855 2690 et
888 2629 1171 2710 expedire
1205 2630 1442 2692 valeant
1474 2631 1549 2692 ad
1584 2631 1788 2693 forum
1822 2630 2226 2693 conscientiae
2261 2632 2574 2692 dumtaxat
2606 2630 2990 2713 pertinentia,
3026 2647 3185 2708 quae

573 2751 849 2816 poterant
880 2738 1120 2798 vivente
1157 2738 1448 2800 Pontifice
1484 2759 1783 2816 exercere,
1816 2753 1874 2799 et
1907 2739 1972 2800 in
2005 2739 2259 2819 reliquis
2281 2757 2511 2799 munus
2533 2756 2751 2799 eorum
2773 2736 3188 2817 conquiescat,

573 2841 678 2902 itat
707 2863 741 2902 a
775 2844 1273 2924 quibuscumque
1306 2846 1862 2907 matrimonialibus
1895 2861 1955 2907 et
1985 2846 2117 2906 aliis
2149 2845 2714 2927 dispensationibus
2746 2864 2816 2906 ac
2846 2843 3184 2904 absolutio-

575 2949 755 3010 nibus
803 2966 859 3010 et
907 2950 1437 3029 declarationibus,
1484 2971 1730 3014 necnon
1776 2953 2097 3033 quibusvis
2141 2954 2275 3014 aliis
2308 2951 2801 3032 expeditionibus
2832 2950 3037 3012 forum
3072 2949 3188 3010 fori

574 3057 811 3117 mixtim
858 3059 952 3119 vel
999 3060 1324 3137 separatim
1373 3061 1847 3140 quomodolibet
1891 3062 2374 3143 respicientibus,
2422 3060 2683 3122 omnino
2730 3059 3031 3119 abstinere
3077 3058 3185 3117 de-

574 3166 788 3237 beant;
838 3163 1078 3244 aliquae
1112 3185 1256 3228 vero
1289 3166 1410 3227 sint
1443 3186 1736 3229 censurae
1770 3169 2225 3247 ecclesiasticae,
2248 3190 2281 3229 a
2312 3167 2538 3248 quibus
2572 3167 2642 3227 iis
2675 3165 2975 3243 innodati,
3009 3184 3185 3247 prae-

572 3285 852 3350 terquam
886 3271 952 3331 in
988 3272 1200 3332 mortis
1232 3273 1491 3336 articulo
1527 3275 1836 3336 constituti
1872 3277 2120 3337 nonnisi
2153 3278 2229 3337 ab
2262 3276 2397 3357 ipso
2433 3277 2722 3335 Romano
2746 3271 3039 3335 Pontifice
3072 3291 3186 3353 pro

572 3391 851 3458 tempore
898 3378 1188 3439 existente
1234 3379 1468 3441 absolvi
1518 3397 1773 3460 queunt,
1821 3382 2107 3461 adempta
2143 3381 2509 3442 nominatim
2547 3379 3023 3460 poenitentiario
3055 3398 3184 3440 ma-

574 3483 686 3544 iori
732 3483 792 3546 id
845 3484 1104 3546 faciendi
1152 3502 1480 3567 potestate;
1534 3503 1714 3567 atque
1749 3487 2062 3549 multoties
2095 3489 2345 3564 accidat,
2381 3503 2449 3548 ut
2478 3487 2702 3549 talibus
2734 3487 3005 3550 censuris
3038 3486 3186 3547 irre-

573 3590 692 3666 titi;
746 3612 883 3653 vere
930 3593 1319 3672 poenitentes
1368 3610 1428 3655 et
1473 3610 1665 3655 errata
1698 3614 1807 3655 sua
1841 3596 2084 3656 sincero
2118 3582 2330 3656 animo
2366 3596 2749 3664 detestantes,
2783 3593 3187 3656 absolutionis

574 3697 941 3760 beneficium
975 3698 1133 3761 Sede
1177 3715 1424 3761 vacante
1473 3701 1709 3762 enixius
1757 3702 2123 3782 implorent:
2173 3721 2303 3782 quo
2349 3701 2705 3783 disciplinae
2752 3699 3186 3763 ecclesiasticae

572 3806 1021 3867 conservationi
1054 3807 1367 3887 simulque
1400 3809 1754 3869 animarum
1788 3808 2089 3886 fidelium,
2134 3828 2295 3890 quos
2329 3810 2443 3869 Dei
2477 3809 2893 3871 misericordia
2926 3810 3002 3870 ad
3036 3827 3185 3890 poe·

571 3912 885 3974 nitentiam
933 3914 1255 3989 vocaverit,
1305 3914 1485 3976 saluti
1534 3916 1892 3977 consultum
1940 3917 2033 3993 sit,
2083 3916 2286 3977 eidem
2318 3916 2787 3998 poenitentiario
2820 3915 3056 3992 maiori,
3092 3914 3187 3975 vel

572 4019 644 4095 ei,
689 4020 797 4099 qui
844 4020 909 4080 in
957 4020 1119 4081 illius
1151 4021 1363 4082 locum
1396 4022 1692 4083 suffectus
1729 4023 1926 4097 fuerit,
1963 4038 2030 4083 ut
2065 4022 2421 4103 praefertur,
2458 4022 2804 4084 facultatem
2837 4022 3183 4101 tribuimuS,

570 4128 643 4186 ab
693 4128 787 4187 his
835 4126 1015 4188 etiarn
1048 4130 1322 4189 censuris
1355 4128 1513 4191 Sede
1547 4145 1797 4191 vacante
1830 4129 2042 4191 fideles
2076 4131 2435 4212 praedictOS,
2470 4151 2534 4191 re
2568 4148 2771 4193 tamen
2805 4130 2974 4211 prius
3007 4129 3071 4190 in
3103 4129 3184 4189 si-

570 4247 828 4313 gnatura
860 4234 1051 4314 ipsius
1084 4235 1273 4296 officii
1298 4237 1798 4298 poenitentiariae
1822 4238 2215 4317 Apostolicae
2249 4238 2608 4311 examinata,
2643 4237 3019 4316 servatisque
3054 4235 3185 4296 aliis

570 4339 901 4418 servandis,
938 4342 1316 4418 absolvendi,
1358 4343 1433 4402 ad
1482 4359 1727 4424 tempus
1761 4344 1989 4405 scilicet
2022 4359 2082 4404 et
2114 4363 2257 4405 cum
2294 4344 2688 4405 reincidentia
2723 4345 2785 4404 in
2818 4345 3007 4405 dictas
3037 4362 3183 4403 cen-

570 4464 774 4505 suras:
824 4446 993 4523 itaut,
1026 4447 1133 4528 qui
1169 4448 1396 4510 fuerint
1426 4449 1708 4525 absoluti,
1742 4451 1817 4511 ad
1853 4469 2091 4512 novum
2124 4448 2502 4526 Pontificem,
2534 4450 2692 4511 intra
2712 4450 3047 4511 terminum
3072 4468 3184 4530 pro

572 4552 853 4615 distantia
904 4554 1190 4616 locorum
1241 4554 1690 4632 definiendum,
1743 4576 2053 4617 recurrere
2105 4572 2163 4617 et
2209 4559 2285 4616 ab
2334 4577 2410 4617 eo
2444 4557 2750 4638 plenariae
2782 4555 3185 4617 absolutionis

572 4658 940 4722 beneficium
988 4677 1193 4742 petere
1240 4678 1298 4723 et
1337 4664 1615 4724 obtinere
1649 4678 2005 4735 teneantur;
2056 4682 2169 4724 nec
2201 4664 2671 4745 poenitentiario
2703 4663 2940 4739 maiori,
2975 4682 3083 4724 seu
3119 4662 3184 4723 in

569 4765 732 4828 illius
778 4768 987 4829 locum
1035 4770 1313 4847 suffectO,
1362 4769 1701 4850 praefixum
1752 4770 2086 4831 terminum
2135 4786 2273 4850 post
2310 4768 2620 4831 Pontificis
2653 4769 3016 4831 electionem
3050 4788 3184 4830 am-·

568 4875 755 4956 pliare
789 4876 882 4936 vel
915 4895 1255 4957 propagare
1288 4877 1501 4938 liceat·
