3684 5416
456 1021 478 1065 5

433 1555 481 1586 10

435 2090 479 2132 15

431 3393 480 3436 25

430 4459 480 4502 ‘35

1687 382 2006 466 Ordinatio.
2208 464 2223 467 v
2948 445 2952 449 ⁴
3046 389 3146 458 363

532 571 777 629 siastici
820 569 1126 649 beneficii,
1171 571 1335 651 quod
1375 571 1460 629 ad
1503 576 1667 629 tuam
1702 570 2089 629 donationem
2126 572 2188 629 in
2225 577 2328 631 tua
2347 573 2559 651 primo
2594 570 2838 631 vacabit
2866 569 3148 633 ecclesia,

534 680 878 738 censuimus
909 677 1411 758 suspendendum.
1446 675 1734 737 Ceterum
1768 680 1915 758 quia
1948 677 2161 736 divina
2194 678 2441 738 docente
2463 680 2773 758 scriptura
2794 678 3150 749 didicimus,

532 786 696 866 quod
721 785 941 844 melior
971 791 1064 844 est
1092 788 1334 865 sapiens
1366 786 1497 844 viro
1511 786 1704 861 forti,
1737 791 1795 844 et
1822 788 1935 865 qui
1964 786 2317 845 dominatur
2348 788 2555 846 animo
2588 792 2997 866 expugnatore
3030 805 3144 844 ur-

535 892 724 965 bium,
770 898 1298 973 quantumcunque
1341 893 1711 952 voluerimus
1757 898 1866 951 aut
1907 892 2214 964 vellemus,
2259 895 2322 952 si
2360 893 2533 953 salva
2554 902 2875 973 possemus
2910 894 3148 952 iustitia

535 1003 780 1074 (contra
824 1021 1000 1080 quam
1053 1021 1170 1061 non
1220 1000 1563 1060 iudicamus
1611 1020 1718 1060 nos
1739 1009 1945 1080 posse,
1978 1020 2160 1081 quum
2194 1003 2386 1060 simus
2420 1002 2482 1060 in
2516 1000 2656 1060 sede
2689 1002 2962 1061 iustitiae
2993 1021 3145 1060 con-

533 1111 793 1183 stitute),
826 1111 1176 1189 praefatam
1210 1107 1647 1167 cancellariam
1669 1108 1992 1188 praedicto
2026 1108 2398 1167 subdiacono
2432 1114 2639 1168 nostro
2673 1112 2966 1187 conferri,
2999 1129 3136 1168 sae-

521 1215 835 1295 pedictum
869 1221 1063 1275 tamen
1098 1214 1178 1275 H.
1215 1216 1289 1274 de
1318 1215 1524 1296 Lamp.
1557 1235 1675 1275 non
1710 1217 2051 1275 invenimus
2084 1216 2172 1274 ita
2204 1213 2593 1295 culpabilem,
2627 1222 2695 1274 ut
2724 1235 2856 1275 eum
2878 1218 3153 1295 exigente

535 1324 775 1384 iustitia
805 1326 939 1404 ipsa
973 1322 1348 1383 cancellaria
1372 1325 1627 1403 privare
1645 1324 1983 1403 possimus,
2016 1342 2223 1402 quum,
2274 1324 2395 1382 etsi
2410 1329 2705 1402 parentes
2739 1325 2868 1383 eius
2901 1323 3149 1404 simpli-

535 1430 717 1488 citate
762 1429 1156 1510 deliquerint,
1202 1429 1369 1489 nihil
1408 1437 1606 1489 tamen
1641 1437 1763 1510 pro
1809 1452 1879 1490 ea
1919 1430 2134 1490 dantes
2180 1435 2289 1489 aut
2332 1431 2515 1489 etiam
2537 1432 2991 1511 promittentes,
3026 1433 3155 1511 ipse

535 1541 732 1595 tamen
767 1538 1191 1597 investituram
1224 1538 1636 1598 cancellariae
1668 1540 1830 1597 sicut
1860 1557 2037 1597 verus
2069 1540 2426 1611 canonicus,
2466 1545 2526 1596 et
2554 1540 2661 1597 cui
2690 1540 2929 1598 ratione
2961 1558 3150 1597 cano-

534 1646 777 1703 nicatus
822 1664 941 1703 non
973 1649 1224 1724 poterat
1265 1647 1492 1725 opponi
1533 1644 1606 1704 de
1652 1646 1786 1704 iure
1818 1645 2109 1722 desectus,
2135 1647 2269 1704 sine
2290 1646 2581 1724 pactione
2613 1645 2887 1725 qualibet
2916 1652 2975 1704 et
3002 1666 3151 1705 con-

533 1754 808 1812 ventione
840 1747 1117 1832 recepitJ.
1154 1752 1283 1811 Nec
1312 1748 1570 1830 [etiam]
1603 1750 1716 1812 fuit
1749 1750 2125 1811 sufficienter
2159 1754 2505 1832 probatum,
2541 1753 2715 1832 quod
2750 1753 3149 1814 cancellarius

536 1878 605 1918 ex
659 1858 867 1920 officio
916 1877 1033 1918 suo
1065 1874 1332 1918 exerceat
1365 1857 1698 1938 spiritualia
1736 1875 2093 1933 memorata,
2130 1877 2328 1937 quum
2364 1878 2430 1918 ea
2467 1859 2671 1938 potius
2704 1860 2779 1918 de
2814 1860 2944 1920 iure
2978 1878 3150 1919 com-

537 1965 709 2026 muni
757 1966 832 2025 ad
881 1965 1291 2025 archidiaconi
1325 1980 1597 2046 spectent
1631 1964 1931 2041 officium,
1972 1980 2421 2046 repraesentare
2460 1965 2735 2025 videlicet
2770 1965 3152 2026 ordinandos

537 2071 846 2154 episcopo,
896 2087 954 2132 et
1000 2072 1139 2134 illos
1184 2072 1548 2147 examinare,
1598 2091 1827 2152 ponere
1876 2073 2123 2133 abbates
2170 2088 2226 2132 et
2260 2071 2590 2132 abbatissas
2626 2071 2688 2131 in
2723 2073 2883 2133 sede.
2952 2070 3149 2150 [Quae

537 2198 733 2259 quum
771 2181 1101 2260 probatum
1135 2178 1210 2238 sit
1242 2193 1350 2238 etc.
1402 2178 1534 2237 Dat.
1571 2179 1801 2238 Perusii
1839 2180 1936 2242 IX.
1975 2180 2105 2240 Kal.
2142 2179 2275 2242 Oct.
2321 2202 2336 2240 1
2367 2178 2525 2258 ¹98]-

538 2430 593 2485 b)
647 2421 1146 2478 Innocentius
1185 2423 1271 2478 111.
1313 2422 1724 2477 Mutinensi
1767 2422 2156 2495 Episcopo
2198 2437 2269 2478 et
2311 2423 2680 2494 Magistro
2721 2423 2788 2476 H.
2830 2423 3149 2478 Subdiu-

539 2521 731 2559 cono
775 2521 864 2557 no
886 2517 1077 2571 stro,
1114 2503 1182 2557 in
1223 2521 1270 2557 c.
1308 2521 1364 2576 ¹3
1392 2505 1458 2556 cte
1484 2507 1759 2574 temporib.
1789 2506 2190 2558 ordinationum
2218 2510 2272 2558 et
2295 2507 2485 2574 qualit.
2522 2506 2972 2559 ordinandorum.
3004 2505 3040 2558 Ι.
3074 2522 3149 2557 ιι.

751 2683 779 2712 *
833 2683 1273 2754 Corp.iur.can.
1313 2682 1402 2736 ed.
1446 2681 1881 2753 Friedberg.
1920 2682 2091 2737 Tom.
2122 2682 2182 2740 11.
2214 2681 2313 2737 col.
2353 2699 2461 2736 121.
2506 2682 2868 2736 Potthast
2910 2700 2959 2737 n.
3000 2684 3148 2756 1327.

539 2847 669 2900 Duo
710 2843 853 2898 sacri
894 2843 1124 2899 ordines
1168 2861 1287 2897 non
1329 2856 1573 2915 possunt
1614 2843 1864 2899 conferri
1905 2844 2092 2898 eidem
2121 2861 2237 2897 uno
2269 2843 2377 2906 die,
2417 2844 2502 2897 vel
2531 2843 2778 2904 duobus,
2808 2843 3148 2898 continuato

1727 2943 1956 2980 lelunlo.

751 3040 981 3101 Literas
1040 3055 1264 3099 vestras
1310 3040 1653 3120 recepimus
1702 3039 2090 3120 responsivas
2138 3058 2325 3119 super
2370 3038 2713 3098 inordinata
2764 3039 3150 3100 ordinatione

539 3145 658 3226 [A]
692 3147 1008 3209 lmolensis
1030 3147 1222 3220 electi,
1247 3166 1434 3227 quem
1471 3145 1587 3226 [G.]
1615 3148 2024 3208 Bononiensis
2045 3146 2379 3227 episcopus
2402 3146 2789 3227 praecedenti
2811 3149 3066 3207 sabbato
3088 3146 3151 3206 in

537 3255 891 3329 diaconum,
926 3270 983 3313 et
1014 3253 1295 3333 sequenti
1330 3253 1426 3313 die
1460 3253 1780 3315 dominico
1803 3254 2171 3314 continuato
2194 3253 2425 3314 ieiunio
2448 3253 2509 3313 in
2534 3256 2959 3334 presbyterum
2983 3253 3146 3313 ordi-

539 3362 719 3422 navit.
754 3361 819 3420 ln
854 3379 982 3440 quo
1016 3377 1323 3440 quantum
1359 3376 1617 3441 uterque
1651 3360 1997 3440 deliquerit,
2030 3361 2343 3420 evidenter
2377 3361 2652 3438 intelligit
2686 3360 2794 3439 qui
2820 3361 3152 3441 prudenter

538 3469 807 3531 attendit.
871 3468 933 3530 Si
984 3468 1148 3528 enim
1207 3483 1543 3548 utrumque
1589 3468 1875 3528 ordinem
1922 3468 2144 3528 eodem
2188 3468 2283 3527 die
2333 3467 2609 3527 conferre
2657 3467 2740 3526 illi
2788 3485 2917 3528 non
2963 3466 3151 3528 licuit.

538 3576 667 3658 pari
700 3595 828 3638 non
860 3577 1031 3637 licuit
1063 3575 1296 3636 ratione
1334 3594 1532 3635 unum
1566 3574 1849 3634 ordinem
1888 3593 2018 3634 uno
2053 3575 2170 3648 die,
2204 3590 2263 3633 et
2295 3574 2486 3634 alium
2521 3573 2711 3633 altero
2747 3572 2978 3633 ieiunio
3001 3591 3148 3632 con·

537 3685 775 3745 tinuato
810 3684 1094 3758 conferri,
1130 3702 1330 3763 quum
1353 3699 1600 3763 propter
1620 3681 2155 3741 continuationem
2183 3680 2391 3740 ieiunii
2416 3678 2661 3739 fictione
2684 3679 2998 3752 canonica,
3022 3672 3148 3737 sive

542 3811 720 3851 mane
768 3791 886 3851 diei
934 3791 1278 3851 dominicae
1326 3789 1597 3851 trahatur
1643 3789 1719 3850 ad
1767 3791 2112 3864 sabbatum,
2165 3788 2291 3847 sive
2328 3806 2575 3866 vespera
2610 3786 2842 3845 sabbati
2877 3785 2951 3845 ad
2987 3785 3151 3844 diem

539 3896 914 3957 dominicam
967 3897 1277 3974 referatur,
1329 3895 1604 3977 profecto
1652 3915 1832 3956 mane
1881 3914 2024 3955 cum
2078 3913 2328 3974 vespera
2365 3913 2474 3953 seu
2512 3912 2757 3972 vespera
2793 3912 2937 3952 cum
2971 3911 3152 3951 mane

539 4004 613 4064 ad
663 4004 932 4064 eundem
969 4004 1130 4064 diem
1169 4005 1470 4085 pertinere
1505 4003 1757 4064 dicetur.
1826 4003 1987 4063 Nam
2020 4003 2087 4079 si,
2122 4018 2428 4081 quantum
2464 4001 2539 4060 ad
2576 4002 2746 4060 bunc
2781 3999 3156 4059 necessitatis

539 4111 866 4172 articulum
899 4111 1172 4192 pertinet,
1209 4131 1389 4171 mane
1425 4112 1498 4171 ad
1534 4130 1735 4181 unum
1770 4110 1953 4185 diem,
1985 4125 2043 4169 et
2077 4128 2326 4188 vespera
2363 4108 2660 4168 referatur
2692 4106 2766 4166 ad
2802 4105 3012 4176 alium,
3047 4124 3157 4165 cur

537 4233 694 4277 esset
738 4218 1123 4280 continuatio
1170 4218 1381 4279 ieiunii
1432 4217 1787 4292 necessaria,
1837 4236 2036 4295 quum
2072 4233 2127 4275 et
2160 4217 2414 4275 sabbato
2449 4229 2587 4275 ante
2626 4232 2905 4288 coenam,
2942 4229 2998 4272 et
3032 4213 3145 4272 do-

541 4324 760 4385 minica
794 4340 932 4385 ante
967 4325 1297 4407 prandium
1333 4324 1745 4402 intelligantur
1779 4344 1911 4384 esse
1946 4323 2176 4383 ieiuni?
2221 4320 2334 4401 [Ne
2358 4338 2560 4382 autem
2596 4321 2644 4381 si
2682 4321 2910 4381 sactum
2934 4320 3159 4398 huius--

540 4431 709 4492 modi
743 4434 859 4492 sub
893 4432 1138 4492 silentio
1172 4433 1565 4492 transiremus
1597 4431 1657 4491 id
1691 4431 1786 4491 alii
1824 4431 2059 4491 licitum
2094 4445 2443 4510 reputantes
2477 4429 2699 4489 similia
2736 4429 2926 4489 facere
2960 4443 3153 4487 atten-

539 4554 754 4614 tarent,
779 4554 837 4599 et
868 4540 954 4600 sic
986 4538 1119 4599 facti
1155 4539 1511 4619 perversitas
1544 4561 1574 4599 a
1610 4537 1868 4618 posteris
1901 4539 2241 4597 traheretur
2276 4537 2337 4597 in
2372 4533 2773 4618 exemplum]‚
2811 4534 3155 4595 Praefatum

541 4645 742 4724 itaque
781 4645 1241 4707 Bononiensem
1289 4645 1670 4726 episcopum,
1718 4663 1784 4706 ut
1830 4644 2125 4725 puniatur
2172 4643 2231 4704 in
2280 4664 2410 4723 quo
2452 4643 2728 4722 deliquit,
2762 4663 2793 4701 a
2829 4641 3154 4701 collatione

538 4753 849 4826 ordinum,
896 4753 1160 4814 diaconii
1207 4753 1433 4814 scilicet
1464 4768 1522 4813 et
1556 4752 1931 4833 presbyterii,
1965 4751 2221 4811 alterum
2260 4769 2405 4810 vero
2438 4751 2512 4809 ab
2548 4748 2937 4808 exsecutione
2972 4747 3157 4808 officii

537 4860 927 4921 sacerdotalis
975 4861 1208 4922 tamdiu
1245 4862 1535 4921 volumus
1569 4878 1816 4919 manere
1851 4877 2210 4940 suspenSOS,
2248 4858 2450 4916 donec
2484 4857 2559 4916 de
2593 4855 2708 4916 illis
2741 4855 2911 4914 aliter
2945 4855 3157 4934 dispo—

540 4988 778 5031 namus,
816 5002 892 5011 -
930 5014 943 5027 .
980 5015 991 5027 .
1026 5015 1038 5028 .
