3684 5416
1060 383 1329 437 Potestas
1367 381 1754 438 ecclesiastica
1799 395 1857 437 et
1893 381 2197 452 imperium
2235 382 2410 438 civile.
2968 387 3035 460 83

413 584 540 641 νος
596 563 637 625 ὸ
689 561 1080 640 ἀνθύπατος
1132 561 1260 644 ἔφη
1310 561 1486 642 πρὸς
1537 559 1700 640 τοὺς
1847 586 1907 645 9.
1943 566 2185 628 Donata
2215 567 2397 628 dixit:
2432 568 2758 631 Honorem
2793 571 3037 632 Caesari

417 669 714 748 λοιπούς·
748 668 1128 748 Ἀπόστητε
1143 669 1278 732 ἀπὸ
1293 672 1415 747 τῆς
1435 668 1699 732 anobo-21·
1757 672 1937 752 quasi
1970 673 2237 750 Caesari,
2266 674 2555 736 timorem
2586 692 2795 739 antem
2829 677 2967 740 deo,

416 775 1699 858 χθείσηςταύτηςπιθανότητος,ὸάγιος
1842 779 2050 841 Vestia
2083 779 2267 842 dixit:
2301 781 2650 844 Christiana
2681 804 2841 849 sum.

421 884 786 962 Σπερὰτος
820 881 971 965 ἔφη.
1016 881 1277 961 Ἐκείνη
1311 883 1494 946 ἐστὶν
1526 885 1698 945 ἐπισ·
1841 885 2128 948 Secunda
2177 887 2360 950 dixit:
2409 889 2605 964 Quod
2649 911 2811 970 snm,
2852 893 3035 973 ipsud

328 1021 352 1063 5
417 990 644 1072 φαλὴς
680 990 1069 1070 πιθανότης,
1116 989 1196 1052 τὸ
1230 989 1697 1071 ἀνδροφονίαν
1752 992 1904 1054 uolo
1936 1013 2087 1056 esse.

412 1099 966 1178 κατεργάζεσθαι
1011 1098 1054 1176 ἢ
1093 1096 1696 1180 ψευδομαρτυρίαν
1853 1117 1946 1161 ιο.
2001 1100 2373 1164 Saturninus
2406 1106 2741 1184 procomul
2779 1105 3035 1186 Sperato

414 1206 976 1280 κατασκευάζειν.
1012 1204 1482 1283 Σατουρνῖνος
1513 1204 1554 1265 ὁ
1588 1207 1696 1267 ἀν-
1754 1205 1933 1266 dixit:
1975 1206 2337 1269 Perseueras
2369 1209 2796 1272 Christianus?

413 1311 721 1389 θύπατος
762 1312 958 1375 εἶπεν·
1023 1310 1131 1390 Μὴ
1170 1312 1550 1397 βουληθῆτε
1578 1313 1697 1389 τῆς
1841 1313 2132 1394 Speratua
2181 1315 2365 1377 dixit:
2430 1317 2820 1380 Christianus
2870 1339 3032 1382 sum.

414 1419 757 1498 τοσαύτης
773 1418 1015 1501 μανίας
1029 1418 1141 1481 καὶ
1154 1416 1699 1500 παραφροσύνης
1754 1436 1814 1481 et
1847 1440 1989 1482 cum
2025 1442 2103 1484 eo
2135 1441 2358 1485 omnes
2389 1443 2855 1489 consenserunt.

301 1556 358 1588 ιο
419 1527 740 1606 γενέσθαι
790 1527 829 1604 ἢ
876 1526 1221 1604 δειχθῆναι
1274 1525 1696 1606 συμμέτοχοι.
1856 1548 1873 1588 ι
1901 1548 1951 1588 t.
2016 1528 2387 1592 Saturninus
2448 1534 2782 1612 proconsul
2859 1536 3033 1597 dixit:

418 1632 458 1693 ὸ
489 1631 571 1695 δὲ
600 1634 796 1710 ἅγιος
813 1633 1122 1708 Κιττῖνος
1151 1629 1516 1715 ὑπολαβὼν
1547 1635 1698 1694 ἀπε·
1753 1635 2083 1715 Numquid
2122 1636 2198 1697 ad
2245 1638 2713 1701 deliberandum
2766 1643 3034 1723 spatium

413 1740 711 1818 κρίνατο·
764 1737 999 1821 εΗμεῖς
1029 1741 1158 1803 οὐκ
1190 1737 1429 1821 ἔχομεν
1461 1738 1699 1815 ἕτερον
1754 1742 1975 1804 uultia?

414 1848 498 1911 ὃν
562 1847 991 1931 φοβηθῶμεν,
1058 1847 1115 1908 εἰ
1166 1846 1252 1927 μὴ
1296 1844 1534 1925 κύριον
1578 1844 1698 1909 τὸν
1841 1849 2132 1930 Speratus
2153 1850 2333 1912 dixit:
2368 1851 2435 1913 ln
2458 1872 2521 1915 re
2542 1869 2665 1915 tam
2690 1854 2843 1917 iusta
2864 1857 3031 1918 nulla

413 1955 582 2019 θεὸν
613 1955 797 2037 ἡμῶν
827 1952 947 2016 τὸν
978 1954 1053 2015 ἐν
1078 1956 1223 2031 τοῖς
1239 1955 1565 2032 οὐρανοῖς
1583 1971 1695 2015 κα·
1751 1973 1840 2018 est
1872 1956 2245 2019 deliberatio

297 2092 349 2135 15
413 2064 788 2128 τοικοῦντα.
849 2061 890 2140 ἡ
924 2059 1007 2123 δὲ
1039 2060 1199 2138 ἁγία
1231 2062 1514 2126 Δονᾶτα
1542 2058 1692 2140 ἔφη·
1853 2084 1944 2125 12.
2006 2063 2378 2126 Saturninus
2440 2069 2778 2147 proconsul
2853 2069 3030 2132 dixit:

416 2167 559 2246 Τὴν
591 2167 711 2249 μὲν
741 2167 929 2249 τιμὴν
960 2168 1052 2249 τῷ
1084 2167 1387 2244 Καίσαρι
1420 2165 1694 2243 ὡςΚαί-
1753 2171 1935 2247 Quae
1968 2187 2115 2233 sunt
2146 2192 2242 2233 res
2274 2171 2339 2232 in
2369 2191 2551 2253 *capsa
2582 2180 2820 2237 uestra?

415 2292 597 2354 σαρι,
645 2274 769 2338 τὸν
809 2274 1035 2360 φόβον
1079 2271 1164 2337 δὲ
1206 2274 1295 2354 τῷ
1340 2273 1480 2354 θεῷ
1512 2273 1695 2354 ἡμῶν
1839 2277 2132 2359 Speratus
2181 2277 2366 2339 dixit:
2418 2278 2585 2340 Libri
2632 2296 2690 2341 et
2734 2283 3031 2362 epistulae

415 2381 850 2464 ἀποδίδομεν.
913 2382 969 2460 ἡ,
1004 2379 1086 2444 δὲ
1128 2380 1295 2459 ἁγία
1326 2378 1560 2443 Ἑστία
1595 2381 1692 2442 λέ·
1752 2385 1924 2447 Pauli
1960 2385 2076 2446 uiri
2109 2384 2271 2450 iusti.

412 2509 534 2567 γει·
613 2488 788 2567 Ἐγὼ
849 2487 1220 2566 Χριστιανὴ
1266 2486 1692 2568 καθίσταμαι.
1851 2511 1945 2572 ¹3·
2013 2490 2385 2554 Saturninus
2452 2494 2789 2574 proconsul
2847 2495 3027 2558 dixit:

284 2624 358 2656 20
413 2595 508 2659 ἔτι
540 2594 623 2658 δὲ
653 2596 692 2673 ἡ
728 2594 891 2674 ἁγία
911 2592 1279 2657 Σεκούνδα
1297 2591 1446 2675 ἔφη·
1465 2591 1695 2670 “Οπερ
1751 2600 1992 2661 Moram
2015 2599 2190 2660 XXX
2210 2599 2455 2661 dierum
2489 2600 2705 2662 habete
2738 2616 2796 2663 et
2827 2622 3030 2664 recor-

407 2702 559 2786 εἰμί,
593 2704 704 2765 καὶ
738 2701 1069 2785 διαμεῖναι
1098 2699 1493 2783 πορεύομαι.
1542 2700 1697 2764 τότε
1751 2705 2006 2768 demini.
2622 2763 2626 2767 ⁴

415 2811 884 2888 Σατουρνῖνος
915 2810 956 2871 ὁ
989 2807 1383 2886 ἀνθύπατος
1413 2809 1503 2889 τῷ
1525 2808 1695 2890 ἁγίῳ
1842 2815 2131 2896 Speratus
2163 2814 2387 2876 iterum
2419 2813 2599 2874 dixit:
2647 2816 3033 2878 Christianus

416 2918 751 2999 Σπεράτῳ
800 2916 998 2979 εἶπεν·
1065 2916 1430 2997 Ἐπιμένεις
1479 2913 1694 2978 ὡσαύ-
1750 2940 1913 2984 sum.
1949 2936 2009 2982 et
2040 2941 2184 2983 cum
2215 2941 2293 2985 eo
2326 2941 2546 2984 omnes
2564 2942 3029 2987 consenserunt.

364 3004 372 3012 ’
413 3045 547 3101 τως
566 3023 1005 3102 Χριστιανός;
1042 3023 1082 3085 ὸ
1114 3024 1312 3102 ἅγιος
1334 3023 1697 3101 Σπερᾶτος
1854 3049 1948 3107 14·
1968 3028 2339 3090 Saturninus
2360 3032 2697 3109 proconsul
2718 3031 3033 3094 decretum

292 3163 350 3206 ας
417 3130 616 3195 εἶπεν·
654 3129 1067 3210 Χριστιανὸς
1093 3130 1390 3210 ὑπάρχω.
1425 3129 1505 3193 τὸ
1525 3129 1696 3192 αὐτὸ
1752 3156 1824 3197 ex
1845 3136 2064 3197 tabella
2087 3136 2391 3197 recitauit:
2414 3136 2759 3217 Speratum,
2780 3140 3031 3200 Nartza-

416 3239 497 3302 δὲ
525 3242 639 3302 καὶ
673 3240 737 3301 οἱ
767 3240 986 3303 λοιποὶ
1011 3240 1261 3317 πάντες
1280 3241 1458 3318 ἅγιοι
1481 3238 1692 3302 εἶπαν·
1750 3243 1906 3321 lum,
1960 3242 2296 3316 Cittinum,
2350 3243 2691 3321 Donatam,
2742 3246 3033 3318 Vestiam,

416 3346 885 3425 Σατουρνῖνος
906 3346 948 3408 ὁ
970 3346 1361 3423 ἀνθύπατος
1394 3346 1544 3427 ἔφη·
1580 3345 1692 3425 Μὴ
1752 3349 2105 3410 Secundam
2128 3365 2185 3409 et
2206 3364 2442 3410 ceteros
2458 3349 2575 3412 ritu
2597 3350 2953 3415 Christiano
2968 3374 3032 3414 se

416 3457 557 3533 ἄρα
589 3452 763 3531 πρὸς
795 3451 1157 3535 διάσκεψιν
1177 3455 1526 3534 ἀναμονῆς
1545 3452 1692 3533 χρῄ·
1752 3457 1967 3519 uiuere
1988 3454 2327 3533 confessos,
2350 3457 2650 3536 quoniam
2686 3458 2887 3520 oblata
2917 3460 3032 3521 sibi

415 3563 596 3636 ζετε;
647 3561 686 3621 ὁ
727 3562 924 3639 ἅγιος
959 3561 1323 3640 Σπερᾶτος
1362 3560 1513 3642 ἔφη·
1581 3561 1695 3623 Ἐν
1751 3564 2030 3626 facultate
2079 3564 2155 3624 ad
2189 3564 2625 3625 Romanorum
2663 3584 2901 3626 morem
2938 3586 3031 3627 re-

297 3696 356 3740 30
415 3668 750 3750 πράγματι
813 3665 1034 3744 οὕτως
1082 3667 1364 3750 εγκρίτῳ
1410 3666 1694 3749 οὐδεμία
1749 3672 1985 3734 deundi
2035 3670 2414 3732 obstinanter
2455 3689 3030 3751 perseuerauerunt,

414 3773 817 3837 καθίσταται
843 3773 1054 3858 βουλὴ
1077 3774 1118 3853 ἢ
1141 3773 1522 3856 διάσκεψις.
1560 3775 1693 3837 Σα-
1751 3779 1962 3860 gladio
1994 3777 2402 3839 animaduerti
2438 3778 2651 3858 placet.

415 3885 770 3960 τουρνῖνος
803 3880 842 3942 ὸ
877 3879 1270 3958 ἀνθύπατος
1303 3880 1449 3962 ἔφη·
1491 3883 1694 3944 Ποῖαι
1855 3906 1947 3964 ι5.
1984 3883 2275 3965 Speratus
2295 3883 2469 3944 dixit:
2508 3883 2642 3946 Deo
2664 3884 2885 3966 gratias
2904 3885 3032 3966 agi-

416 3993 862 4070 πραγματεῖαι
909 3986 1078 4073 <ἐν>
1125 3994 1268 4065 τοῖς
1346 3989 1696 4070 ὑμετέροις
1750 4011 1911 4052 mus».

417 4095 804 4158 ἀπόκεινται
837 4093 1187 4166 σκεύεσιν;
1222 4095 1261 4155 ὁ
1295 4097 1493 4173 ἅγιος
1527 4094 1694 4158 Σπε-
1846 4096 2168 4160 Nartzalus
2233 4097 2414 4158 dixit:
2480 4098 2685 4159 Hodie
2735 4114 3033 4181 martyres

301 4230 357 4273 33
419 4204 632 4280 ρᾶτος
677 4201 873 4264 εἶπεν·
942 4201 1030 4263 Αἱ
1075 4203 1229 4264 καθ’
1268 4203 1445 4283 ἡμᾶς
1481 4202 1695 4287 βίβλοι
1753 4205 1815 4266 in
1851 4205 2032 4265 caelis
2065 4222 2303 4266 sumus.
2338 4204 2458 4267 deo
2488 4205 2727 4284 gratias

415 4308 527 4371 καὶ
572 4309 642 4371 αἱ
687 4307 859 4386 πρὸς
905 4309 1008 4370 ἐπὶ
1054 4307 1319 4385 τούτοις
1353 4308 1695 4371 ἐπιστολαὶ
1854 4313 1943 4374 16.
1979 4311 2354 4372 Saturninus
2376 4312 2710 4393 proconsul
2732 4332 2841 4393 per
2860 4332 3032 4394 prae-

417 4414 705 4480 Παύλου
725 4418 845 4477 τοῦ
866 4414 1065 4477 ὁσίου
1087 4415 1366 4493 ἀνδρός.
1391 4416 1694 4493 Σατουο
1750 4438 1979 4481 eonem
2004 4419 2124 4480 dici
2157 4418 2357 4479 iussit:
2399 4419 2742 4500 Speratum,
2780 4420 3033 4481 Nartza-

415 4520 1077 4601 νῖνοςὸἀνθύπατος
1109 4521 1255 4603 ἔφη·
1291 4523 1698 4604 Προθεσμία
1750 4528 1902 4604 lum,
1958 4526 2283 4603 Cittinum,
2332 4525 2679 4603 Veturium,
2744 4524 3032 4607 Felicem,

418 4630 783 4708 τριάκοντα
813 4628 1081 4710 ἡμερῶν
1111 4630 1259 4711 ὑμῖν
1280 4629 1452 4692 ἔστω
1474 4630 1536 4693 εἷ
1555 4652 1696 4709 πως
1752 4632 2144 4714 Aquilinum,
2201 4633 2606 4707 Lactantium,
2669 4633 3031 4712 lanuariam,

306 4766 364 4806 40
421 4735 931 4818 σωφρονήσητε.
999 4736 1039 4799 ὁ
1089 4739 1286 4816 ἅγιος
1332 4737 1696 4815 Σπερᾶτος
1751 4740 2158 4816 Generosam,
2209 4738 2499 4817 Vestiam,
2545 4739 2868 4818 Donatam,
2915 4740 3032 4802 Se-

418 4844 571 4922 παρ’
609 4843 788 4906 αὑτὰ
819 4842 1247 4922 ἀπεκρίνατο·
1284 4844 1696 4923 Χριστιανὸς
1751 4847 2019 4907 cundam
2056 4846 2200 4907 duci
2236 4846 2406 4908 iussi.

420 4952 838 5032 ἀμετάθετος
869 4952 1194 5032 τυγχάνω·
1235 4954 1438 5014 τοῦτο
1470 4948 1550 5013 δὲ
1580 4951 1691 5013 καὶ
1856 4975 1945 5020 17.
1998 4954 2287 5017 Vniuersi
2331 4956 2657 5017 dixerunt?
2709 4956 2847 5017 Deo
2896 4975 3033 5034 gra-

2681 5056 2748 5110 6*
