3684 5416
685 418 782 456 100
1312 400 1579 456 Potestas
1620 398 1998 463 ecclesiastica
2042 413 2099 456 et
2136 401 2439 471 imperium
2480 402 2655 464 civile.

675 585 909 666 scripsit
942 582 1270 645 Hesiodus.
1306 583 1504 644 Habet
1535 583 1722 663 igitur
1752 584 2016 645 eandem
2051 585 2353 646 rationem
2384 585 2615 666 religi0,
2652 603 2841 668 quam
2863 605 3082 649 omnes
3103 603 3279 665 artes,

675 707 893 753 omnes
944 691 1251 768 scientiae,
1295 689 1502 751 omnia
1549 708 1708 771 quae
1757 689 1945 771 digna
1991 707 2136 752 sunt
2184 691 2246 752 in
2278 691 2506 772 quibus
2538 694 2825 775 parandis
2854 695 2950 755 vel
2985 695 3281 756 ornandis

663 799 950 860 'studium
998 812 1284 880 ponatur.
1349 796 1724 859 Iamdudum
1761 797 1863 858 vix
1896 813 2000 858 aut
2032 817 2109 858 ne
2141 798 2239 859 vix
2273 799 2530 878 quidem
2560 803 2841 862 vmbram
2871 801 3058 862 vllam
3092 802 3277 863 babe-

674 917 880 967 remus
912 904 1241 987 religionis,
1280 903 1330 965 si
1362 903 1654 965 omnium
1687 904 2045 966 mortalium
2079 905 2245 966 idem
2264 924 2510 987 semper
2528 907 2679 968 ritus
2698 926 3032 984 sacrorum,
3064 909 3280 970 eadem

592 1043 615 1087 5
662 1013 882 1074 ‘fuisset
927 1013 1352 1074 habendarum
1398 1009 1889 1072 ceremoniarum
1920 1011 2092 1073 ratio,
2158 1012 2344 1074 Nunc
2376 1013 2657 1075 varietate
2688 1015 3082 1096 opinionum,
3116 1031 3174 1076 et
3203 1016 3278 1076 ad

672 1122 831 1182 hanc
863 1121 1029 1181 diem
1061 1118 1256 1181 altum
1286 1133 1666 1198 auctumque
1700 1133 1791 1179 est
1821 1117 2101 1180 studium
2132 1119 2464 1199 religioniS,
2495 1135 2555 1182 et
2585 1141 2618 1181 a
2651 1121 2999 1202 posteritate
3019 1122 3095 1182 ad
3116 1142 3278 1183 sem-

672 1228 982 1309 piternum
1028 1242 1275 1306 tempus
1320 1225 1596 1287 studiose
1644 1224 2017 1286 retinebitur.
2081 1225 2211 1302 Qui
2257 1244 2512 1289 currunt
2556 1228 2842 1300 stadium,
2891 1229 3278 1291 contendunt

671 1334 756 1396 illi
807 1335 1064 1415 quidem
1115 1351 1336 1394 omnes
1387 1332 1682 1393 omnibus
1728 1332 1938 1393 neruis
1985 1333 2060 1393 ad
2094 1335 2367 1395 eundem
2400 1336 2726 1416 peruenire
2760 1335 3045 1412 iudicem,
3080 1357 3113 1397 a
3144 1356 3275 1417 quo

670 1442 943 1524 praemio
978 1439 1351 1501 afficiantur:
1388 1457 1516 1500 non
1548 1454 1756 1500 tamen
1789 1439 2006 1500 eadem
2039 1459 2259 1501 omnes
2293 1440 2587 1502 insistunt
2618 1442 2743 1516 νίας
2780 1443 2886 1504 sed
2920 1443 3075 1504 alius
3109 1443 3270 1521 hinc,

567 1579 617 1610 ιο
670 1550 836 1611 illinc
869 1549 1044 1626 alius,
1080 1565 1331 1608 cursum
1363 1543 1707 1607 intendunt.
1738 1544 1821 1605 Ita
1855 1560 1921 1606 tu
1956 1563 2148 1606 vnum
2173 1565 2303 1607 esse
2325 1564 2624 1626 magnum
2648 1547 2960 1628 quendam
2984 1564 3042 1609 et
3061 1567 3275 1610 verum

668 1658 822 1719 vitae
871 1655 1046 1736 quasi
1091 1654 1438 1716 certaminis
1485 1652 1864 1734 praefectum
1898 1668 1955 1714 et
1987 1653 2440 1715 moderatorem
2472 1655 2806 1719 arbitraris:
2866 1656 3035 1737 pergi
3069 1671 3271 1718 autem

667 1764 743 1825 ad
791 1781 936 1824 eum
983 1781 1114 1823 non
1157 1779 1277 1821 vna
1321 1760 1435 1835 via,
1481 1758 1588 1819 sed
1635 1758 1747 1819 alia
1792 1757 2128 1840 asperiore:
2184 1758 2298 1820 alia
2329 1759 2637 1841 planiore;
2682 1759 2797 1822 alia
2830 1761 3124 1840 flexuosa,
3158 1763 3269 1824 alia

655 1870 921 1942 ‘directa;
958 1867 1250 1929 omnibus
1281 1882 1488 1952 tamen
1519 1865 1594 1925 ad
1616 1884 1811 1926 vnum
1835 1865 2235 1945 eundemque
2255 1866 2612 1945 terminum,
2637 1867 2821 1928 veluti
2843 1868 3271 1946 diuersorium,

668 1975 1007 2059 perueniri:
1045 1973 1410 2036 alacritatem
1444 1988 1649 2032 autem
1681 1986 1739 2032 et
1773 1971 2148 2033 voluntatem
2185 1973 2578 2054 properandi,
2614 1987 2744 2035 non
2774 1973 3019 2036 aliunde
3042 1975 3271 2036 innasci

565 2113 611 2157 15
668 2102 859 2165 quam
892 2081 1065 2164 quod
1098 2100 1227 2143 non
1259 2080 1481 2142 eodem
1513 2097 1730 2139 omnes
1762 2093 2022 2140 utuntur
2052 2078 2280 2157 itinere,
2311 2080 2418 2141 sed
2451 2080 2676 2161 cuique
2706 2079 3016 2161 integrum
3038 2098 3130 2142 est
3147 2102 3269 2162 qua

667 2192 805 2254 velit
838 2192 931 2253 via
965 2186 1281 2272 proficisci.
1314 2186 1422 2247 Sin
1453 2204 1640 2245 vnam
1671 2184 1832 2246 viam
1868 2184 2206 2266 reliqueris,
2241 2187 2490 2247 caeteris
2522 2186 2791 2268 obseptis
2811 2203 2871 2248 et
2892 2188 3264 2251 interclusis:

665 2300 960 2363 nimirum
1006 2310 1319 2357 contracto
1365 2292 1560 2375 spatio
1593 2291 1836 2371 vrgebis
1869 2311 1977 2352 eos
2010 2292 2325 2371 augustiis,
2361 2309 2419 2353 et
2451 2312 2637 2355 omne
2672 2294 2959 2355 currendi
2992 2296 3267 2357 studium

663 2404 1051 2469 restrinxeris.

879 2513 1046 2574 Haec
1092 2508 1420 2570 hominum
1468 2524 1600 2566 non
1645 2522 1859 2565 recens
1904 2503 2012 2564 sed
2063 2503 2424 2585 perantiqua
2473 2521 2688 2566 natura
2721 2520 2828 2584 est,
2861 2521 2920 2566 et
2951 2506 3058 2586 qui
3091 2505 3267 2568 illum

557 2650 611 2684 20
664 2622 802 2684 fecit
834 2629 1098 2681 versum.

889 2734 893 2739 ·
1279 2706 1478 2785 Atque
1509 2702 1672 2763 alius
1704 2701 1825 2762 alii
1832 2699 2118 2780 faciebat
2145 2721 2328 2762 sacra
2358 2700 2653 2764 Deorum.

874 2837 1225 2897 Homerum
1272 2845 1461 2891 aetate
1506 2826 1826 2888 antecedit.
1891 2824 2052 2885 Nam
2098 2824 2148 2885 si
2193 2844 2410 2886 verum
2456 2826 2734 2901 dicimuS,
2783 2827 2919 2887 Deo
2951 2826 3065 2908 ipsi
3095 2843 3262 2904 grata

657 2964 788 3006 esse
839 2961 967 3005 non
1014 2954 1212 3022 potest
1257 2937 1409 2998 baec
1453 2934 1827 3015 opinionum
1873 2932 2222 3011 consensiO,
2273 2951 2463 3013 quam
2510 2932 2773 3014 imperiti
2806 2934 3093 2994 homines
3125 2953 3262 2995 mo·

653 3052 920 3112 liuntur:
957 3047 1107 3129 quin
1139 3065 1275 3107 eam
1310 3044 1438 3125 ipse
1470 3041 1776 3116 distinere,
1799 3052 2003 3120 neque
2024 3039 2179 3100 velle
2204 3038 2542 3101 coalescere
2566 3039 2824 3105 videtur.
2858 3015 3019 3102 Nam
3041 3056 3256 3102 natura

548 3186 598 3231 25
657 3176 715 3220 vt
747 3159 825 3219 ait
860 3153 1223 3230 Heraclitus,
1258 3148 1548 3213 occultari
1581 3149 1749 3209 vult:
1792 3146 2120 3227 multoque
2153 3148 2348 3226 magis
2381 3163 2631 3208 naturae
2665 3147 2955 3208 dominus
2988 3162 3047 3208 et
3080 3148 3257 3209 fabri·

654 3283 821 3328 cator
867 3266 1056 3325 Deus.
1122 3258 1431 3335 Quocirca
1485 3256 1657 3337 quod
1709 3276 1740 3315 a
1793 3255 2149 3333 cognitione
2200 3269 2409 3314 nostra
2455 3273 2519 3314 se
2567 3253 2926 3334 longissime
2972 3256 3255 3334 remouit,

653 3392 858 3454 neque
891 3371 967 3431 ad
1002 3384 1249 3451 captum
1276 3365 1674 3445 ingeniorum
1707 3376 2066 3423 nostrorum
2102 3381 2164 3421 se
2197 3359 2472 3436 demittit,
2506 3360 2647 3420 satis
2680 3360 3029 3440 argumenti
3060 3360 3256 3439 babet,

649 3500 780 3543 non
828 3478 1134 3561 postulare
1182 3492 1328 3535 eum
1374 3473 1449 3532 ab
1483 3470 1775 3531 omnibus
1807 3487 2005 3530 vnum
2038 3467 2329 3547 idemque
2362 3467 2458 3527 ius
2491 3466 2834 3546 religionis;
2886 3467 2993 3527 sed
3029 3466 3251 3548 cuique

647 3589 722 3650 de
755 3606 840 3664 se,
873 3604 983 3646 sua
1017 3601 1146 3644 non
1180 3580 1375 3642 aliena
1407 3592 1627 3660 sponte
1660 3574 1960 3658 opinandi
1997 3573 2341 3635 facultatem
2374 3573 2738 3654 relinquere.
2787 3574 2873 3633 Ex
2907 3593 3036 3654 quo
3071 3574 3248 3635 etiam

537 3721 592 3765 30
644 3694 870 3771 euenit,
919 3707 980 3752 vt
1013 3690 1209 3751 maior
1241 3686 1544 3768 quaedam
1583 3683 1646 3744 in
1681 3682 2011 3744 bominum
2044 3680 2264 3741 animis
2297 3680 2615 3741 admiratio
2648 3679 2841 3740 diuini
2874 3679 3164 3757 numinis,
3195 3694 3252 3740 et

637 3800 975 3880 religiosior
1007 3812 1285 3858 aeternae
1316 3792 1476 3855 illius
1508 3789 1832 3851 maiestatis
1864 3787 2173 3849 veneratio
2205 3787 2615 3865 ingeneretur.
2666 3785 2759 3847 Fit
2791 3786 2955 3847 enim
2988 3802 3049 3846 vt
3081 3806 3240 3868 quae

641 3909 704 3969 in
755 3920 1048 3990 promptu
1098 3916 1262 3979 sunt,
1311 3915 1369 3961 et
1415 3899 1491 3960 ad
1541 3915 1798 3958 omnem
1832 3892 2300 3975 intelligentiam
2332 3892 2578 3969 abiecta,
2613 3891 3007 3969 fastidiamus,
3043 3909 3101 3954 et
3134 3913 3244 3974 pro

639 4013 834 4075 nihilo
867 4013 1200 4073 ducamus:
1237 4022 1448 4069 contra
1480 4003 1689 4083 magni
1714 4001 2109 4063 aestimemus
2143 4016 2201 4061 et
2233 3998 2623 4061 admirationi
2645 3999 2981 4061 habeamus
2999 4019 3069 4061 ea
3089 4019 3245 4079 quae

636 4120 872 4181 sublata
918 4133 1063 4179 sunt
1107 4114 1305 4189 altius,
1351 4130 1541 4193 quam
1588 4126 1649 4171 vt
1696 4129 1771 4170 eo
1803 4109 1895 4169 vis
1929 4106 2358 4186 intelligentiae
2392 4120 2633 4167 nostrae
2665 4106 2857 4187 possit
2888 4106 3244 4188 peruadere.

850 4225 971 4286 Sed
1017 4240 1076 4283 vt
1121 4242 1154 4281 a
1197 4236 1256 4281 te
1301 4219 1435 4301 ipso
1484 4236 1612 4277 non
1659 4215 1990 4292 discedam,
2036 4212 2391 4294 Imperator,
2428 4211 2492 4271 in
2525 4211 2793 4272 exercitu
2824 4226 2934 4273 tuo
2969 4212 3238 4289 ordineS,

633 4350 1018 4411 muneraque
1064 4327 1313 4390 militiae
1361 4327 1601 4387 diuersa
1647 4338 1807 4385 sunt.
1873 4323 2033 4384 Sunt
2065 4321 2428 4404 praetoriani
2464 4320 2705 4397 militeS,
2736 4336 2879 4383 sunt
2910 4322 3243 4402 legionarii,

629 4455 775 4502 sunt
806 4437 913 4519 qui
947 4457 1020 4497 ex
1052 4455 1218 4515 equo
1253 4436 1630 4516 depugnent,
1665 4446 1811 4492 sunt
1844 4431 1954 4512 qui
1988 4431 2297 4511 pedestres
2329 4448 2460 4490 rem
2491 4444 2726 4509 gerant,
2762 4444 2905 4489 sunt
2924 4428 3033 4510 qui
3052 4427 3241 4489 funda

628 4546 724 4607 vel
773 4544 1001 4625 sagittis
1051 4543 1292 4603 bostem
1343 4538 1572 4602 feriant.
1665 4538 1871 4599 Habes
1919 4536 2026 4617 qui
2073 4536 2284 4597 intima
2331 4536 2731 4597 familiaritate
2778 4534 2885 4595 tibi
2930 4535 3239 4596 coniuncti

622 4655 763 4732 sint,
799 4654 1025 4733 quibus
1057 4649 1310 4712 consilia
1340 4664 1444 4711 tua
1477 4646 1809 4708 concredas
1842 4644 2087 4705 omnia:
2122 4646 2343 4705 absunt
2374 4643 2472 4704 alii
2506 4663 2538 4704 a
2571 4659 2675 4704 tua
2708 4642 3063 4721 cognitione
3096 4643 3233 4705 lon·

515 4789 571 4830 40
623 4764 780 4844 gius,
817 4760 915 4822 alii
962 4761 1171 4820 beatos
1219 4776 1282 4817 se
1328 4756 1584 4831 ducunt,
1619 4753 1669 4814 si
1701 4752 1898 4814 modo
1928 4751 2034 4812 vni
2067 4771 2099 4812 e
2131 4750 2487 4812 satellitibus
2519 4750 2640 4811 tuis
2672 4749 2801 4811 noti
2832 4750 2969 4827 sint,
3002 4749 3130 4810 aliis
3162 4749 3235 4810 de

622 4869 773 4931 facie
820 4867 918 4928 vix
964 4882 1149 4927 notus
1195 4881 1292 4936 es;
1359 4862 1490 4922 aliis
1536 4879 1614 4920 ne
1661 4859 1780 4920 hoc
1813 4858 2066 4940 quidem
2102 4857 2375 4937 contigit,
2408 4856 2517 4918 sed
2550 4856 2869 4918 auditione
2899 4870 3144 4918 tantum
3178 4871 3235 4916 et

622 4978 784 5047 fama
832 4992 1065 5042 nomen
1112 4985 1295 5033 tuum
1327 4984 1644 5050 accepere:
1695 4980 1752 5027 et
1783 4966 2011 5027 horum
2048 4966 2234 5046 longe
2267 4964 2532 5026 maxima
2564 4963 2986 5025 subiectorum
3019 4962 3233 5026 ditioni

527 4254 577 4299 35
