3684 5416
359 1555 407 1585 to

350 2633 406 2663 20

357 3703 410 3746 30

1102 384 1365 436 Potes-tas
1405 382 1779 438 ecclesiastica
1822 397 1879 437 et
1916 383 2217 447 imperium
2259 385 2431 438 civile.
2970 406 3074 456 2¹⁴)

461 585 592 627 non
625 568 888 642 erubuit,
922 585 1031 648 per
1063 586 1220 646 quas
1253 567 1533 629 subditos
1565 586 1713 628 suos
1745 568 1819 627 ad
1856 567 2167 646 quosdam
2191 569 2524 629 haereticos
2558 587 2614 628 et
2646 569 3069 631 schismaticos

459 675 745 736 articulos
788 675 1113 744 tenendos,
1158 675 1317 734 inter
1363 692 1524 754 quos
1571 689 1628 736 et
1674 673 1792 734 hoc
1838 690 1963 734 erat
1997 675 2170 754 quod
2212 675 2538 738 Romanus
2574 676 2852 738 Pontifex
2888 695 3069 757 caput

461 781 761 841 Ecclesiae
808 796 865 840 et
897 781 1122 841 Christi
1172 780 1434 842 vicarius
1469 798 1600 841 non
1634 796 1777 856 erat,
1812 795 1872 839 et
1904 780 2075 860 quod
2111 781 2238 861 ipse
2273 782 2335 840 in
2373 782 2632 858 Anglica
2670 783 2930 844 Ecclesia
2965 803 3068 843 su-

459 906 740 968 premum
777 903 962 967 caput
990 886 1296 961 existebat,
1327 890 1442 947 sub
1475 887 1783 965 gravibus,
1819 887 2003 948 etiam
2044 889 2277 962 mortis,
2312 888 2528 969 poenis
2560 892 2833 967 cogebat.
2871 891 2940 950 Et
2975 891 3070 951 his

459 1013 589 1056 non
635 1010 983 1070 contentus,
1030 994 1280 1055 diabolo
1325 994 1618 1073 sacrilegii
1668 994 1903 1054 crimen
1949 995 2270 1070 suadente,
2317 997 2717 1075 quamplures
2752 998 3071 1077 praelatos,

457 1103 638 1162 etiam
684 1102 1030 1183 episcopos,
1078 1101 1350 1182 aliasque
1396 1119 1689 1182 personas
1736 1101 2189 1178 ecclesiasticas,
2239 1103 2423 1162 etiam
2458 1104 2786 1181 regulares,
2824 1124 3071 1165 necnon

458 1209 798 1270 saeculares
830 1208 942 1268 sibi
978 1222 1046 1269 ut
1081 1208 1385 1269 haeretico
1418 1224 1476 1269 et
1510 1207 1903 1269 schismatico
1935 1208 2287 1285 adhaerere,
2323 1229 2392 1269 ac
2412 1210 2700 1272 articulos
2730 1213 3072 1292 praedictos

456 1331 814 1376 sanctorum
848 1317 1095 1376 Patrum
1144 1316 1401 1376 decretis
1448 1330 1507 1376 et
1552 1333 1869 1377 sacrorum
1921 1316 2327 1378 conciliorum
2372 1316 2627 1388 statutis,
2661 1317 2856 1377 immo
2890 1319 3069 1379 etiam

460 1423 572 1502 ipsi
620 1423 1003 1501 evangelicae
1047 1418 1284 1483 veritati
1328 1422 1689 1496 contrarios,
1737 1440 2054 1502 tamquam
2103 1423 2254 1484 tales
2289 1424 2436 1485 alias
2471 1424 2810 1496 damnatos,
2844 1445 3068 1506 appro-

459 1532 601 1591 bare
635 1545 692 1590 et
725 1530 898 1609 sequi
934 1529 1235 1604 nolentes,
1276 1544 1333 1589 et
1365 1529 1666 1610 intrepide
1700 1545 2071 1602 recusantes,
2107 1529 2239 1609 capi
2274 1545 2329 1589 et
2352 1531 2692 1592 carceribus
2713 1531 3067 1613 mancipari:

461 1637 680 1716 hisque
726 1637 1007 1698 similiter
1042 1655 1171 1697 non
1204 1652 1556 1711 contentus,
1588 1636 1744 1696 mala
1782 1637 1959 1697 malis
1990 1637 2465 1710 accumulandO,
2502 1639 2701 1698 bonae
2735 1640 3071 1699 memoriae

462 1744 767 1818 loannem,
812 1743 970 1803 tituli
1021 1742 1082 1803 S.
1118 1742 1330 1804 Vitalis
1379 1747 1805 1825 presbyterum
1860 1743 2231 1804 cardinalem
2290 1745 2672 1818 Roffensem‚
2726 1765 2938 1824 quem,
2991 1748 3071 1805 ob

459 1850 600 1910 fidei
632 1850 1038 1911 constantiam
1073 1866 1129 1910 et
1161 1851 1314 1911 vitae
1347 1850 1833 1926 sanctimoniam,
1867 1851 1943 1910 ad
1976 1850 2388 1910 cardinalatus
2423 1852 2782 1931 dignitatem
2818 1870 3071 1932 promo-

459 1976 760 2026 veramus,
809 1977 952 2018 cum
1002 1957 1176 2018 dictis
1228 1956 1580 2018 haeresibus
1631 1972 1688 2016 et
1736 1957 2050 2017 erroribus
2104 1958 2448 2018 consentire
2503 1959 2711 2034 nollet,
2763 1960 3070 2019 horrenda

385 2090 398 2109 =
460 2065 829 2125 immanitate
877 2081 933 2124 et
980 2065 1337 2124 detestanda
1383 2063 1649 2140 saevitia,
1685 2063 1931 2144 publice
1966 2063 2291 2124 miserabili
2328 2064 2633 2144 supplicio
2665 2065 2837 2134 tradi,
2874 2081 2931 2124 et
2964 2066 3071 2124 de-

459 2171 669 2233 collari
717 2171 1126 2246 mandaverat,
1175 2187 1232 2232 et
1279 2170 1517 2247 fecerat,
1567 2171 2230 2232 excommunicationis
2271 2187 2328 2230 et
2361 2171 2765 2232 anathematis
2799 2171 3069 2251 aliasque

458 2278 844 2358 gravissimas
887 2279 1236 2354 sententiaS,
1286 2297 1576 2338 censuras
1622 2294 1679 2338 et
1712 2295 1945 2358 poenas
1980 2278 2040 2338 in
2074 2277 2263 2339 literis
2299 2297 2365 2337 ac
2399 2277 2945 2338 constitutionibus
2979 2297 3070 2337 re-

459 2387 755 2447 colendae
806 2386 1142 2447 memoriae
1195 2384 1488 2447 Bonifacii
1541 2385 1690 2460 Vlll,
1745 2385 2010 2447 Honorii
2064 2386 2155 2460 111,
2214 2386 2645 2446 Romanorum
2701 2387 3072 2447 Pontificum

461 2495 1002 2575 praedecessorum
1036 2508 1410 2569 nostrorum,
1445 2494 1712 2572 desuper
1744 2492 1920 2552 editis
1953 2507 2293 2563 contentas,
2328 2510 2384 2551 et
2420 2493 2564 2552 alias
2600 2493 2659 2551 in
2695 2492 2843 2553 tales
2876 2513 2906 2551 a
2942 2492 3069 2551 iure

458 2602 605 2662 latas
650 2601 1077 2662 damnabiliter
1123 2600 1515 2672 incurrendO,
1553 2619 1620 2660 ac
1654 2618 1849 2678 regno
1884 2599 2140 2678 Angliae
2175 2615 2232 2659 et
2265 2598 2581 2672 dominiis,
2617 2619 2776 2678 quae
2809 2602 3069 2672 tenebat,

462 2728 709 2771 necnon
755 2708 973 2789 regalis
1019 2707 1234 2787 fastigii
1285 2706 1645 2769 celsitudine
1693 2728 1761 2768 ac
1807 2708 2055 2789 praefati
2103 2707 2256 2770 tituli
2293 2707 2704 2788 praerogativa
2742 2725 2797 2767 et
2834 2708 3071 2767 honore

458 2839 522 2879 se
556 2819 882 2898 indignum
915 2817 1249 2877 reddendo,

673 2935 702 2995 S
739 2945 794 2987 2.
857 2926 1008 2999 Nos,
1056 2924 1191 2984 licet
1225 2942 1295 2983 ex
1329 2940 1405 2982 eo
1438 2924 1631 3002 quod,
1680 2938 1864 3002 prout
1899 2942 2027 2983 non
2061 2922 2525 3000 ignorabamus,
2558 2922 2720 2982 idem
2760 2921 3074 2982 Henricus

461 3052 564 3092 rex
597 3033 657 3093 in
680 3032 857 3091 certis
876 3030 1153 3092 censuris
1173 3030 1603 3105 ecclesiasticiS,
1625 3030 1856 3109 quibus
1879 3050 1911 3089 a
1934 3030 2069 3111 piae
2103 3031 2438 3090 memoriae
2462 3029 2786 3089 Clemente
2810 3029 2920 3089 ΡΡ.
2947 3027 3073 3091 Vll.

389 3168 404 3199 ς
461 3139 639 3199 etiam
690 3138 1153 3219 praedecessore
1207 3153 1440 3214 nostr0‚
1488 3151 1818 3217 postquam
1869 3136 2330 3197 humanissimis
2364 3137 2550 3197 literis
2584 3152 2640 3195 et
2676 3135 2939 3216 paternis
2974 3154 3073 3194 ex-

464 3246 914 3307 hortationibus
962 3244 1294 3324 multisque
1342 3244 1585 3305 nunciis
1632 3259 1691 3303 et
1726 3243 1962 3317 mediiS‚
2000 3245 2221 3323 prim0,
2259 3260 2317 3303 et
2352 3258 2667 3324 postremo
2699 3244 2881 3302 etiam
2915 3242 3073 3302 iudi-

463 3354 710 3429 cialiter,
762 3369 827 3412 ut
874 3352 1201 3432 praefatam
1238 3357 1484 3411 Annam
1532 3373 1564 3410 a
1611 3370 1675 3410 se
1722 3351 2069 3426 dimitteret,
2119 3366 2177 3410 et
2224 3352 2299 3411 ad
2337 3351 2674 3430 praedictae
2709 3350 3075 3411 Catheriuae

462 3479 610 3520 suae
642 3479 819 3520 verae
854 3459 1140 3537 coniugis
1171 3458 1553 3519 consortium
1608 3458 1850 3533 rediret,
1902 3456 2120 3517 frustra
2172 3457 2444 3517 monitus
2492 3456 2704 3532 fuerat,
2741 3457 3077 3517 innodatus

464 3566 751 3640 extiterat,
791 3566 1122 3627 Pharaonis
1155 3566 1442 3626 duritiam
1479 3563 1799 3639 imitand0,
1837 3565 2226 3645 perlongum
2249 3580 2513 3644 tempuS,
2552 3564 2612 3623 in
2635 3563 2897 3623 clavium
2923 3582 3075 3622 cou-

463 3688 788 3754 temptum,
840 3673 1226 3734 insorduerat
1276 3671 1863 3748 et‘insordesceban
1918 3672 2088 3750 quod
2141 3672 2216 3731 ad
2270 3690 2377 3732 cor
2428 3671 2647 3731 rediret
2694 3670 2791 3731 vix
2836 3689 3075 3750 sperare

465 3800 645 3862 posse
677 3780 1055 3847 videremus:
1122 3782 1202 3839 ob
1238 3794 1551 3858 paternam
1588 3793 1796 3838 tamen
1829 3778 2158 3853 caritatem,
2194 3798 2339 3857 qua,
2376 3777 2437 3838 in
2471 3778 2817 3838 minoribus
2850 3776 3078 3836 consti-

463 3889 593 3965 tuti,
626 3889 824 3948 donec
857 3887 920 3946 in
952 3885 1298 3946 obedientia
1332 3902 1389 3945 et
1421 3884 1756 3945 reverentia
1778 3884 1954 3944 Sedis
1987 3885 2327 3964 praedictae
2363 3884 2716 3965 permansit,
2750 3904 2893 3944 eum
2930 3902 3074 3962 pro-

463 3995 653 4057 secuti
702 3995 1032 4069 fueramus,
1081 4009 1271 4072 utque
1319 3993 1536 4052 clarius
1569 3992 1773 4052 videre
1810 4011 2135 4071 possemus
2169 4011 2244 4052 an
2278 3992 2532 4069 clamor,
2569 3991 2675 4071 qui
2709 3992 2787 4051 ad
2821 4010 2937 4052 nos
2971 3992 3075 4049 de-

463 4103 623 4164 latus
667 4101 864 4162 fuerat
909 4097 1124 4179 (quem
1170 4114 1350 4175 certe,
1399 4099 1577 4159 etiam
1631 4095 1824 4178 ipsius
1860 4097 2107 4159 Henrici
2157 4099 2314 4176 regis
2361 4113 2656 4179 respectu,
2692 4098 2910 4158 falsum
2947 4118 3077 4157 esse

389 4238 407 4268 z
465 4208 1005 4281 desiderabamus),
1039 4226 1217 4266 verus
1249 4222 1422 4281 esset,
1455 4206 1801 4281 statuimus,
1833 4208 1910 4265 ab
1946 4205 2219 4266 ulteriori
2252 4220 2458 4266 contra
2498 4205 2701 4286 ipsum
2739 4203 3075 4264 Henricum

466 4335 672 4395 regem
720 4334 1011 4394 processu
1060 4315 1133 4374 ad
1183 4330 1429 4394 tempus
1476 4314 1863 4391 abstinendO,
1915 4314 2103 4375 huius
2137 4314 2219 4374 rei
2254 4314 2563 4374 veritatem
2598 4313 2951 4391 diligentius
2986 4314 3077 4372 in-

466 4425 703 4502 dagare.

679 4539 709 4598 s
748 4549 801 4609 3.
864 4530 1030 4590 Cum
1076 4545 1283 4591 autem
1331 4530 1548 4590 debitis
1583 4528 1907 4608 diligentiis
1941 4529 2207 4609 desuper
2241 4528 2430 4597 factiS,
2466 4528 2800 4588 clamorem
2837 4527 2912 4587 ad
2946 4547 3078 4595 nos,

469 4654 533 4697 ut
583 4636 936 4718 praefertur,
990 4639 1283 4710 delatum,
1338 4657 1554 4697 verum
1606 4656 1756 4713 esse,
1808 4637 2138 4715 simulque,
2193 4637 2366 4715 quod
2420 4635 2694 4696 dolenter
2742 4634 3077 4695 referimus,

467 4746 699 4806 dictum
735 4746 1075 4805 Henricum
1109 4765 1315 4825 regem
1352 4746 1429 4805 ita
1463 4746 1526 4806 in
1560 4746 1946 4826 profundum
1982 4744 2291 4804 malorum
2327 4743 2729 4817 descendisse,
2766 4758 2830 4802 ut
2855 4742 2929 4801 de
2952 4742 3081 4799 eius

469 4852 876 4933 resipiscentia
926 4852 1093 4912 nulla
1144 4853 1388 4933 penitus
1437 4853 1714 4913 videatur
1760 4872 1898 4931 spes
1946 4851 2153 4910 haberi
2208 4869 2403 4930 posse,
2452 4850 2888 4929 repererimus;
2945 4867 3079 4915 nos,

469 4960 847 5020 attendentes
899 4960 1080 5020 veteri
1133 4960 1266 5038 lege
1320 4960 1568 5020 crimine
1621 4958 1901 5019 adulterii
1955 4972 2234 5017 notatum
2292 4957 2546 5036 lapidari
2599 4956 2979 5027 mandatum,
3018 4974 3081 5013 ac
