3684 5416
293 1572 350 1603 ’10

287 2107 343 2149 '¹5

280 2640 347 2673 '20

281 3175 344 3219 ‚5

1047 403 1312 459 Potestas
1349 403 1730 486 ecclesiastica
1770 416 1827 460 et
1863 404 2168 470 imperium
2208 405 2385 461 civile.
2909 426 3007 464 201

409 607 520 651 vos
549 588 1048 669 transgredimini
1078 589 1441 652 mandatum
1473 589 1609 667 Dei,
1656 605 1906 672 propter
1951 590 2345 653 traditionem
2375 597 2717 654 vestramb
2786 592 2855 654 ln
2886 611 3017 674 quo

408 693 549 756 satis
579 694 800 775 innuit,
833 695 1224 757 traditionem
1254 697 1773 778 postponendam.

623 801 814 877 Quod
846 801 898 863 si
930 802 1288 864 traditiones
1318 802 1623 864 Ecclesiae
1655 819 1793 884 post
1823 803 2160 866 Ecclesiam
2195 820 2359 880 sunt,
2392 819 2459 865 ut
2490 804 2864 866 declaratum
2896 820 3014 878 est;

409 928 657 971 necesse
687 925 795 983 est,
839 925 907 970 ut
937 926 1072 969 non
1105 907 1410 971 Ecclesiae
1443 931 1476 970 a
1517 909 1966 987 traditionibus,
2011 911 2127 972 sed
2164 913 2242 972 ab
2279 911 2540 974 Ecclesia
2586 910 3017 974 traditionibus

405 1017 654 1078 accedat
682 1014 1028 1089 auctoritas,
1062 1015 1278 1097 hique,
1317 1015 1480 1078 solas
1509 1015 1866 1078 traditiones
1897 1017 2220 1095 habentes,
2253 1019 2331 1078 ab
2378 1018 2518 1095 hoc,
2568 1033 2636 1079 ut
2680 1018 3013 1097 dicebatur,

404 1123 732 1206 gymnasio
765 1122 1131 1185 excludendi
1162 1137 1324 1185 sunt.
1390 1122 1652 1204 Oportet
1691 1123 1860 1185 enim
1895 1125 2055 1186 hanc
2088 1124 2402 1186 veritatem
2446 1140 2758 1204 venantes,
2806 1144 2878 1185 ex
2923 1124 3013 1200 iis,

406 1251 480 1293 ex
514 1229 747 1311 quibus
778 1230 1088 1293 Ecclesiae
1121 1245 1333 1292 manat
1361 1230 1706 1308 auctoritas,
1741 1230 2164 1310 investigando
2195 1233 2544 1314 procedere.

621 1337 734 1399 His
765 1337 970 1418 itaque
1014 1337 1101 1399 sic
1130 1337 1409 1415 exclusis,
1458 1336 1826 1399 excludendi
1858 1353 2003 1399 sunt
2033 1337 2195 1416 alii,
2247 1337 2375 1419 qui,
2424 1357 2755 1400 corvorum
2789 1337 3017 1419 plumis

402 1444 624 1526 operti,
676 1464 824 1507 oves
856 1444 1024 1506 albas
1056 1444 1123 1505 in
1152 1462 1337 1523 grege
1369 1444 1628 1507 Domini
1660 1464 1724 1506 se
1773 1443 2012 1522 jactant.
2057 1443 2143 1507 Hi
2173 1461 2317 1507 sunt
2349 1444 2676 1527 impietatis
2707 1443 2835 1522 filii,
2886 1444 3014 1524 qui,

405 1566 472 1613 ut
505 1550 733 1630 flagitia
764 1571 878 1612 sua
910 1551 1164 1632 exsequi
1198 1551 1452 1632 possint,
1483 1567 1741 1613 matrem
1774 1551 2165 1633 prostituunt,
2204 1552 2418 1613 fratres
2447 1550 2781 1633 expellunt,
2815 1566 2876 1612 et
2907 1551 3015 1612 de-

403 1659 598 1739 nique
630 1657 898 1737 judicem
931 1657 1155 1719 habere
1186 1657 1428 1719 nolunt.
1473 1659 1636 1720 Nam
1667 1678 1778 1720 cur
1806 1659 1886 1721 ad
1917 1678 2025 1720 eos
2057 1659 2210 1720 ratio
2230 1674 2643 1740 quaereretur,
2674 1677 2876 1739 quum
2906 1677 3017 1718 sua

402 1765 735 1848 cupiditate
766 1765 996 1827 detenti
1027 1764 1319 1847 principia
1351 1784 1484 1826 non
1513 1765 1829 1827 viderent?

622 1872 1018 1954 Quapropter
1061 1890 1206 1933 cum
1237 1871 1387 1933 solis
1416 1871 1789 1934 concertatio
1823 1887 2025 1947 restat,
2077 1872 2206 1952 qui,
2238 1871 2489 1952 aliquali
2535 1872 2672 1934 zelo
2704 1891 2846 1951 erga
2880 1889 3010 1932 ma-

400 1996 563 2041 trem
592 1979 931 2043 Ecclesiam
966 1979 1153 2057 ducti,
1187 1978 1405 2060 ipsam,
1437 1998 1597 2060 quae
1629 1978 1960 2060 quaeritur,
1991 1979 2306 2041 veritatem
2338 1979 2643 2059 ignorant.
2674 1979 2841 2041 Cum
2874 1977 3016 2058 qui-

402 2089 523 2149 bus
554 2087 656 2149 illa
700 2087 1036 2149 reverentia
1085 2085 1293 2165 fretus,
1343 2105 1534 2166 quam
1584 2085 1722 2168 pius
1766 2085 1933 2148 filius
1978 2087 2159 2148 debet
2210 2087 2382 2168 patri,
2433 2105 2623 2166 quam
2668 2085 2810 2168 pius
2854 2083 3015 2145 filius

400 2194 602 2274 matri,
633 2194 773 2277 pius
805 2194 870 2256 in
890 2193 1228 2271 Christum,
1263 2192 1403 2275 pius
1434 2193 1498 2255 in
1520 2193 1873 2270 Ecclesiam,
1910 2193 2049 2275 pius
2080 2193 2143 2254 in
2164 2193 2499 2271 Pastorem,
2535 2192 2677 2273 pius
2708 2191 2771 2253 in
2790 2210 3015 2253 omnes

401 2301 819 2364 Christianam
866 2300 1229 2383 religionem
1273 2300 1652 2383 profitentes,
1706 2320 1819 2382 pro
1867 2300 2060 2362 salute
2103 2299 2368 2361 veritatis
2413 2299 2479 2360 in
2526 2299 2647 2359 hoc
2690 2298 2849 2359 libro
2880 2315 3011 2358 cer-

397 2425 609 2471 tamen
636 2408 884 2490 incipio.

617 2516 769 2597 Cap.
802 2536 863 2594 4
927 2514 1028 2576 Isti
1074 2532 1242 2591 vero,
1291 2515 1367 2575 ad
1415 2534 1577 2595 quos
1626 2514 1737 2575 erit
1780 2529 1905 2575 tota
1951 2513 2280 2595 disputatio
2325 2531 2613 2593 sequens,
2671 2525 3010 2571 asserentes

398 2622 828 2685 auctoritatem
857 2620 1099 2703 Imperii
1117 2623 1195 2683 ab
1225 2621 1579 2683 auctoritate
1598 2621 1905 2684 Ecclesiae
1936 2620 2305 2702 dependere,
2335 2618 2501 2679 velut
2518 2615 2730 2679 artifex
2761 2615 3018 2678 inferior

399 2731 714 2813 dependet
743 2732 820 2792 ab
852 2729 1197 2807 architecto,
1245 2729 1527 2812 pluribus
1557 2730 1828 2792 adversis
1871 2729 2251 2809 argumentis
2280 2742 2630 2804 moventur,
2682 2744 2842 2806 quae
2874 2723 3013 2805 qui-

399 2839 551 2900 dem
584 2839 662 2900 de
691 2857 912 2900 sacra
941 2836 1358 2917 Scriptura
1390 2836 1661 2914 eliciunt,
1709 2853 1767 2898 et
1797 2837 1876 2897 de
1922 2836 2295 2916 quibusdam
2338 2833 2586 2914 gestis
2617 2848 2745 2894 tam
2778 2830 3013 2894 summi

404 2943 741 3023 PontificiS,
789 2962 979 3024 quarn
1028 2944 1220 3025 ipsius
1263 2944 1667 3026 Imperatoris,
1716 2944 2097 3007 nonnullum
2143 2963 2288 3005 vero
2320 2941 2666 3005 rationis
2711 2939 3012 3002 indicium

397 3053 630 3114 babere
661 3050 958 3113 nituntur.
2934 3034 2947 3048 ‘

619 3157 850 3220 Dicunt
880 3158 1051 3219 enim
1084 3157 1362 3239 prim0,
1396 3159 1740 3220 secundum
1773 3158 2139 3239 scripturam
2170 3157 2603 3233 Geneseos,
2638 3156 2811 3237 quod
2847 3155 3016 3217 Deus

397 3264 546 3328 fecit
589 3267 745 3327 duo
791 3283 1070 3344 magna
1112 3264 1568 3342 luminaria,
1616 3265 1925 3326 luminare
1973 3263 2191 3342 majus,
2242 3279 2302 3325 et
2332 3263 2636 3325 luminare
2681 3262 2911 3340 minuS,
2945 3277 3015 3322 ut

398 3372 666 3434 alterum
697 3386 1002 3453 praeesset
1031 3369 1172 3448 diei,
1204 3387 1264 3432 et
1307 3372 1568 3434 alterum
1608 3372 1795 3434 nocti.
1847 3371 2029 3447 Quae
2059 3371 2380 3451 allegorice
2426 3371 2584 3432 dicta
2616 3389 2746 3431 esse
2793 3367 3019 3431 intelli·

398 3482 632 3560 gebant
675 3479 782 3540 ista
828 3479 959 3539 duo
1005 3479 1328 3559 regimina,
1379 3480 1607 3541 scilicet
1650 3479 2079 3560 spirituale
2130 3494 2202 3539 et
2250 3476 2716 3560 temporale.
2778 3474 3018 3537 Deinde

400 3600 692 3666 arguunt,
733 3586 905 3665 quod
939 3586 1474 3667 quemadmodum
1507 3586 1705 3662 Luna,
1740 3605 1902 3666 quae
1936 3601 2027 3647 est
2056 3584 2358 3646 luminare
2390 3584 2617 3662 minus,
2668 3601 2801 3644 non
2836 3582 3020 3643 habet

401 3693 632 3770 lucem,
679 3691 796 3753 nisi
830 3708 1014 3773 prout
1058 3692 1271 3775 recipit
1302 3715 1337 3754 a
1368 3692 1532 3769 Sole,
1581 3694 1668 3755 sic
1714 3712 1829 3754 nec
1878 3692 2153 3771 regimen
2197 3689 2540 3772 temporale
2586 3688 3016 3752 auctoritatem

402 3801 612 3879 habet,
646 3799 762 3861 nisi
795 3816 982 3882 prout
1012 3800 1226 3881 recipit
1253 3822 1290 3861 a
1322 3800 1621 3882 spirituali
1663 3798 1982 3880 regimine.

620 3906 875 3988 Propter
918 3906 1078 3968 hanc
1109 3923 1167 3967 et
1198 3921 1450 3988 propter
1493 3906 1640 3968 alias
1670 3924 1895 3967 eorum
1943 3904 2212 3966 rationes
2258 3903 2699 3972 dissolvendas,
2749 3920 3015 3982 praeno-

401 4014 686 4090 tandum,
707 4014 902 4094 quod,
923 4013 1083 4075 sicut
1101 4013 1205 4075 Ph
1223 4013 1382 4074 ilos
1396 4032 1438 4074 o
1454 4033 1494 4094 p
1510 4014 1606 4074 ho
1640 4011 1832 4094 placet
1866 4012 1929 4073 in
1964 4012 2036 4073 iis
2057 4031 2219 4092 quae
2236 4012 2315 4072 de
2334 4009 2684 4092 sophisticis
2702 4007 3015 4083 Elenchis,

409 4120 682 4182 «solutio
726 4120 1074 4200 argumenti
1107 4134 1196 4181 est
1237 4119 1461 4181 erroris
1494 4118 1958 4181 manifestatio.»
2031 4119 2109 4180 Et
2139 4118 2286 4199 quia
2328 4135 2500 4179 error
2543 4131 2744 4197 potest
2789 4133 2921 4177 esse
2954 4114 3021 4175 in

285 4252 348 4296 35
406 4228 659 4289 materia
703 4242 763 4288 et
807 4228 873 4288 in
926 4226 1123 4288 forma
1168 4226 1537 4306 argumenti,
1586 4226 1914 4307 dupliciter
1959 4245 2211 4308 peccare
2259 4223 2594 4306 contingit:
2642 4239 2751 4284 aut
2796 4220 3021 4282 scilicet

408 4334 914 4396 adsumendo
960 4333 1273 4412 falsum,
1323 4349 1429 4395 aut
1475 4352 1631 4395 non
1680 4333 2281 4415 syllogizandO.
2350 4330 2532 4407 Quae
2576 4329 2709 4393 duo
2755 4327 3018 4390 Philo-

405 4441 712 4523 sophus
740 4439 1067 4520 objiciebat
1096 4457 1309 4502 contra
1330 4440 1759 4502 parmenidem
1783 4455 1844 4500 et
1875 4438 2216 4517 Melissum,
2251 4439 2488 4500 dicens:
2542 4435 2711 4511 «Qui
2743 4434 2891 4497 falsa
2924 4453 3023 4494 re-

408 4549 664 4630 cipiunt,
713 4564 772 4609 et
815 4568 946 4610 non
990 4547 1421 4629 syllogizantes
1467 4562 1674 4608 sunt».
1749 4544 1824 4606 Et
1856 4547 2092 4627 accipio
2125 4546 2224 4607 hic
2256 4547 2429 4628 largo
2463 4545 2657 4607 modo
2705 4542 3019 4613 falsum,

409 4654 594 4716 etiam
639 4673 750 4736 pro
790 4653 1172 4736 inopinabili,
1219 4654 1393 4734 quod
1438 4653 1505 4715 in
1551 4652 1800 4715 materia
1849 4653 2150 4734 probabili
2194 4653 2379 4715 habet
2424 4667 2705 4715 naturam
2751 4648 2900 4711 falsi.
2950 4647 3014 4707 Si

291 4785 358 4825 4ο
410 4779 558 4823 vero
589 4760 670 4822 in
700 4760 954 4824 forma
984 4761 1060 4822 sit
1092 4775 1432 4843 peccatum,
1481 4759 1800 4822 conclusio
1831 4759 2238 4821 interimenda
2270 4777 2360 4821 est
2388 4762 2467 4821 ab
2500 4760 2608 4821 illo
2638 4757 2746 4839 qui
2779 4755 3020 4817 solvere

411 4869 562 4947 vult,
594 4867 991 4931 ostendendos
1027 4867 1291 4929 formam
1321 4866 1763 4949 syllogisticam
1814 4885 1946 4927 non
1980 4885 2112 4928 esse
2143 4882 2462 4928 servatam.
2513 4866 2579 4927 Si
2609 4882 2755 4926 vero
2803 4880 3019 4943 pecca-

411 4989 547 5036 tum
577 4975 679 5037 sit
711 4975 788 5037 in
821 4976 1172 5053 materia,
1216 4991 1322 5037 aut
1353 4991 1446 5036 est
1476 4974 1621 5055 quia
1669 4972 2163 5055 simpliciter
2212 4973 2438 5034 falsum
2471 4972 2872 5052 adsumptum
2905 4984 3015 5043 est,
