<?xml version="1.0" encoding="UTF-8"?>
<!DOCTYPE html PUBLIC "-//W3C//DTD XHTML 1.0 Transitional//EN"
    "http://www.w3.org/TR/xhtml1/DTD/xhtml1-transitional.dtd">
<html xmlns="http://www.w3.org/1999/xhtml" xml:lang="en" lang="en">
 <head>
  <title>
</title>
<meta http-equiv="Content-Type" content="text/html;charset=utf-8" />
  <meta name='ocr-system' content='tesseract 3.04.00' />
  <meta name='ocr-capabilities' content='ocr_page ocr_carea ocr_par ocr_line ocrx_word'/>
</head>
<body>
  <div class='ocr_page' id='page_1' title='image "./fontesiuriscano00unkngoog/fontesiuriscano00unkngoog_0266.png"; bbox 0 0 3684 5416; ppageno 0'>
   <div class='ocr_carea' id='block_1_1' title="bbox 494 1514 541 1545">
    <p class='ocr_par' dir='ltr' id='par_1_1' title="bbox 494 1514 541 1545">
     <span class='ocr_line' id='line_1_1' title="bbox 494 1514 541 1545; baseline -0.021 0"><span class='ocrx_word' id='word_1_1' title='bbox 494 1514 541 1545; x_wconf 77' lang='lat' dir='ltr'>to</span> 
     </span>
    </p>
   </div>
   <div class='ocr_carea' id='block_1_2' title="bbox 495 2047 538 2090">
    <p class='ocr_par' dir='ltr' id='par_1_2' title="bbox 495 2047 538 2090">
     <span class='ocr_line' id='line_1_2' title="bbox 495 2047 538 2090; baseline 0 0"><span class='ocrx_word' id='word_1_2' title='bbox 495 2047 538 2090; x_wconf 81' lang='lat'>¹5</span> 
     </span>
    </p>
   </div>
   <div class='ocr_carea' id='block_1_3' title="bbox 484 3116 533 3159">
    <p class='ocr_par' dir='ltr' id='par_1_3' title="bbox 484 3116 533 3159">
     <span class='ocr_line' id='line_1_3' title="bbox 484 3116 533 3159; baseline 0 0"><span class='ocrx_word' id='word_1_3' title='bbox 484 3116 533 3159; x_wconf 75' lang='lat'>25</span> 
     </span>
    </p>
   </div>
   <div class='ocr_carea' id='block_1_4' title="bbox 482 3653 534 3695">
    <p class='ocr_par' dir='ltr' id='par_1_4' title="bbox 482 3653 534 3695">
     <span class='ocr_line' id='line_1_4' title="bbox 482 3653 534 3695; baseline 0 -14"><span class='ocrx_word' id='word_1_4' title='bbox 482 3653 534 3695; x_wconf 76' lang='lat'>‘30</span> 
     </span>
    </p>
   </div>
   <div class='ocr_carea' id='block_1_5' title="bbox 597 342 2568 415">
    <p class='ocr_par' dir='ltr' id='par_1_5' title="bbox 597 342 2568 415">
     <span class='ocr_line' id='line_1_5' title="bbox 597 342 2568 415; baseline -0.002 -16"><span class='ocrx_word' id='word_1_5' title='bbox 597 344 702 400; x_wconf 81' lang='lat'>228</span> <span class='ocrx_word' id='word_1_6' title='bbox 1235 344 1499 398; x_wconf 83' lang='lat' dir='ltr'>Potestas</span> <span class='ocrx_word' id='word_1_7' title='bbox 1537 343 1917 398; x_wconf 87' lang='lat' dir='ltr'>ecclesiastica</span> <span class='ocrx_word' id='word_1_8' title='bbox 1959 357 2014 397; x_wconf 89' lang='lat' dir='ltr'>et</span> <span class='ocrx_word' id='word_1_9' title='bbox 2052 342 2353 415; x_wconf 87' lang='lat' dir='ltr'>imperium</span> <span class='ocrx_word' id='word_1_10' title='bbox 2395 342 2568 397; x_wconf 90' lang='lat' dir='ltr'>civile.</span> 
     </span>
    </p>
   </div>
   <div class='ocr_carea' id='block_1_6' title="bbox 584 524 3211 4137">
    <p class='ocr_par' dir='ltr' id='par_1_6' title="bbox 584 524 3211 4137">
     <span class='ocr_line' id='line_1_6' title="bbox 598 524 3211 609; baseline -0.003 -18"><span class='ocrx_word' id='word_1_11' title='bbox 598 529 767 591; x_wconf 90' lang='lat' dir='ltr'>nulla</span> <span class='ocrx_word' id='word_1_12' title='bbox 798 545 887 590; x_wconf 89' lang='lat' dir='ltr'>est</span> <span class='ocrx_word' id='word_1_13' title='bbox 918 529 1100 604; x_wconf 90' lang='lat' dir='ltr'>salus,</span> <span class='ocrx_word' id='word_1_14' title='bbox 1135 528 1246 588; x_wconf 91' lang='lat' dir='ltr'>uni</span> <span class='ocrx_word' id='word_1_15' title='bbox 1279 528 1394 588; x_wconf 93' lang='lat' dir='ltr'>soli</span> <span class='ocrx_word' id='word_1_16' title='bbox 1414 527 1481 588; x_wconf 92' lang='lat' dir='ltr'>in</span> <span class='ocrx_word' id='word_1_17' title='bbox 1511 528 1704 603; x_wconf 86' lang='lat' dir='ltr'>terris,</span> <span class='ocrx_word' id='word_1_18' title='bbox 1736 529 2016 590; x_wconf 87' lang='lat' dir='ltr'>videlicet</span> <span class='ocrx_word' id='word_1_19' title='bbox 2041 528 2470 609; x_wconf 89' lang='lat' dir='ltr'>apostolorum</span> <span class='ocrx_word' id='word_1_20' title='bbox 2493 526 2751 608; x_wconf 87' lang='lat' dir='ltr'>principi</span> <span class='ocrx_word' id='word_1_21' title='bbox 2785 527 2985 597; x_wconf 86' lang='lat' dir='ltr'>Petr0,</span> <span class='ocrx_word' id='word_1_22' title='bbox 3023 524 3211 586; x_wconf 85' lang='lat' dir='ltr'>Petri-</span> 
     </span>
     <span class='ocr_line' id='line_1_7' title="bbox 597 632 3211 716; baseline -0.002 -20"><span class='ocrx_word' id='word_1_23' title='bbox 597 655 720 716; x_wconf 86' lang='lat' dir='ltr'>que</span> <span class='ocrx_word' id='word_1_24' title='bbox 751 636 1087 697; x_wconf 84' lang='lat' dir='ltr'>successori</span> <span class='ocrx_word' id='word_1_25' title='bbox 1136 635 1428 695; x_wconf 87' lang='lat' dir='ltr'>Romano</span> <span class='ocrx_word' id='word_1_26' title='bbox 1463 635 1763 706; x_wconf 83' lang='lat' dir='ltr'>Pontifici,</span> <span class='ocrx_word' id='word_1_27' title='bbox 1810 635 1879 696; x_wconf 92' lang='lat' dir='ltr'>in</span> <span class='ocrx_word' id='word_1_28' title='bbox 1914 635 2225 716; x_wconf 87' lang='lat' dir='ltr'>potestatis</span> <span class='ocrx_word' id='word_1_29' title='bbox 2272 633 2662 716; x_wconf 90' lang='lat' dir='ltr'>plenitudine</span> <span class='ocrx_word' id='word_1_30' title='bbox 2705 632 2952 703; x_wconf 84' lang='lat' dir='ltr'>tradidit</span> <span class='ocrx_word' id='word_1_31' title='bbox 2983 635 3211 712; x_wconf 86' lang='lat' dir='ltr'>guber-</span> 
     </span>
     <span class='ocr_line' id='line_1_8' title="bbox 597 740 3209 821; baseline -0.002 -16"><span class='ocrx_word' id='word_1_32' title='bbox 597 744 883 804; x_wconf 88' lang='lat' dir='ltr'>nandam.</span> <span class='ocrx_word' id='word_1_33' title='bbox 934 742 1122 802; x_wconf 86' lang='lat' dir='ltr'>l-lunc</span> <span class='ocrx_word' id='word_1_34' title='bbox 1155 760 1356 802; x_wconf 89' lang='lat' dir='ltr'>unum</span> <span class='ocrx_word' id='word_1_35' title='bbox 1386 761 1573 815; x_wconf 90' lang='lat' dir='ltr'>super</span> <span class='ocrx_word' id='word_1_36' title='bbox 1607 761 1827 803; x_wconf 88' lang='lat' dir='ltr'>omnes</span> <span class='ocrx_word' id='word_1_37' title='bbox 1858 759 2069 821; x_wconf 88' lang='lat' dir='ltr'>gentes</span> <span class='ocrx_word' id='word_1_38' title='bbox 2115 758 2173 802; x_wconf 90' lang='lat' dir='ltr'>et</span> <span class='ocrx_word' id='word_1_39' title='bbox 2206 741 2417 803; x_wconf 89' lang='lat' dir='ltr'>omnia</span> <span class='ocrx_word' id='word_1_40' title='bbox 2448 760 2634 820; x_wconf 86' lang='lat' dir='ltr'>regna</span> <span class='ocrx_word' id='word_1_41' title='bbox 2682 740 3028 821; x_wconf 89' lang='lat' dir='ltr'>principem</span> <span class='ocrx_word' id='word_1_42' title='bbox 3059 759 3209 799; x_wconf 90' lang='lat' dir='ltr'>con-</span> 
     </span>
     <span class='ocr_line' id='line_1_9' title="bbox 596 845 3207 930; baseline -0.002 -21"><span class='ocrx_word' id='word_1_43' title='bbox 596 849 804 923; x_wconf 89' lang='lat' dir='ltr'>stituit,</span> <span class='ocrx_word' id='word_1_44' title='bbox 838 849 945 930; x_wconf 91' lang='lat' dir='ltr'>qui</span> <span class='ocrx_word' id='word_1_45' title='bbox 978 848 1212 923; x_wconf 88' lang='lat' dir='ltr'>evellat,</span> <span class='ocrx_word' id='word_1_46' title='bbox 1248 850 1539 920; x_wconf 86' lang='lat' dir='ltr'>destruat,</span> <span class='ocrx_word' id='word_1_47' title='bbox 1575 848 1844 930; x_wconf 87' lang='lat' dir='ltr'>dissipet,</span> <span class='ocrx_word' id='word_1_48' title='bbox 1876 849 2205 930; x_wconf 88' lang='lat' dir='ltr'>disperdat,</span> <span class='ocrx_word' id='word_1_49' title='bbox 2241 847 2489 930; x_wconf 86' lang='lat' dir='ltr'>plantet,</span> <span class='ocrx_word' id='word_1_50' title='bbox 2524 864 2582 909; x_wconf 90' lang='lat' dir='ltr'>et</span> <span class='ocrx_word' id='word_1_51' title='bbox 2615 845 2913 920; x_wconf 84' lang='lat' dir='ltr'>aedificet,</span> <span class='ocrx_word' id='word_1_52' title='bbox 2948 863 3012 909; x_wconf 91' lang='lat' dir='ltr'>ut</span> <span class='ocrx_word' id='word_1_53' title='bbox 3055 845 3207 906; x_wconf 87' lang='lat' dir='ltr'>fide-</span> 
     </span>
     <span class='ocr_line' id='line_1_10' title="bbox 594 952 3208 1037; baseline 0 -20"><span class='ocrx_word' id='word_1_54' title='bbox 594 957 717 1017; x_wconf 89' lang='lat' dir='ltr'>lem</span> <span class='ocrx_word' id='word_1_55' title='bbox 751 956 1056 1037; x_wconf 90' lang='lat' dir='ltr'>populum</span> <span class='ocrx_word' id='word_1_56' title='bbox 1076 972 1329 1017; x_wconf 89' lang='lat' dir='ltr'>mutuae</span> <span class='ocrx_word' id='word_1_57' title='bbox 1352 955 1612 1017; x_wconf 88' lang='lat' dir='ltr'>caritatis</span> <span class='ocrx_word' id='word_1_58' title='bbox 1645 976 1806 1019; x_wconf 83' lang='lat' dir='ltr'>nexu</span> <span class='ocrx_word' id='word_1_59' title='bbox 1829 956 2230 1017; x_wconf 89' lang='lat' dir='ltr'>constrictum</span> <span class='ocrx_word' id='word_1_60' title='bbox 2260 955 2324 1016; x_wconf 92' lang='lat' dir='ltr'>in</span> <span class='ocrx_word' id='word_1_61' title='bbox 2359 954 2585 1017; x_wconf 90' lang='lat' dir='ltr'>unitate</span> <span class='ocrx_word' id='word_1_62' title='bbox 2606 953 2855 1035; x_wconf 88' lang='lat' dir='ltr'>spiritus</span> <span class='ocrx_word' id='word_1_63' title='bbox 2878 952 3208 1018; x_wconf 82' lang='lat' dir='ltr'>contineat.</span> 
     </span>
     <span class='ocr_line' id='line_1_11' title="bbox 593 1060 3207 1144; baseline -0.002 -20"><span class='ocrx_word' id='word_1_64' title='bbox 593 1064 957 1144; x_wconf 89' lang='lat' dir='ltr'>salvumque</span> <span class='ocrx_word' id='word_1_65' title='bbox 988 1079 1047 1124; x_wconf 93' lang='lat' dir='ltr'>et</span> <span class='ocrx_word' id='word_1_66' title='bbox 1076 1063 1458 1125; x_wconf 89' lang='lat' dir='ltr'>incolumem</span> <span class='ocrx_word' id='word_1_67' title='bbox 1489 1083 1606 1124; x_wconf 89' lang='lat' dir='ltr'>suo</span> <span class='ocrx_word' id='word_1_68' title='bbox 1639 1064 1920 1125; x_wconf 86' lang='lat' dir='ltr'>exhibeat</span> <span class='ocrx_word' id='word_1_69' title='bbox 1951 1063 2249 1125; x_wconf 82' lang='lat' dir='ltr'>salvatori.</span> <span class='ocrx_word' id='word_1_70' title='bbox 2313 1084 2361 1124; x_wconf 87' lang='lat'>1.</span> <span class='ocrx_word' id='word_1_71' title='bbox 2397 1061 2548 1137; x_wconf 92' lang='lat' dir='ltr'>Quo</span> <span class='ocrx_word' id='word_1_72' title='bbox 2584 1061 2841 1141; x_wconf 87' lang='lat' dir='ltr'>quidem</span> <span class='ocrx_word' id='word_1_73' title='bbox 2861 1060 2929 1121; x_wconf 91' lang='lat' dir='ltr'>in</span> <span class='ocrx_word' id='word_1_74' title='bbox 2950 1079 3207 1122; x_wconf 88' lang='lat' dir='ltr'>munere</span> 
     </span>
     <span class='ocr_line' id='line_1_12' title="bbox 595 1167 3207 1250; baseline -0.001 -20"><span class='ocrx_word' id='word_1_75' title='bbox 595 1171 909 1247; x_wconf 89' lang='lat' dir='ltr'>obeund0,</span> <span class='ocrx_word' id='word_1_76' title='bbox 952 1189 1067 1231; x_wconf 88' lang='lat' dir='ltr'>nos</span> <span class='ocrx_word' id='word_1_77' title='bbox 1112 1169 1191 1230; x_wconf 92' lang='lat' dir='ltr'>ad</span> <span class='ocrx_word' id='word_1_78' title='bbox 1237 1169 1576 1250; x_wconf 83' lang='lat' dir='ltr'>praedictae</span> <span class='ocrx_word' id='word_1_79' title='bbox 1608 1170 1915 1231; x_wconf 88' lang='lat' dir='ltr'>Ecclesiae</span> <span class='ocrx_word' id='word_1_80' title='bbox 1960 1167 2398 1249; x_wconf 88' lang='lat' dir='ltr'>gubernacula,</span> <span class='ocrx_word' id='word_1_81' title='bbox 2432 1167 2548 1229; x_wconf 90' lang='lat' dir='ltr'>Dei</span> <span class='ocrx_word' id='word_1_82' title='bbox 2582 1167 2958 1249; x_wconf 86' lang='lat' dir='ltr'>benignitate</span> <span class='ocrx_word' id='word_1_83' title='bbox 2990 1167 3207 1242; x_wconf 84' lang='lat' dir='ltr'>vocati,</span> 
     </span>
     <span class='ocr_line' id='line_1_13' title="bbox 593 1274 3210 1356; baseline -0.001 -20"><span class='ocrx_word' id='word_1_84' title='bbox 593 1277 840 1338; x_wconf 90' lang='lat' dir='ltr'>nullum</span> <span class='ocrx_word' id='word_1_85' title='bbox 869 1276 1144 1337; x_wconf 89' lang='lat' dir='ltr'>laborem</span> <span class='ocrx_word' id='word_1_86' title='bbox 1175 1275 1652 1351; x_wconf 82' lang='lat' dir='ltr'>intermittimus,</span> <span class='ocrx_word' id='word_1_87' title='bbox 1703 1276 1878 1337; x_wconf 90' lang='lat' dir='ltr'>omni</span> <span class='ocrx_word' id='word_1_88' title='bbox 1913 1295 2098 1356; x_wconf 90' lang='lat' dir='ltr'>opera</span> <span class='ocrx_word' id='word_1_89' title='bbox 2131 1276 2603 1353; x_wconf 88' lang='lat' dir='ltr'>contendentes,</span> <span class='ocrx_word' id='word_1_90' title='bbox 2653 1291 2718 1336; x_wconf 89' lang='lat' dir='ltr'>ut</span> <span class='ocrx_word' id='word_1_91' title='bbox 2749 1275 2882 1356; x_wconf 89' lang='lat' dir='ltr'>ipsa</span> <span class='ocrx_word' id='word_1_92' title='bbox 2915 1274 3117 1335; x_wconf 88' lang='lat' dir='ltr'>unitas</span> <span class='ocrx_word' id='word_1_93' title='bbox 3149 1289 3210 1334; x_wconf 89' lang='lat' dir='ltr'>et</span> 
     </span>
     <span class='ocr_line' id='line_1_14' title="bbox 595 1381 3207 1465; baseline -0.001 -22"><span class='ocrx_word' id='word_1_94' title='bbox 595 1383 890 1444; x_wconf 86' lang='lat' dir='ltr'>catholica</span> <span class='ocrx_word' id='word_1_95' title='bbox 923 1382 1137 1463; x_wconf 89' lang='lat' dir='ltr'>religio</span> <span class='ocrx_word' id='word_1_96' title='bbox 1183 1381 1393 1463; x_wconf 84' lang='lat' dir='ltr'>(quam</span> <span class='ocrx_word' id='word_1_97' title='bbox 1422 1383 1587 1446; x_wconf 90' lang='lat' dir='ltr'>illius</span> <span class='ocrx_word' id='word_1_98' title='bbox 1627 1400 1841 1445; x_wconf 89' lang='lat' dir='ltr'>auctor</span> <span class='ocrx_word' id='word_1_99' title='bbox 1886 1385 1961 1446; x_wconf 89' lang='lat' dir='ltr'>ad</span> <span class='ocrx_word' id='word_1_100' title='bbox 1997 1384 2380 1465; x_wconf 87' lang='lat' dir='ltr'>probandam</span> <span class='ocrx_word' id='word_1_101' title='bbox 2424 1401 2693 1445; x_wconf 88' lang='lat' dir='ltr'>suorum</span> <span class='ocrx_word' id='word_1_102' title='bbox 2742 1383 2933 1444; x_wconf 83' lang='lat' dir='ltr'>fidem</span> <span class='ocrx_word' id='word_1_103' title='bbox 2965 1398 3024 1443; x_wconf 90' lang='lat' dir='ltr'>et</span> <span class='ocrx_word' id='word_1_104' title='bbox 3069 1400 3207 1442; x_wconf 88' lang='lat' dir='ltr'>cor-</span> 
     </span>
     <span class='ocr_line' id='line_1_15' title="bbox 596 1490 3206 1573; baseline -0.003 -22"><span class='ocrx_word' id='word_1_105' title='bbox 596 1490 931 1551; x_wconf 87' lang='lat' dir='ltr'>rectionem</span> <span class='ocrx_word' id='word_1_106' title='bbox 962 1505 1233 1551; x_wconf 86' lang='lat' dir='ltr'>nostram</span> <span class='ocrx_word' id='word_1_107' title='bbox 1264 1491 1446 1552; x_wconf 89' lang='lat' dir='ltr'>tantis</span> <span class='ocrx_word' id='word_1_108' title='bbox 1479 1491 1760 1573; x_wconf 90' lang='lat' dir='ltr'>procellis</span> <span class='ocrx_word' id='word_1_109' title='bbox 1806 1491 2143 1553; x_wconf 88' lang='lat' dir='ltr'>conflictari</span> <span class='ocrx_word' id='word_1_110' title='bbox 2183 1490 2476 1572; x_wconf 77' lang='lat' dir='ltr'>permisit)</span> <span class='ocrx_word' id='word_1_111' title='bbox 2523 1490 2761 1571; x_wconf 88' lang='lat' dir='ltr'>integra</span> <span class='ocrx_word' id='word_1_112' title='bbox 2795 1504 3206 1550; x_wconf 86' lang='lat' dir='ltr'>conservetur.</span> 
     </span>
     <span class='ocr_line' id='line_1_16' title="bbox 596 1595 3207 1680; baseline -0 -25"><span class='ocrx_word' id='word_1_113' title='bbox 596 1596 715 1656; x_wconf 88' lang='lat' dir='ltr'>Sed</span> <span class='ocrx_word' id='word_1_114' title='bbox 750 1596 1085 1676; x_wconf 88' lang='lat' dir='ltr'>impiorum</span> <span class='ocrx_word' id='word_1_115' title='bbox 1133 1617 1430 1659; x_wconf 87' lang='lat' dir='ltr'>numerus</span> <span class='ocrx_word' id='word_1_116' title='bbox 1474 1613 1714 1660; x_wconf 89' lang='lat' dir='ltr'>tantum</span> <span class='ocrx_word' id='word_1_117' title='bbox 1759 1599 2030 1680; x_wconf 89' lang='lat' dir='ltr'>potentia</span> <span class='ocrx_word' id='word_1_118' title='bbox 2079 1598 2358 1675; x_wconf 89' lang='lat' dir='ltr'>invaluit,</span> <span class='ocrx_word' id='word_1_119' title='bbox 2414 1615 2479 1660; x_wconf 88' lang='lat' dir='ltr'>ut</span> <span class='ocrx_word' id='word_1_120' title='bbox 2513 1597 2724 1658; x_wconf 90' lang='lat' dir='ltr'>nullus</span> <span class='ocrx_word' id='word_1_121' title='bbox 2773 1597 2899 1658; x_wconf 92' lang='lat' dir='ltr'>iam</span> <span class='ocrx_word' id='word_1_122' title='bbox 2945 1595 3010 1656; x_wconf 92' lang='lat' dir='ltr'>in</span> <span class='ocrx_word' id='word_1_123' title='bbox 3055 1598 3207 1655; x_wconf 90' lang='lat' dir='ltr'>orbe</span> 
     </span>
     <span class='ocr_line' id='line_1_17' title="bbox 595 1701 3206 1787; baseline -0 -25"><span class='ocrx_word' id='word_1_124' title='bbox 595 1703 769 1763; x_wconf 91' lang='lat' dir='ltr'>locus</span> <span class='ocrx_word' id='word_1_125' title='bbox 801 1703 875 1764; x_wconf 91' lang='lat' dir='ltr'>sit</span> <span class='ocrx_word' id='word_1_126' title='bbox 919 1703 1183 1776; x_wconf 79' lang='lat' dir='ltr'>relictuS,</span> <span class='ocrx_word' id='word_1_127' title='bbox 1234 1724 1424 1784; x_wconf 87' lang='lat' dir='ltr'>quem</span> <span class='ocrx_word' id='word_1_128' title='bbox 1468 1704 1554 1765; x_wconf 88' lang='lat' dir='ltr'>illi</span> <span class='ocrx_word' id='word_1_129' title='bbox 1604 1706 1883 1787; x_wconf 87' lang='lat' dir='ltr'>pessimis</span> <span class='ocrx_word' id='word_1_130' title='bbox 1929 1705 2221 1766; x_wconf 89' lang='lat' dir='ltr'>doctrinis</span> <span class='ocrx_word' id='word_1_131' title='bbox 2268 1723 2558 1786; x_wconf 90' lang='lat' dir='ltr'>corrump</span> <span class='ocrx_word' id='word_1_132' title='bbox 2578 1723 2677 1765; x_wconf 91' lang='lat' dir='ltr'>ere</span> <span class='ocrx_word' id='word_1_133' title='bbox 2724 1723 2850 1764; x_wconf 90' lang='lat' dir='ltr'>non</span> <span class='ocrx_word' id='word_1_134' title='bbox 2898 1701 3206 1774; x_wconf 78' lang='lat' dir='ltr'>tentarint,</span> 
     </span>
     <span class='ocr_line' id='line_1_18' title="bbox 596 1808 3205 1892; baseline 0 -24"><span class='ocrx_word' id='word_1_135' title='bbox 596 1809 903 1870; x_wconf 85' lang='lat' dir='ltr'>adnitente</span> <span class='ocrx_word' id='word_1_136' title='bbox 934 1809 1091 1871; x_wconf 90' lang='lat' dir='ltr'>inter</span> <span class='ocrx_word' id='word_1_137' title='bbox 1135 1826 1368 1872; x_wconf 90' lang='lat' dir='ltr'>ceteros</span> <span class='ocrx_word' id='word_1_138' title='bbox 1415 1812 1790 1892; x_wconf 81' lang='lat' dir='ltr'>flagitiorum</span> <span class='ocrx_word' id='word_1_139' title='bbox 1834 1833 2006 1874; x_wconf 89' lang='lat' dir='ltr'>serva</span> <span class='ocrx_word' id='word_1_140' title='bbox 2055 1812 2380 1888; x_wconf 81' lang='lat' dir='ltr'>Elisabeth,</span> <span class='ocrx_word' id='word_1_141' title='bbox 2428 1826 2743 1891; x_wconf 86' lang='lat' dir='ltr'>praetensa</span> <span class='ocrx_word' id='word_1_142' title='bbox 2776 1809 3035 1888; x_wconf 87' lang='lat' dir='ltr'>Angliae</span> <span class='ocrx_word' id='word_1_143' title='bbox 3084 1808 3205 1869; x_wconf 88' lang='lat' dir='ltr'>Re-</span> 
     </span>
     <span class='ocr_line' id='line_1_19' title="bbox 594 1914 3207 2000; baseline -0 -24"><span class='ocrx_word' id='word_1_144' title='bbox 594 1914 759 1995; x_wconf 84' lang='lat' dir='ltr'>gina,</span> <span class='ocrx_word' id='word_1_145' title='bbox 804 1917 882 1976; x_wconf 90' lang='lat' dir='ltr'>ad</span> <span class='ocrx_word' id='word_1_146' title='bbox 928 1936 1118 1996; x_wconf 90' lang='lat' dir='ltr'>quam</span> <span class='ocrx_word' id='word_1_147' title='bbox 1170 1918 1356 1979; x_wconf 90' lang='lat' dir='ltr'>veluti</span> <span class='ocrx_word' id='word_1_148' title='bbox 1402 1921 1478 1980; x_wconf 91' lang='lat' dir='ltr'>ad</span> <span class='ocrx_word' id='word_1_149' title='bbox 1518 1919 1760 2000; x_wconf 89' lang='lat' dir='ltr'>asylum</span> <span class='ocrx_word' id='word_1_150' title='bbox 1810 1919 2096 1981; x_wconf 90' lang='lat' dir='ltr'>omnium</span> <span class='ocrx_word' id='word_1_151' title='bbox 2147 1917 2522 1980; x_wconf 86' lang='lat' dir='ltr'>infestissimi</span> <span class='ocrx_word' id='word_1_152' title='bbox 2557 1916 2919 1998; x_wconf 82' lang='lat' dir='ltr'>profugium</span> <span class='ocrx_word' id='word_1_153' title='bbox 2951 1916 3207 1977; x_wconf 88' lang='lat' dir='ltr'>invene-</span> 
     </span>
     <span class='ocr_line' id='line_1_20' title="bbox 597 2023 3203 2108; baseline -0 -26"><span class='ocrx_word' id='word_1_154' title='bbox 597 2038 757 2085; x_wconf 89' lang='lat' dir='ltr'>runt.</span> <span class='ocrx_word' id='word_1_155' title='bbox 821 2024 991 2084; x_wconf 90' lang='lat' dir='ltr'>Haec</span> <span class='ocrx_word' id='word_1_156' title='bbox 1040 2026 1273 2100; x_wconf 89' lang='lat' dir='ltr'>eadem,</span> <span class='ocrx_word' id='word_1_157' title='bbox 1333 2027 1554 2104; x_wconf 86' lang='lat' dir='ltr'>Regno</span> <span class='ocrx_word' id='word_1_158' title='bbox 1618 2043 1921 2108; x_wconf 89' lang='lat' dir='ltr'>occupato</span> <span class='ocrx_word' id='word_1_159' title='bbox 1968 2026 2242 2107; x_wconf 88' lang='lat' dir='ltr'>supremi</span> <span class='ocrx_word' id='word_1_160' title='bbox 2290 2024 2577 2087; x_wconf 90' lang='lat' dir='ltr'>ecclesiae</span> <span class='ocrx_word' id='word_1_161' title='bbox 2623 2024 2834 2105; x_wconf 89' lang='lat' dir='ltr'>capitis</span> <span class='ocrx_word' id='word_1_162' title='bbox 2877 2024 3086 2085; x_wconf 89' lang='lat' dir='ltr'>locum</span> <span class='ocrx_word' id='word_1_163' title='bbox 3139 2023 3203 2082; x_wconf 91' lang='lat' dir='ltr'>in</span> 
     </span>
     <span class='ocr_line' id='line_1_21' title="bbox 595 2130 3207 2215; baseline -0.001 -23"><span class='ocrx_word' id='word_1_164' title='bbox 595 2131 766 2192; x_wconf 92' lang='lat' dir='ltr'>omni</span> <span class='ocrx_word' id='word_1_165' title='bbox 803 2132 1040 2212; x_wconf 87' lang='lat' dir='ltr'>Anglia,</span> <span class='ocrx_word' id='word_1_166' title='bbox 1079 2132 1340 2213; x_wconf 89' lang='lat' dir='ltr'>eiusque</span> <span class='ocrx_word' id='word_1_167' title='bbox 1373 2133 1760 2215; x_wconf 89' lang='lat' dir='ltr'>praecipuam</span> <span class='ocrx_word' id='word_1_168' title='bbox 1806 2133 2232 2195; x_wconf 91' lang='lat' dir='ltr'>auctoritatem</span> <span class='ocrx_word' id='word_1_169' title='bbox 2263 2148 2446 2212; x_wconf 88' lang='lat' dir='ltr'>atque</span> <span class='ocrx_word' id='word_1_170' title='bbox 2494 2130 2982 2192; x_wconf 89' lang='lat' dir='ltr'>iurisdictionem</span> <span class='ocrx_word' id='word_1_171' title='bbox 3016 2148 3207 2190; x_wconf 80' lang='lat' dir='ltr'>mon·</span> 
     </span>
     <span class='ocr_line' id='line_1_22' title="bbox 594 2238 3201 2322; baseline -0.001 -25"><span class='ocrx_word' id='word_1_172' title='bbox 594 2253 831 2298; x_wconf 90' lang='lat' dir='ltr'>struose</span> <span class='ocrx_word' id='word_1_173' title='bbox 863 2238 976 2299; x_wconf 89' lang='lat' dir='ltr'>sibi</span> <span class='ocrx_word' id='word_1_174' title='bbox 1013 2259 1334 2320; x_wconf 87' lang='lat' dir='ltr'>usurpans,</span> <span class='ocrx_word' id='word_1_175' title='bbox 1381 2259 1643 2322; x_wconf 89' lang='lat' dir='ltr'>regnum</span> <span class='ocrx_word' id='word_1_176' title='bbox 1676 2240 1882 2321; x_wconf 88' lang='lat' dir='ltr'>ipsum</span> <span class='ocrx_word' id='word_1_177' title='bbox 1926 2239 2052 2301; x_wconf 87' lang='lat' dir='ltr'>iarn</span> <span class='ocrx_word' id='word_1_178' title='bbox 2083 2256 2218 2300; x_wconf 91' lang='lat' dir='ltr'>tum</span> <span class='ocrx_word' id='word_1_179' title='bbox 2250 2240 2326 2300; x_wconf 88' lang='lat' dir='ltr'>ad</span> <span class='ocrx_word' id='word_1_180' title='bbox 2360 2238 2550 2300; x_wconf 87' lang='lat' dir='ltr'>fidem</span> <span class='ocrx_word' id='word_1_181' title='bbox 2601 2238 2967 2300; x_wconf 85' lang='lat' dir='ltr'>catholicam</span> <span class='ocrx_word' id='word_1_182' title='bbox 2999 2253 3056 2297; x_wconf 86' lang='lat' dir='ltr'>et</span> <span class='ocrx_word' id='word_1_183' title='bbox 3090 2239 3201 2295; x_wconf 90' lang='lat' dir='ltr'>bo-</span> 
     </span>
     <span class='ocr_line' id='line_1_23' title="bbox 596 2344 3207 2423; baseline -0.001 -19"><span class='ocrx_word' id='word_1_184' title='bbox 596 2363 742 2405; x_wconf 89' lang='lat' dir='ltr'>nam</span> <span class='ocrx_word' id='word_1_185' title='bbox 775 2344 1016 2423; x_wconf 86' lang='lat' dir='ltr'>frugem</span> <span class='ocrx_word' id='word_1_186' title='bbox 1051 2347 1377 2407; x_wconf 85' lang='lat' dir='ltr'>reductum</span> <span class='ocrx_word' id='word_1_187' title='bbox 1409 2366 1619 2407; x_wconf 90' lang='lat' dir='ltr'>rursus</span> <span class='ocrx_word' id='word_1_188' title='bbox 1638 2346 1703 2407; x_wconf 91' lang='lat' dir='ltr'>in</span> <span class='ocrx_word' id='word_1_189' title='bbox 1724 2345 2020 2408; x_wconf 90' lang='lat' dir='ltr'>miserum</span> <span class='ocrx_word' id='word_1_190' title='bbox 2041 2345 2297 2407; x_wconf 83' lang='lat' dir='ltr'>exitium</span> <span class='ocrx_word' id='word_1_191' title='bbox 2317 2346 2633 2406; x_wconf 90' lang='lat' dir='ltr'>revocavit.</span> <span class='ocrx_word' id='word_1_192' title='bbox 2688 2365 2741 2406; x_wconf 86' lang='lat'>2.</span> <span class='ocrx_word' id='word_1_193' title='bbox 2776 2344 2911 2406; x_wconf 90' lang='lat' dir='ltr'>Usu</span> <span class='ocrx_word' id='word_1_194' title='bbox 2933 2362 3207 2423; x_wconf 86' lang='lat' dir='ltr'>namque</span> 
     </span>
     <span class='ocr_line' id='line_1_24' title="bbox 593 2451 3207 2533; baseline 0 -25"><span class='ocrx_word' id='word_1_195' title='bbox 593 2470 770 2512; x_wconf 91' lang='lat' dir='ltr'>verae</span> <span class='ocrx_word' id='word_1_196' title='bbox 802 2451 1137 2533; x_wconf 87' lang='lat' dir='ltr'>religionis,</span> <span class='ocrx_word' id='word_1_197' title='bbox 1168 2473 1358 2532; x_wconf 87' lang='lat' dir='ltr'>quam</span> <span class='ocrx_word' id='word_1_198' title='bbox 1390 2457 1465 2514; x_wconf 90' lang='lat' dir='ltr'>ab</span> <span class='ocrx_word' id='word_1_199' title='bbox 1498 2453 1660 2515; x_wconf 86' lang='lat' dir='ltr'>illius</span> <span class='ocrx_word' id='word_1_200' title='bbox 1696 2455 2006 2514; x_wconf 87' lang='lat' dir='ltr'>desertore</span> <span class='ocrx_word' id='word_1_201' title='bbox 2028 2453 2301 2515; x_wconf 88' lang='lat' dir='ltr'>Henrico</span> <span class='ocrx_word' id='word_1_202' title='bbox 2328 2453 2467 2514; x_wconf 92' lang='lat' dir='ltr'>Vlll.</span> <span class='ocrx_word' id='word_1_203' title='bbox 2501 2453 2652 2514; x_wconf 89' lang='lat' dir='ltr'>olim</span> <span class='ocrx_word' id='word_1_204' title='bbox 2684 2471 2980 2527; x_wconf 89' lang='lat' dir='ltr'>eversam,</span> <span class='ocrx_word' id='word_1_205' title='bbox 3009 2451 3207 2511; x_wconf 84' lang='lat' dir='ltr'>clarae</span> 
     </span>
     <span class='ocr_line' id='line_1_25' title="bbox 593 2556 3197 2644; baseline -0.002 -25"><span class='ocrx_word' id='word_1_206' title='bbox 593 2558 929 2620; x_wconf 88' lang='lat' dir='ltr'>memoriae</span> <span class='ocrx_word' id='word_1_207' title='bbox 953 2559 1160 2635; x_wconf 87' lang='lat' dir='ltr'>Maria,</span> <span class='ocrx_word' id='word_1_208' title='bbox 1197 2560 1404 2639; x_wconf 85' lang='lat' dir='ltr'>regina</span> <span class='ocrx_word' id='word_1_209' title='bbox 1439 2561 1727 2640; x_wconf 82' lang='lat' dir='ltr'>legitima,</span> <span class='ocrx_word' id='word_1_210' title='bbox 1764 2561 1959 2644; x_wconf 29' lang='lat' dir='ltr'>huius·</span> <span class='ocrx_word' id='word_1_211' title='bbox 1991 2560 2166 2622; x_wconf 89' lang='lat' dir='ltr'>Sedis</span> <span class='ocrx_word' id='word_1_212' title='bbox 2198 2559 2506 2641; x_wconf 88' lang='lat' dir='ltr'>praesidio</span> <span class='ocrx_word' id='word_1_213' title='bbox 2536 2574 2932 2639; x_wconf 77' lang='lat' dir='ltr'>reparaverat,</span> <span class='ocrx_word' id='word_1_214' title='bbox 2969 2556 3197 2638; x_wconf 90' lang='lat' dir='ltr'>potenti</span> 
     </span>
     <span class='ocr_line' id='line_1_26' title="bbox 593 2665 3205 2749; baseline -0.001 -21"><span class='ocrx_word' id='word_1_215' title='bbox 593 2685 784 2728; x_wconf 86' lang='lat' dir='ltr'>manu</span> <span class='ocrx_word' id='word_1_216' title='bbox 818 2665 1101 2739; x_wconf 82' lang='lat' dir='ltr'>inhibito,</span> <span class='ocrx_word' id='word_1_217' title='bbox 1135 2667 1487 2748; x_wconf 87' lang='lat' dir='ltr'>secutisque</span> <span class='ocrx_word' id='word_1_218' title='bbox 1521 2684 1579 2729; x_wconf 89' lang='lat' dir='ltr'>et</span> <span class='ocrx_word' id='word_1_219' title='bbox 1610 2666 1908 2749; x_wconf 83' lang='lat' dir='ltr'>amplexis</span> <span class='ocrx_word' id='word_1_220' title='bbox 1940 2667 2390 2729; x_wconf 89' lang='lat' dir='ltr'>haereticorum</span> <span class='ocrx_word' id='word_1_221' title='bbox 2414 2666 2742 2741; x_wconf 85' lang='lat' dir='ltr'>erroribus,</span> <span class='ocrx_word' id='word_1_222' title='bbox 2779 2665 3019 2746; x_wconf 87' lang='lat' dir='ltr'>regium</span> <span class='ocrx_word' id='word_1_223' title='bbox 3052 2683 3205 2726; x_wconf 87' lang='lat' dir='ltr'>con-</span> 
     </span>
     <span class='ocr_line' id='line_1_27' title="bbox 592 2771 3208 2855; baseline -0 -22"><span class='ocrx_word' id='word_1_224' title='bbox 592 2773 798 2834; x_wconf 89' lang='lat' dir='ltr'>silium</span> <span class='ocrx_word' id='word_1_225' title='bbox 829 2794 900 2834; x_wconf 86' lang='lat' dir='ltr'>ex</span> <span class='ocrx_word' id='word_1_226' title='bbox 924 2774 1179 2853; x_wconf 89' lang='lat' dir='ltr'>Anglica</span> <span class='ocrx_word' id='word_1_227' title='bbox 1214 2774 1526 2836; x_wconf 87' lang='lat' dir='ltr'>nobilitate</span> <span class='ocrx_word' id='word_1_228' title='bbox 1559 2776 1912 2837; x_wconf 90' lang='lat' dir='ltr'>confectum</span> <span class='ocrx_word' id='word_1_229' title='bbox 1932 2775 2194 2851; x_wconf 82' lang='lat' dir='ltr'>diremit,</span> <span class='ocrx_word' id='word_1_230' title='bbox 2229 2774 2510 2855; x_wconf 90' lang='lat' dir='ltr'>illudque</span> <span class='ocrx_word' id='word_1_231' title='bbox 2541 2773 2821 2836; x_wconf 90' lang='lat' dir='ltr'>obscuris</span> <span class='ocrx_word' id='word_1_232' title='bbox 2843 2771 3208 2834; x_wconf 84' lang='lat' dir='ltr'>hominibus</span> 
     </span>
     <span class='ocr_line' id='line_1_28' title="bbox 591 2880 3199 2962; baseline -0.001 -22"><span class='ocrx_word' id='word_1_233' title='bbox 591 2880 909 2941; x_wconf 88' lang='lat' dir='ltr'>haereticis</span> <span class='ocrx_word' id='word_1_234' title='bbox 941 2880 1289 2961; x_wconf 83' lang='lat' dir='ltr'>complevit,</span> <span class='ocrx_word' id='word_1_235' title='bbox 1326 2881 1656 2943; x_wconf 86' lang='lat' dir='ltr'>catholicae</span> <span class='ocrx_word' id='word_1_236' title='bbox 1691 2881 1832 2942; x_wconf 87' lang='lat' dir='ltr'>fidei</span> <span class='ocrx_word' id='word_1_237' title='bbox 1865 2882 2129 2942; x_wconf 91' lang='lat' dir='ltr'>cultores</span> <span class='ocrx_word' id='word_1_238' title='bbox 2161 2881 2493 2962; x_wconf 79' lang='lat' dir='ltr'>oppressit,</span> <span class='ocrx_word' id='word_1_239' title='bbox 2529 2882 2848 2962; x_wconf 92' lang='lat' dir='ltr'>improbos</span> <span class='ocrx_word' id='word_1_240' title='bbox 2869 2881 3199 2941; x_wconf 86' lang='lat' dir='ltr'>conciona-</span> 
     </span>
     <span class='ocr_line' id='line_1_29' title="bbox 591 2988 3197 3070; baseline -0.001 -24"><span class='ocrx_word' id='word_1_241' title='bbox 591 3003 752 3047; x_wconf 88' lang='lat' dir='ltr'>tores</span> <span class='ocrx_word' id='word_1_242' title='bbox 799 3003 983 3066; x_wconf 88' lang='lat' dir='ltr'>atque</span> <span class='ocrx_word' id='word_1_243' title='bbox 1028 2988 1412 3068; x_wconf 89' lang='lat' dir='ltr'>impietatum</span> <span class='ocrx_word' id='word_1_244' title='bbox 1458 2988 1851 3050; x_wconf 89' lang='lat' dir='ltr'>administros</span> <span class='ocrx_word' id='word_1_245' title='bbox 1900 2989 2210 3070; x_wconf 87' lang='lat' dir='ltr'>reposuit;</span> <span class='ocrx_word' id='word_1_246' title='bbox 2268 2988 2487 3049; x_wconf 89' lang='lat' dir='ltr'>missae</span> <span class='ocrx_word' id='word_1_247' title='bbox 2536 2988 2925 3065; x_wconf 89' lang='lat' dir='ltr'>sacrificium,</span> <span class='ocrx_word' id='word_1_248' title='bbox 2974 3005 3197 3067; x_wconf 84' lang='lat' dir='ltr'>preces,</span> 
     </span>
     <span class='ocr_line' id='line_1_30' title="bbox 594 3092 3205 3176; baseline -0 -24"><span class='ocrx_word' id='word_1_249' title='bbox 594 3092 838 3166; x_wconf 87' lang='lat' dir='ltr'>ieiunia,</span> <span class='ocrx_word' id='word_1_250' title='bbox 870 3094 1151 3155; x_wconf 90' lang='lat' dir='ltr'>ciborum</span> <span class='ocrx_word' id='word_1_251' title='bbox 1184 3096 1513 3167; x_wconf 89' lang='lat' dir='ltr'>delectum,</span> <span class='ocrx_word' id='word_1_252' title='bbox 1547 3096 1939 3171; x_wconf 89' lang='lat' dir='ltr'>coelibatum,</span> <span class='ocrx_word' id='word_1_253' title='bbox 1985 3096 2262 3176; x_wconf 89' lang='lat' dir='ltr'>ritusque</span> <span class='ocrx_word' id='word_1_254' title='bbox 2306 3095 2640 3156; x_wconf 86' lang='lat' dir='ltr'>catholicos</span> <span class='ocrx_word' id='word_1_255' title='bbox 2671 3094 2964 3163; x_wconf 87' lang='lat' dir='ltr'>abolevit;</span> <span class='ocrx_word' id='word_1_256' title='bbox 3012 3093 3205 3153; x_wconf 89' lang='lat' dir='ltr'>libros</span> 
     </span>
     <span class='ocr_line' id='line_1_31' title="bbox 591 3199 3197 3284; baseline 0 -25"><span class='ocrx_word' id='word_1_257' title='bbox 591 3199 973 3261; x_wconf 89' lang='lat' dir='ltr'>manifestam</span> <span class='ocrx_word' id='word_1_258' title='bbox 1007 3200 1310 3262; x_wconf 91' lang='lat' dir='ltr'>haeresim</span> <span class='ocrx_word' id='word_1_259' title='bbox 1340 3202 1722 3263; x_wconf 88' lang='lat' dir='ltr'>continentes</span> <span class='ocrx_word' id='word_1_260' title='bbox 1753 3217 1886 3263; x_wconf 90' lang='lat' dir='ltr'>toto</span> <span class='ocrx_word' id='word_1_261' title='bbox 1918 3222 2113 3281; x_wconf 87' lang='lat' dir='ltr'>regno</span> <span class='ocrx_word' id='word_1_262' title='bbox 2145 3202 2445 3284; x_wconf 88' lang='lat' dir='ltr'>proponi;</span> <span class='ocrx_word' id='word_1_263' title='bbox 2480 3202 2666 3282; x_wconf 92' lang='lat' dir='ltr'>impia</span> <span class='ocrx_word' id='word_1_264' title='bbox 2690 3200 2979 3282; x_wconf 86' lang='lat' dir='ltr'>mysteria</span> <span class='ocrx_word' id='word_1_265' title='bbox 3011 3215 3069 3260; x_wconf 91' lang='lat' dir='ltr'>et</span> <span class='ocrx_word' id='word_1_266' title='bbox 3107 3201 3197 3260; x_wconf 88' lang='lat' dir='ltr'>in-</span> 
     </span>
     <span class='ocr_line' id='line_1_32' title="bbox 589 3306 3201 3389; baseline -0.001 -22"><span class='ocrx_word' id='word_1_267' title='bbox 589 3306 790 3367; x_wconf 90' lang='lat' dir='ltr'>stituta</span> <span class='ocrx_word' id='word_1_268' title='bbox 823 3308 899 3368; x_wconf 88' lang='lat' dir='ltr'>ad</span> <span class='ocrx_word' id='word_1_269' title='bbox 934 3306 1174 3369; x_wconf 89' lang='lat' dir='ltr'>Calvini</span> <span class='ocrx_word' id='word_1_270' title='bbox 1220 3308 1678 3389; x_wconf 89' lang='lat' dir='ltr'>praescriptum,</span> <span class='ocrx_word' id='word_1_271' title='bbox 1709 3331 1742 3369; x_wconf 87' lang='lat' dir='ltr'>a</span> <span class='ocrx_word' id='word_1_272' title='bbox 1774 3329 1838 3369; x_wconf 92' lang='lat' dir='ltr'>se</span> <span class='ocrx_word' id='word_1_273' title='bbox 1871 3325 2152 3389; x_wconf 87' lang='lat' dir='ltr'>suscepta</span> <span class='ocrx_word' id='word_1_274' title='bbox 2185 3326 2242 3370; x_wconf 90' lang='lat' dir='ltr'>et</span> <span class='ocrx_word' id='word_1_275' title='bbox 2274 3312 2611 3379; x_wconf 85' lang='lat' dir='ltr'>observata,</span> <span class='ocrx_word' id='word_1_276' title='bbox 2656 3309 2842 3370; x_wconf 89' lang='lat' dir='ltr'>etiam</span> <span class='ocrx_word' id='word_1_277' title='bbox 2875 3330 2907 3368; x_wconf 89' lang='lat' dir='ltr'>a</span> <span class='ocrx_word' id='word_1_278' title='bbox 2940 3307 3201 3368; x_wconf 87' lang='lat' dir='ltr'>subditis</span> 
     </span>
     <span class='ocr_line' id='line_1_33' title="bbox 587 3414 3195 3496; baseline 0.001 -24"><span class='ocrx_word' id='word_1_279' title='bbox 587 3414 808 3474; x_wconf 86' lang='lat' dir='ltr'>servari</span> <span class='ocrx_word' id='word_1_280' title='bbox 831 3415 1172 3486; x_wconf 81' lang='lat' dir='ltr'>mandavit3</span> <span class='ocrx_word' id='word_1_281' title='bbox 1212 3416 1563 3496; x_wconf 74' lang='lat' dir='ltr'>EpiscopOS,</span> <span class='ocrx_word' id='word_1_282' title='bbox 1584 3416 1978 3477; x_wconf 87' lang='lat' dir='ltr'>ecclesiarum</span> <span class='ocrx_word' id='word_1_283' title='bbox 2008 3431 2293 3491; x_wconf 75' lang='lat' dir='ltr'>rectoreS,</span> <span class='ocrx_word' id='word_1_284' title='bbox 2328 3432 2386 3477; x_wconf 90' lang='lat' dir='ltr'>et</span> <span class='ocrx_word' id='word_1_285' title='bbox 2419 3416 2570 3477; x_wconf 83' lang='lat' dir='ltr'>alios</span> <span class='ocrx_word' id='word_1_286' title='bbox 2606 3416 2952 3476; x_wconf 90' lang='lat' dir='ltr'>sacerdotes</span> <span class='ocrx_word' id='word_1_287' title='bbox 2986 3416 3195 3475; x_wconf 85' lang='lat' dir='ltr'>catho-</span> 
     </span>
     <span class='ocr_line' id='line_1_34' title="bbox 585 3521 3201 3596; baseline 0 -16"><span class='ocrx_word' id='word_1_288' title='bbox 585 3521 735 3582; x_wconf 89' lang='lat' dir='ltr'>licos</span> <span class='ocrx_word' id='word_1_289' title='bbox 767 3522 895 3582; x_wconf 89' lang='lat' dir='ltr'>suis</span> <span class='ocrx_word' id='word_1_290' title='bbox 929 3521 1197 3582; x_wconf 88' lang='lat' dir='ltr'>ecclesiis</span> <span class='ocrx_word' id='word_1_291' title='bbox 1231 3537 1289 3583; x_wconf 92' lang='lat' dir='ltr'>et</span> <span class='ocrx_word' id='word_1_292' title='bbox 1324 3522 1633 3583; x_wconf 75' lang='lat' dir='ltr'>beneficiis</span> <span class='ocrx_word' id='word_1_293' title='bbox 1666 3522 1902 3596; x_wconf 85' lang='lat' dir='ltr'>eiicere,</span> <span class='ocrx_word' id='word_1_294' title='bbox 1937 3543 2006 3584; x_wconf 89' lang='lat' dir='ltr'>ac</span> <span class='ocrx_word' id='word_1_295' title='bbox 2039 3524 2115 3583; x_wconf 90' lang='lat' dir='ltr'>de</span> <span class='ocrx_word' id='word_1_296' title='bbox 2149 3523 2264 3583; x_wconf 90' lang='lat' dir='ltr'>illis</span> <span class='ocrx_word' id='word_1_297' title='bbox 2297 3539 2355 3584; x_wconf 89' lang='lat' dir='ltr'>et</span> <span class='ocrx_word' id='word_1_298' title='bbox 2388 3522 2521 3584; x_wconf 86' lang='lat' dir='ltr'>aliis</span> <span class='ocrx_word' id='word_1_299' title='bbox 2565 3524 2749 3583; x_wconf 89' lang='lat' dir='ltr'>rebus</span> <span class='ocrx_word' id='word_1_300' title='bbox 2780 3521 3201 3583; x_wconf 82' lang='lat' dir='ltr'>ecclesiasticis</span> 
     </span>
     <span class='ocr_line' id='line_1_35' title="bbox 587 3628 3203 3709; baseline -0 -21"><span class='ocrx_word' id='word_1_301' title='bbox 587 3628 650 3688; x_wconf 88' lang='lat' dir='ltr'>in</span> <span class='ocrx_word' id='word_1_302' title='bbox 698 3628 1033 3690; x_wconf 89' lang='lat' dir='ltr'>haereticos</span> <span class='ocrx_word' id='word_1_303' title='bbox 1084 3629 1368 3690; x_wconf 88' lang='lat' dir='ltr'>homines</span> <span class='ocrx_word' id='word_1_304' title='bbox 1400 3629 1756 3709; x_wconf 86' lang='lat' dir='ltr'>disponere;</span> <span class='ocrx_word' id='word_1_305' title='bbox 1808 3630 2010 3708; x_wconf 90' lang='lat' dir='ltr'>deque</span> <span class='ocrx_word' id='word_1_306' title='bbox 2044 3629 2349 3690; x_wconf 87' lang='lat' dir='ltr'>Ecclesiae</span> <span class='ocrx_word' id='word_1_307' title='bbox 2411 3630 2611 3691; x_wconf 86' lang='lat' dir='ltr'>causis</span> <span class='ocrx_word' id='word_1_308' title='bbox 2658 3630 2988 3690; x_wconf 88' lang='lat' dir='ltr'>decernere</span> <span class='ocrx_word' id='word_1_309' title='bbox 3034 3647 3203 3702; x_wconf 83' lang='lat' dir='ltr'>ausa,</span> 
     </span>
     <span class='ocr_line' id='line_1_36' title="bbox 589 3735 3205 3816; baseline -0.001 -21"><span class='ocrx_word' id='word_1_310' title='bbox 589 3735 884 3814; x_wconf 77' lang='lat' dir='ltr'>praelatiS,</span> <span class='ocrx_word' id='word_1_311' title='bbox 932 3737 1095 3797; x_wconf 91' lang='lat' dir='ltr'>clero</span> <span class='ocrx_word' id='word_1_312' title='bbox 1132 3752 1191 3797; x_wconf 90' lang='lat' dir='ltr'>et</span> <span class='ocrx_word' id='word_1_313' title='bbox 1225 3737 1480 3816; x_wconf 89' lang='lat' dir='ltr'>popu10,</span> <span class='ocrx_word' id='word_1_314' title='bbox 1528 3756 1604 3797; x_wconf 90' lang='lat' dir='ltr'>ne</span> <span class='ocrx_word' id='word_1_315' title='bbox 1641 3737 1987 3797; x_wconf 86' lang='lat' dir='ltr'>Romanam</span> <span class='ocrx_word' id='word_1_316' title='bbox 2023 3735 2356 3797; x_wconf 85' lang='lat' dir='ltr'>Ecclesiam</span> <span class='ocrx_word' id='word_1_317' title='bbox 2403 3752 2829 3815; x_wconf 78' lang='lat' dir='ltr'>agnoscerent,</span> <span class='ocrx_word' id='word_1_318' title='bbox 2881 3754 3033 3796; x_wconf 89' lang='lat' dir='ltr'>neve</span> <span class='ocrx_word' id='word_1_319' title='bbox 3066 3735 3205 3795; x_wconf 85' lang='lat' dir='ltr'>eius</span> 
     </span>
     <span class='ocr_line' id='line_1_37' title="bbox 588 3841 3195 3924; baseline -0.001 -21"><span class='ocrx_word' id='word_1_320' title='bbox 588 3843 919 3924; x_wconf 88' lang='lat' dir='ltr'>praeceptis</span> <span class='ocrx_word' id='word_1_321' title='bbox 951 3842 1497 3923; x_wconf 89' lang='lat' dir='ltr'>sanctionibusque</span> <span class='ocrx_word' id='word_1_322' title='bbox 1529 3844 1838 3904; x_wconf 88' lang='lat' dir='ltr'>canonicis</span> <span class='ocrx_word' id='word_1_323' title='bbox 1858 3847 2372 3923; x_wconf 87' lang='lat' dir='ltr'>obtemperarent,</span> <span class='ocrx_word' id='word_1_324' title='bbox 2395 3843 2735 3913; x_wconf 80' lang='lat' dir='ltr'>interdixit;</span> <span class='ocrx_word' id='word_1_325' title='bbox 2773 3843 3100 3924; x_wconf 89' lang='lat' dir='ltr'>plerosque</span> <span class='ocrx_word' id='word_1_326' title='bbox 3134 3841 3195 3901; x_wconf 92' lang='lat' dir='ltr'>in</span> 
     </span>
     <span class='ocr_line' id='line_1_38' title="bbox 587 3948 3195 4031; baseline 0 -23"><span class='ocrx_word' id='word_1_327' title='bbox 587 3948 842 4009; x_wconf 89' lang='lat' dir='ltr'>nefarias</span> <span class='ocrx_word' id='word_1_328' title='bbox 876 3950 1041 4028; x_wconf 89' lang='lat' dir='ltr'>leges</span> <span class='ocrx_word' id='word_1_329' title='bbox 1073 3971 1215 4010; x_wconf 90' lang='lat' dir='ltr'>suas</span> <span class='ocrx_word' id='word_1_330' title='bbox 1249 3950 1475 4020; x_wconf 88' lang='lat' dir='ltr'>venire,</span> <span class='ocrx_word' id='word_1_331' title='bbox 1510 3964 1567 4009; x_wconf 90' lang='lat' dir='ltr'>et</span> <span class='ocrx_word' id='word_1_332' title='bbox 1601 3949 1866 4010; x_wconf 86' lang='lat' dir='ltr'>Romani</span> <span class='ocrx_word' id='word_1_333' title='bbox 1891 3949 2197 4011; x_wconf 76' lang='lat' dir='ltr'>pontificis</span> <span class='ocrx_word' id='word_1_334' title='bbox 2230 3950 2660 4012; x_wconf 87' lang='lat' dir='ltr'>auctoritatem</span> <span class='ocrx_word' id='word_1_335' title='bbox 2694 3967 2878 4031; x_wconf 87' lang='lat' dir='ltr'>atque</span> <span class='ocrx_word' id='word_1_336' title='bbox 2898 3948 3195 4010; x_wconf 88' lang='lat' dir='ltr'>obedien-</span> 
     </span>
     <span class='ocr_line' id='line_1_39' title="bbox 584 4056 3190 4137; baseline 0 -22"><span class='ocrx_word' id='word_1_337' title='bbox 584 4056 728 4116; x_wconf 87' lang='lat' dir='ltr'>tiam</span> <span class='ocrx_word' id='word_1_338' title='bbox 763 4057 1057 4134; x_wconf 87' lang='lat' dir='ltr'>abiurare,</span> <span class='ocrx_word' id='word_1_339' title='bbox 1094 4076 1284 4137; x_wconf 87' lang='lat' dir='ltr'>seque</span> <span class='ocrx_word' id='word_1_340' title='bbox 1316 4057 1514 4118; x_wconf 87' lang='lat' dir='ltr'>solam</span> <span class='ocrx_word' id='word_1_341' title='bbox 1545 4057 1606 4118; x_wconf 90' lang='lat' dir='ltr'>in</span> <span class='ocrx_word' id='word_1_342' title='bbox 1639 4057 2082 4137; x_wconf 89' lang='lat' dir='ltr'>temporalibus</span> <span class='ocrx_word' id='word_1_343' title='bbox 2117 4073 2175 4118; x_wconf 90' lang='lat' dir='ltr'>et</span> <span class='ocrx_word' id='word_1_344' title='bbox 2207 4057 2623 4137; x_wconf 86' lang='lat' dir='ltr'>spiritualibus</span> <span class='ocrx_word' id='word_1_345' title='bbox 2645 4056 2965 4118; x_wconf 88' lang='lat' dir='ltr'>dominam</span> <span class='ocrx_word' id='word_1_346' title='bbox 2999 4075 3190 4136; x_wconf 87' lang='lat' dir='ltr'>agno-</span> 
     </span>
    </p>
   </div>
   <div class='ocr_carea' id='block_1_7' title="bbox 511 4163 3199 4246">
    <p class='ocr_par' dir='ltr' id='par_1_7' title="bbox 511 4163 3199 4246">
     <span class='ocr_line' id='line_1_40' title="bbox 511 4163 3199 4246; baseline 0.001 -25"><span class='ocrx_word' id='word_1_347' title='bbox 511 4187 525 4196; x_wconf 91' lang='lat'><em>·</em></span> <span class='ocrx_word' id='word_1_348' title='bbox 586 4182 751 4222; x_wconf 90' lang='lat' dir='ltr'>scere</span> <span class='ocrx_word' id='word_1_349' title='bbox 787 4163 1180 4224; x_wconf 89' lang='lat' dir='ltr'>iureiurando</span> <span class='ocrx_word' id='word_1_350' title='bbox 1212 4166 1443 4244; x_wconf 87' lang='lat' dir='ltr'>coegit;</span> <span class='ocrx_word' id='word_1_351' title='bbox 1496 4184 1726 4246; x_wconf 88' lang='lat' dir='ltr'>poenas</span> <span class='ocrx_word' id='word_1_352' title='bbox 1760 4183 1815 4227; x_wconf 92' lang='lat' dir='ltr'>et</span> <span class='ocrx_word' id='word_1_353' title='bbox 1848 4165 2151 4246; x_wconf 88' lang='lat' dir='ltr'>supplicia</span> <span class='ocrx_word' id='word_1_354' title='bbox 2202 4167 2264 4228; x_wconf 91' lang='lat' dir='ltr'>in</span> <span class='ocrx_word' id='word_1_355' title='bbox 2298 4186 2425 4239; x_wconf 75' lang='lat' dir='ltr'>e05,</span> <span class='ocrx_word' id='word_1_356' title='bbox 2475 4168 2584 4246; x_wconf 86' lang='lat' dir='ltr'>qui</span> <span class='ocrx_word' id='word_1_357' title='bbox 2622 4167 2784 4228; x_wconf 88' lang='lat' dir='ltr'>dicto</span> <span class='ocrx_word' id='word_1_358' title='bbox 2835 4186 2963 4227; x_wconf 90' lang='lat' dir='ltr'>non</span> <span class='ocrx_word' id='word_1_359' title='bbox 2996 4183 3199 4226; x_wconf 90' lang='lat' dir='ltr'>essent</span> 
     </span>
    </p>
   </div>
   <div class='ocr_carea' id='block_1_8' title="bbox 583 4270 3200 4998">
    <p class='ocr_par' dir='ltr' id='par_1_8' title="bbox 583 4270 3200 4998">
     <span class='ocr_line' id='line_1_41' title="bbox 588 4270 3192 4355; baseline 0.001 -26"><span class='ocrx_word' id='word_1_360' title='bbox 588 4270 923 4343; x_wconf 80' lang='lat' dir='ltr'>audienteS‚</span> <span class='ocrx_word' id='word_1_361' title='bbox 958 4271 1279 4352; x_wconf 88' lang='lat' dir='ltr'>imposuit;</span> <span class='ocrx_word' id='word_1_362' title='bbox 1316 4274 1689 4353; x_wconf 87' lang='lat' dir='ltr'>easdemque</span> <span class='ocrx_word' id='word_1_363' title='bbox 1726 4276 1799 4333; x_wconf 87' lang='lat' dir='ltr'>ab</span> <span class='ocrx_word' id='word_1_364' title='bbox 1822 4273 1914 4344; x_wconf 84' lang='lat' dir='ltr'>iis,</span> <span class='ocrx_word' id='word_1_365' title='bbox 1951 4273 2057 4353; x_wconf 87' lang='lat' dir='ltr'>qui</span> <span class='ocrx_word' id='word_1_366' title='bbox 2091 4273 2153 4334; x_wconf 92' lang='lat' dir='ltr'>in</span> <span class='ocrx_word' id='word_1_367' title='bbox 2191 4274 2418 4336; x_wconf 89' lang='lat' dir='ltr'>unitate</span> <span class='ocrx_word' id='word_1_368' title='bbox 2442 4273 2585 4334; x_wconf 81' lang='lat' dir='ltr'>fidei</span> <span class='ocrx_word' id='word_1_369' title='bbox 2622 4291 2678 4334; x_wconf 90' lang='lat' dir='ltr'>et</span> <span class='ocrx_word' id='word_1_370' title='bbox 2714 4274 3014 4355; x_wconf 83' lang='lat' dir='ltr'>praedicta</span> <span class='ocrx_word' id='word_1_371' title='bbox 3046 4274 3192 4333; x_wconf 85' lang='lat' dir='ltr'>obe-</span> 
     </span>
     <span class='ocr_line' id='line_1_42' title="bbox 588 4375 3192 4458; baseline 0.002 -21"><span class='ocrx_word' id='word_1_372' title='bbox 588 4375 809 4438; x_wconf 90' lang='lat' dir='ltr'>dientia</span> <span class='ocrx_word' id='word_1_373' title='bbox 844 4394 1326 4457; x_wconf 83' lang='lat' dir='ltr'>perseverarunt,</span> <span class='ocrx_word' id='word_1_374' title='bbox 1361 4378 1589 4458; x_wconf 87' lang='lat' dir='ltr'>exegit;</span> <span class='ocrx_word' id='word_1_375' title='bbox 1627 4379 1964 4440; x_wconf 90' lang='lat' dir='ltr'>catholicos</span> <span class='ocrx_word' id='word_1_376' title='bbox 1996 4381 2288 4443; x_wconf 86' lang='lat' dir='ltr'>antistites</span> <span class='ocrx_word' id='word_1_377' title='bbox 2320 4397 2379 4442; x_wconf 89' lang='lat' dir='ltr'>et</span> <span class='ocrx_word' id='word_1_378' title='bbox 2404 4381 2801 4443; x_wconf 88' lang='lat' dir='ltr'>ecclesiarum</span> <span class='ocrx_word' id='word_1_379' title='bbox 2835 4398 3097 4442; x_wconf 89' lang='lat' dir='ltr'>rectores</span> <span class='ocrx_word' id='word_1_380' title='bbox 3129 4381 3192 4441; x_wconf 88' lang='lat' dir='ltr'>in</span> 
     </span>
     <span class='ocr_line' id='line_1_43' title="bbox 588 4486 3200 4570; baseline 0.002 -26"><span class='ocrx_word' id='word_1_381' title='bbox 588 4486 828 4545; x_wconf 89' lang='lat' dir='ltr'>vincula</span> <span class='ocrx_word' id='word_1_382' title='bbox 861 4486 1139 4563; x_wconf 89' lang='lat' dir='ltr'>coniecit,</span> <span class='ocrx_word' id='word_1_383' title='bbox 1176 4486 1281 4547; x_wconf 87' lang='lat' dir='ltr'>ubi</span> <span class='ocrx_word' id='word_1_384' title='bbox 1315 4486 1489 4547; x_wconf 90' lang='lat' dir='ltr'>multi</span> <span class='ocrx_word' id='word_1_385' title='bbox 1526 4486 1824 4548; x_wconf 89' lang='lat' dir='ltr'>diuturno</span> <span class='ocrx_word' id='word_1_386' title='bbox 1859 4488 2156 4570; x_wconf 90' lang='lat' dir='ltr'>languore</span> <span class='ocrx_word' id='word_1_387' title='bbox 2190 4506 2247 4550; x_wconf 90' lang='lat' dir='ltr'>et</span> <span class='ocrx_word' id='word_1_388' title='bbox 2280 4489 2514 4550; x_wconf 86' lang='lat' dir='ltr'>tristitia</span> <span class='ocrx_word' id='word_1_389' title='bbox 2549 4490 2830 4565; x_wconf 89' lang='lat' dir='ltr'>confecti,</span> <span class='ocrx_word' id='word_1_390' title='bbox 2851 4506 3200 4549; x_wconf 81' lang='lat' dir='ltr'>extremum</span> 
     </span>
     <span class='ocr_line' id='line_1_44' title="bbox 586 4591 3192 4677; baseline 0.002 -27"><span class='ocrx_word' id='word_1_391' title='bbox 586 4591 740 4651; x_wconf 89' lang='lat' dir='ltr'>vitae</span> <span class='ocrx_word' id='word_1_392' title='bbox 775 4592 939 4651; x_wconf 91' lang='lat' dir='ltr'>diem</span> <span class='ocrx_word' id='word_1_393' title='bbox 972 4591 1192 4653; x_wconf 91' lang='lat' dir='ltr'>misere</span> <span class='ocrx_word' id='word_1_394' title='bbox 1227 4591 1571 4653; x_wconf 87' lang='lat' dir='ltr'>finiverunt.</span> <span class='ocrx_word' id='word_1_395' title='bbox 1622 4592 1802 4667; x_wconf 90' lang='lat' dir='ltr'>Quae</span> <span class='ocrx_word' id='word_1_396' title='bbox 1835 4594 2041 4655; x_wconf 90' lang='lat' dir='ltr'>omnia</span> <span class='ocrx_word' id='word_1_397' title='bbox 2091 4615 2234 4656; x_wconf 89' lang='lat' dir='ltr'>cum</span> <span class='ocrx_word' id='word_1_398' title='bbox 2268 4597 2431 4676; x_wconf 87' lang='lat' dir='ltr'>apud</span> <span class='ocrx_word' id='word_1_399' title='bbox 2479 4615 2695 4657; x_wconf 90' lang='lat' dir='ltr'>omnes</span> <span class='ocrx_word' id='word_1_400' title='bbox 2746 4597 3025 4658; x_wconf 88' lang='lat' dir='ltr'>nationes</span> <span class='ocrx_word' id='word_1_401' title='bbox 3059 4615 3192 4677; x_wconf 91' lang='lat' dir='ltr'>per-</span> 
     </span>
     <span class='ocr_line' id='line_1_45' title="bbox 585 4698 3193 4781; baseline 0.002 -24"><span class='ocrx_word' id='word_1_402' title='bbox 585 4698 793 4778; x_wconf 86' lang='lat' dir='ltr'>spicua</span> <span class='ocrx_word' id='word_1_403' title='bbox 830 4715 887 4759; x_wconf 91' lang='lat' dir='ltr'>et</span> <span class='ocrx_word' id='word_1_404' title='bbox 918 4699 1154 4760; x_wconf 87' lang='lat' dir='ltr'>notoria</span> <span class='ocrx_word' id='word_1_405' title='bbox 1187 4699 1324 4775; x_wconf 84' lang='lat' dir='ltr'>sint,</span> <span class='ocrx_word' id='word_1_406' title='bbox 1373 4715 1430 4760; x_wconf 89' lang='lat' dir='ltr'>et</span> <span class='ocrx_word' id='word_1_407' title='bbox 1459 4700 1821 4779; x_wconf 89' lang='lat' dir='ltr'>gravissimo</span> <span class='ocrx_word' id='word_1_408' title='bbox 1866 4702 2473 4781; x_wconf 90' lang='lat' dir='ltr'>quamplurimorum</span> <span class='ocrx_word' id='word_1_409' title='bbox 2523 4703 2880 4764; x_wconf 90' lang='lat' dir='ltr'>testimonio</span> <span class='ocrx_word' id='word_1_410' title='bbox 2916 4703 2991 4763; x_wconf 85' lang='lat' dir='ltr'>ita</span> <span class='ocrx_word' id='word_1_411' title='bbox 3024 4721 3193 4763; x_wconf 87' lang='lat' dir='ltr'>com-</span> 
     </span>
     <span class='ocr_line' id='line_1_46' title="bbox 588 4807 3197 4889; baseline 0.001 -24"><span class='ocrx_word' id='word_1_412' title='bbox 588 4808 857 4885; x_wconf 85' lang='lat' dir='ltr'>probata,</span> <span class='ocrx_word' id='word_1_413' title='bbox 912 4821 978 4866; x_wconf 91' lang='lat' dir='ltr'>ut</span> <span class='ocrx_word' id='word_1_414' title='bbox 1029 4807 1239 4867; x_wconf 90' lang='lat' dir='ltr'>nullus</span> <span class='ocrx_word' id='word_1_415' title='bbox 1284 4807 1543 4867; x_wconf 91' lang='lat' dir='ltr'>omnino</span> <span class='ocrx_word' id='word_1_416' title='bbox 1601 4807 1776 4868; x_wconf 90' lang='lat' dir='ltr'>locus</span> <span class='ocrx_word' id='word_1_417' title='bbox 1822 4809 2217 4882; x_wconf 87' lang='lat' dir='ltr'>excusationi,</span> <span class='ocrx_word' id='word_1_418' title='bbox 2264 4808 2632 4886; x_wconf 88' lang='lat' dir='ltr'>defensioni,</span> <span class='ocrx_word' id='word_1_419' title='bbox 2685 4825 2788 4869; x_wconf 87' lang='lat' dir='ltr'>aut</span> <span class='ocrx_word' id='word_1_420' title='bbox 2834 4810 3197 4889; x_wconf 82' lang='lat' dir='ltr'>tergiversa-</span> 
     </span>
     <span class='ocr_line' id='line_1_47' title="bbox 583 4911 3199 4998; baseline 0.003 -27"><span class='ocrx_word' id='word_1_421' title='bbox 583 4911 737 4972; x_wconf 87' lang='lat' dir='ltr'>tioni</span> <span class='ocrx_word' id='word_1_422' title='bbox 758 4912 1156 4991; x_wconf 90' lang='lat' dir='ltr'>relinquatur.</span> <span class='ocrx_word' id='word_1_423' title='bbox 1214 4934 1266 4992; x_wconf 82' lang='lat'>3.</span> <span class='ocrx_word' id='word_1_424' title='bbox 1307 4915 1455 4989; x_wconf 85' lang='lat' dir='ltr'>Nos,</span> <span class='ocrx_word' id='word_1_425' title='bbox 1477 4913 2021 4994; x_wconf 87' lang='lat' dir='ltr'>multiplicantibus</span> <span class='ocrx_word' id='word_1_426' title='bbox 2054 4915 2183 4975; x_wconf 90' lang='lat' dir='ltr'>aliis</span> <span class='ocrx_word' id='word_1_427' title='bbox 2215 4932 2397 4995; x_wconf 84' lang='lat' dir='ltr'>atque</span> <span class='ocrx_word' id='word_1_428' title='bbox 2432 4916 2561 4976; x_wconf 90' lang='lat' dir='ltr'>aliis</span> <span class='ocrx_word' id='word_1_429' title='bbox 2595 4936 2779 4997; x_wconf 91' lang='lat' dir='ltr'>super</span> <span class='ocrx_word' id='word_1_430' title='bbox 2811 4916 2956 4977; x_wconf 88' lang='lat' dir='ltr'>alias</span> <span class='ocrx_word' id='word_1_431' title='bbox 2979 4918 3199 4998; x_wconf 91' lang='lat' dir='ltr'>impie-</span> 
     </span>
    </p>
   </div>
   <div class='ocr_carea' id='block_1_9' title="bbox 3681 2121 3684 2668">
    <p class='ocr_par' dir='ltr' id='par_1_9' title="bbox 3681 2121 3684 2668">
     <span class='ocr_line' id='line_1_48' title="bbox 3681 2121 3684 2668; baseline 0 0"><span class='ocrx_word' id='word_1_432' title='bbox 3681 2121 3684 2668; x_wconf 95' lang='lat' dir='ltr'> </span> 
     </span>
    </p>
   </div>
  </div>
 </body>
</html>
