3684 5416
283 1551 337 1583 to

281 2083 331 2127 ιε

274 3160 328 3205 ²5

271 3704 330 3749 30

270 4238 324 4283 35

1397 384 1665 441 Pontifex
1704 403 2000 440 romanus.
2910 409 3027 462 429

609 578 638 638 5
683 587 776 629 ιο.
828 567 1342 630 Poenitentiarius
1386 588 1554 647 vere,
1602 585 1659 630 et
1691 568 1824 645 ejus
1860 569 2176 632 Officiales
2207 592 2278 633 ea
2309 588 2549 635 tantum
2588 573 2781 634 facere
2816 590 2874 635 et
2907 594 3005 635 ex-

395 675 603 758 pedire
651 675 911 752 valeant,
958 692 1119 754 quae
1165 675 1240 735 ad
1289 673 1495 737 forum
1541 675 1957 737 conscientiae
1991 678 2320 759 pertinent,
2355 679 2420 740 in
2454 680 2704 760 reliquis
2738 679 3022 742 officium

395 802 616 845 eorum
661 783 1080 862 conquiescat.
1146 783 1356 864 Itaque
1405 806 1439 845 a
1486 784 1989 865 quibuscumque
2023 787 2606 866 matrimonialibus,
2638 805 2696 849 et
2729 788 2862 849 aliis
2896 789 3028 850 dis-

394 890 879 972 pensationibuS,
929 909 999 950 ac
1030 890 1548 962 absolutionibus,
1597 907 1656 952 et
1689 892 2223 967 declarationibus,
2256 912 2502 956 necnon
2536 895 2855 974 quibusvis
2889 895 3026 956 aliis

392 998 882 1080 expeditionibus
916 985 1143 1075 forum,
1177 998 1353 1078 quod
1385 997 1574 1076 ajunt,
1612 997 1725 1060 fori
1759 999 2017 1074 mixtim,
2051 1000 2147 1061 vel
2180 1003 2505 1081 separatim
2539 1003 3016 1084 quomodolibet

393 1105 861 1186 respicientibus
894 1106 1157 1168 omnino
1190 1107 1563 1170 abstineant..
1586 1107 1888 1188 Alioquin
1919 1108 1982 1169 in
2015 1109 2242 1189 quibus
2274 1124 2399 1169 tam
2432 1109 2825 1171 Camerarius
2861 1108 3020 1169 Poe-

393 1213 796 1291 nitentiarius,
842 1229 900 1274 et
945 1213 1046 1275 alii
1097 1214 1408 1295 praedicti,
1455 1215 1636 1275 etiam
1687 1214 1763 1275 de
1795 1214 2037 1276 licentia
2069 1232 2175 1277 aut
2207 1216 2502 1277 mandato
2531 1216 2719 1277 totius
2752 1215 3014 1295 Collegii

393 1320 883 1399 contrafecerint,
919 1341 990 1383 ea
1023 1320 1214 1396 nulla,
1249 1336 1306 1382 et
1339 1320 1503 1382 irrita
1538 1319 1679 1399 sint,
1713 1341 1783 1382 ac
1818 1321 2053 1383 nemini
2085 1321 2520 1402 suffragentur.
2590 1322 2663 1383 Et
2695 1321 3012 1383 nihilomi-

392 1447 514 1489 nus
545 1447 769 1491 eorum
801 1447 1104 1506 excessus,
1153 1443 1213 1491 et
1242 1428 1693 1491 inobedientiae
1726 1428 2045 1507 rationem,
2093 1428 2407 1490 Pontificis
2439 1428 2687 1490 arbitrio
2721 1429 3008 1509 quando-

392 1553 666 1614 cumque
712 1535 967 1597 reddere
1012 1550 1349 1597 teneantur.
1411 1536 1651 1597 Litteris
1697 1535 1881 1596 etiam
1930 1536 2155 1597 nostris
2199 1555 2388 1617 super
2420 1535 2857 1598 reformatione
2892 1536 3014 1597 Ca-

393 1661 615 1720 merae,
650 1659 708 1703 et
742 1643 1246 1705 Poenitentiariae
1283 1642 1647 1720 hujusmodi
1680 1643 1856 1704 editis
1887 1643 1953 1703 in
1985 1663 2101 1704 suo
2134 1646 2358 1705 robore
2392 1644 2835 1725 permansuris.

604 1759 634 1819 S
679 1771 772 1812 11.
824 1751 1052 1813 Datarii
1099 1771 1248 1813 vero
1295 1750 1712 1812 ministerium
1759 1770 1869 1832 per
1919 1750 2200 1828 ejusdem
2246 1750 2565 1812 pontificis
2598 1750 2839 1812 obitum
2873 1769 3013 1812 om·-

393 1857 544 1918 nino
590 1858 837 1938 expiret,
882 1859 962 1920 ita
996 1875 1064 1920 ut
1097 1879 1228 1920 non
1260 1858 1470 1920 solum
1503 1859 1672 1920 datas
1706 1878 1813 1940 per
1845 1877 1992 1920 eum
2028 1873 2204 1919 antea
2237 1859 2459 1919 notatis
2492 1858 2864 1919 extendendi
2899 1877 3014 1938 po·

391 1980 664 2026 testatem
711 1965 969 2027 minime
1021 1958 1260 2038 habeat,
1304 1967 1413 2027 sed
1464 1984 1899 2045 quascumque
1930 1965 2409 2046 supplicationes
2439 1965 2795 2044 gratiarum,
2831 1981 2887 2025 et
2921 1964 3012 2040 ju-

392 2071 582 2132 stitiae
618 2091 807 2152 penes
839 2092 1006 2148 eum,
1041 2088 1147 2134 aut
1181 2072 1313 2149 ejus
1345 2072 1660 2135 ministros
1691 2074 1898 2134 adhuc
1933 2073 2256 2135 existentes
2288 2073 2472 2134 etiarn
2494 2073 2542 2133 si
2565 2073 2739 2134 datae
2763 2072 3018 2142 fuerint,

389 2178 673 2257 Collegio
706 2178 1131 2241 Cardinalium
1164 2181 1364 2242 statim
1397 2183 1514 2240 sub
1547 2179 1750 2260 sigillo
1783 2181 2025 2243 clausas
2045 2197 2432 2262 praesentare
2454 2195 2778 2241 teneantur
2799 2179 3014 2241 futuro

389 2284 669 2347 Pontifici
717 2288 1129 2349 reservandas.
1221 2286 1417 2363 Quod
1468 2287 1517 2348 si
1570 2302 1784 2349 contra
1837 2287 2168 2369 praemissa
2219 2287 2558 2368 quicquam
2608 2287 2684 2347 ad
2735 2285 3007 2360 cujusvis

388 2393 572 2455 etiam
605 2392 946 2455 Cardinalis
975 2393 1327 2455 instantiam
1356 2409 1650 2455 attentare
1684 2393 2184 2475 praesumpserit,
2207 2393 2466 2469 irritum,
2489 2408 2549 2454 et
2569 2393 2750 2454 inane
2774 2392 3006 2468 existat,

388 2515 446 2561 et
492 2500 905 2562 nihilominus
952 2499 1082 2561 falsi
1129 2500 1365 2560 crimen
1394 2499 1733 2578 incurrant,
1766 2500 1934 2561 illius
1967 2500 2269 2561 rationem
2304 2499 2516 2561 futuro
2551 2497 2837 2561 Pontifici
2871 2498 3020 2558 red-

389 2606 643 2669 diturus.

601 2725 630 2785 S
676 2735 766 2777 12.
816 2713 1217 2776 Prohibentes
1262 2713 1520 2795 insuper
1567 2733 1644 2775 ne
1676 2713 2060 2792 Cardinales,
2096 2730 2155 2775 et
2187 2713 2439 2775 Praelati
2473 2712 2839 2794 Signaturae
2870 2731 3020 2793 gra·

385 2822 629 2899 tiarum,
677 2838 736 2883 et
782 2820 1042 2899 justitiae
1087 2820 1374 2901 praefecti
1407 2819 1565 2882 Sede
1613 2837 1861 2882 vacante
1894 2820 2396 2902 supplicationes,
2446 2837 2504 2882 et
2535 2819 3018 2881 commissiones-

387 2929 641 3009 aliquas,
689 2929 868 2991 etiam
916 2929 966 2989 si
1014 2928 1448 3010 supplicanteS,
1481 2948 1694 3009 parvas
1727 2929 1918 3005 datas,
1957 2945 2021 2990 ut
2055 2929 2244 2992 moris
2276 2946 2366 2991 est
2397 2943 2577 2990 antea
2608 2927 3009 3002 obtinuerint,

385 3036 624 3115 signare
671 3035 927 3106 valeant,
976 3036 1084 3096 sed
1134 3034 1338 3097 officia
1387 3055 1605 3097 eorum
1654 3036 1922 3097 omnino
1969 3055 2203 3098 cessare
2234 3037 2667 3117 intelligantur.
2731 3035 2926 3111 Quod
2957 3033 3007 3095 si

386 3143 554 3204 aliter
587 3143 857 3221 fecerint,
894 3163 1005 3224 pro
1036 3142 1386 3205 excessibus
1418 3142 1779 3221 hujusmodi
1817 3143 2006 3205 futuri
2029 3144 2344 3207 Pontificis
2376 3143 2625 3206 arbitrio
2647 3143 3003 3224 puniantur.

600 3259 630 3319 5
675 3271 767 3331 ¹3·
829 3251 1205 3313 Mandamus
1249 3271 1507 3333 quoque
1559 3252 1731 3333 quod
1766 3253 1974 3315 Cellae
2021 3254 2331 3316 conclavis
2364 3253 2800 3316 Cardinalibus
2842 3270 3005 3315 sorte

385 3356 845 3436 distribuantur,
881 3378 991 3421 nec
1023 3359 1200 3420 liceat
1232 3379 1333 3421 eas
1367 3359 1549 3420 etiam
1582 3358 1953 3420 infirmitatis
1986 3375 2299 3440 praetextu
2334 3376 2591 3435 mutare,
2612 3377 2716 3421 aut
2737 3360 3004 3441 desuper

385 3464 722 3540 aedificare,
769 3480 873 3525 aut
915 3464 1047 3526 illas
1095 3463 1340 3525 dilatare
1389 3465 1495 3526 sed
1541 3464 1816 3545 quilibet,
1849 3465 2034 3526 etiam
2069 3465 2377 3542 DecanuS,
2412 3466 2487 3526 sit
2519 3486 2629 3526 sua
2659 3482 2822 3528 sorte
2857 3486 3009 3527 con-

384 3585 609 3633 tentus.

599 3687 629 3747 5
673 3699 766 3758 ¹4·
815 3679 960 3741 Post
991 3678 1325 3740 Conclavis
1378 3698 1524 3739 vero
1570 3677 1926 3757 ingressum
1976 3678 2416 3751 interdicimus,
2450 3694 2509 3739 et
2541 3697 2825 3759 expresse
2861 3698 3006 3759 pro-

384 3785 670 3847 hibemus
701 3788 820 3846 sub
853 3785 1227 3862 officiorum,
1263 3802 1320 3847 et
1353 3784 1806 3847 beneficiorum
1839 3785 2196 3867 privationis
2229 3804 2449 3866 poena,
2469 3802 2652 3864 atque
2674 3785 2854 3845 etiam
2890 3787 3016 3846 sub·

382 3891 496 3952 alia
527 3892 776 3953 arbitrio
807 3893 1256 3955 Gubernatoris
1293 3893 1370 3953 ad
1403 3892 1746 3954 custodiam
1772 3892 2103 3954 Conclavis
2136 3892 2418 3974 deputari
2451 3890 2615 3953 soliti
2647 3890 3008 3971 infligenda,

384 4017 463 4059 ne
509 3999 650 4079 quis
696 3999 1045 4061 immediate
1093 4019 1277 4080 supra
1326 4016 1432 4061 aut
1478 3999 1633 4061 infra
1666 4000 1998 4078 Conclave,
2050 4020 2159 4060 seu
2205 4021 2238 4060 a
2285 3999 2574 4061 lateribus
2608 3998 2878 4059 habitare
2912 3999 3006 4058 vel

385 4106 607 4166 morari
654 4107 861 4187 possit.
927 4107 1107 4182 Quae
1152 4107 1291 4168 loca
1326 4107 1518 4167 muris
1552 4107 1775 4184 claudi,
1807 4124 1866 4168 et
1897 4128 1930 4168 a
1964 4107 2455 4168 Praesidentibus
2487 4105 2800 4167 custodiae
2837 4106 3009 4166 Con-

384 4213 587 4290 clavis,
641 4234 709 4273 ac
759 4235 790 4273 a
844 4214 1012 4275 dicto
1064 4213 1499 4276 Gubernatore
1545 4214 1790 4294 saepius
1844 4214 2068 4274 visitari
2125 4214 2406 4274 debeant.
2473 4212 2549 4273 Et
2593 4212 2642 4272 si
2679 4232 2803 4292 qua
2837 4211 3003 4273 fraus

382 4320 719 4383 commissa
753 4320 953 4397 fuerit,
987 4336 1270 4383 teneatur
1301 4321 1429 4402 ipse
1461 4320 1856 4382 Gubernator
1888 4323 2006 4382 sub
2043 4319 2287 4401 perjurii
2321 4340 2522 4400 poena
2544 4339 2619 4380 eo
2641 4319 2777 4400 ipso
2800 4319 3004 4380 incur-

383 4427 590 4504 renda,
624 4444 681 4488 et
712 4427 827 4488 alia
861 4428 1051 4489 futuri
1084 4427 1401 4489 Pontificis
1435 4427 1791 4507 infligenda,
1842 4428 2280 4508 delinquentes
2315 4425 2676 4502 hujusmodi
2709 4427 3014 4490 Cardina-

381 4534 544 4597 libus
596 4555 707 4617 pro
757 4553 1039 4618 tempore
1093 4537 1401 4617 deputatis
1447 4536 1728 4614 revelare,
1761 4555 2122 4616 curareque,
2160 4552 2227 4597 ut
2260 4534 2692 4615 delinquentes
2729 4536 2841 4616 ipsi
2881 4554 3011 4595 car-

382 4660 682 4717 cerentur,
716 4661 770 4704 et
803 4644 1013 4705 acriter
1046 4643 1402 4725 puniantur.

598 4760 627 4819 5
672 4771 764 4829 ¹5·
812 4752 1173 4813 Teneantur
1205 4770 1463 4831 quoque
1486 4749 1848 4811 Cardinales
1881 4769 1996 4829 pro
2028 4765 2305 4829 tempore
2339 4748 2610 4829 deputati
2633 4748 2838 4809 Cellas
2859 4745 3008 4806 Car-

382 4857 713 4936 dinalium,
750 4874 807 4919 et
840 4859 952 4919 alia
986 4858 1318 4920 Conclavis
1349 4858 1483 4919 loca
1516 4857 1763 4938 saepius
1796 4856 2058 4927 visitare,
2099 4872 2158 4917 et
2190 4856 2511 4936 diligenter
2544 4854 2897 4937 perquirere
2931 4872 3009 4913 ne

382 4964 579 5045 ipsius
625 4965 957 5027 Conclavis
1011 4966 1221 5044 muris,
1274 4981 1380 5027 aut
1430 4963 1847 5045 laquearibuS,
1900 4984 2008 5025 seu
2060 4963 2425 5045 pavimentis
2470 4962 2653 5023 vetita
2707 4959 3016 5021 foramina
