3684 5416
480 1526 528 1558 10

481 2058 525 2102 ¹5

476 2592 530 2624 20

475 3127 523 3170 25

474 3662 525 3705 30

476 4191 526 4234 35

581 367 685 421 304
1214 350 1471 403 Potestas
1513 347 1891 403 ecclesiastica
1935 361 1992 401 et
2032 346 2334 419 imperium
2375 346 2553 401 civile.

578 547 974 607 sacramenta,
1024 552 1222 593 sacras
1272 533 1631 594 functiones
1678 551 1792 594 nec
1839 553 1968 594 non
2016 532 2215 594 officia
2250 548 2308 592 et
2343 531 2473 609 jura
2506 531 2846 594 ministerio
2878 551 3053 593 sacro
3086 551 3195 591 an-

581 658 734 701 nexa
790 640 1143 721 respiciunt,
1199 641 1273 700 ad
1311 641 1612 701 Ecclesiae
1665 641 1874 702 forum
1920 640 2103 702 unice
2157 641 2517 721 pertineant,
2568 640 2817 701 easdem
2861 654 3198 717 cognoscet

582 747 765 823 judex
799 746 1260 823 ecclesiasticus,
1311 748 1416 828 qui
1467 748 1721 828 perinde
1769 748 1845 808 de
1866 748 2111 808 caussis
2146 767 2403 828 quoque
2440 746 3000 809 matrimonialibus
3034 744 3197 822 juxta

579 875 785 915 sacros
817 855 1110 916 Canones
1157 868 1215 915 et
1246 854 1611 916 Tridentina
1658 855 2023 935 cumprimis
2070 856 2312 916 decreta
2359 854 2662 932 judicium
2712 854 2880 927 feret,
2918 852 3196 913 civilibus

581 977 821 1022 tantum
871 960 1249 1022 matrimonii
1302 961 1618 1022 effectibus
1665 963 1739 1023 ad
1790 960 2057 1038 judicem
2102 963 2474 1023 saecularem
2524 960 2811 1037 remissis,
2874 958 3196 1041 Sponsalia

582 1067 755 1148 quod
788 1068 1020 1143 attinet,
1070 1067 1395 1128 auctoritas
1428 1068 1831 1130 ecclesiastica
1865 1068 2156 1146 judicabit
2190 1070 2265 1129 de
2299 1087 2518 1130 eorum
2551 1066 2865 1130 existentia
2899 1081 2959 1128 et
2990 1068 3197 1147 quoad

582 1174 1050 1235 matrimonium
1083 1173 1556 1255 impediendum
1591 1175 1934 1252 effectibuS,
1970 1162 2239 1250 servatis,
2275 1195 2435 1256 quae
2470 1175 2635 1236 idem
2669 1174 3026 1237 Concilium
3046 1173 3191 1234 Tri-

581 1280 905 1341 dentinum
942 1296 998 1342 et
1033 1281 1425 1361 Apostolicae
1461 1282 1738 1360 Litterae,
1775 1302 2051 1363 quorum
2086 1283 2366 1343 initium:
2416 1288 2793 1343 «Auctorem
2829 1281 3006 1342 fidei»
3046 1299 3195 1342 con-

581 1387 863 1448 stituunt.

799 1502 927 1554 Art.
965 1495 1060 1554 XI.
1127 1494 1454 1555 Sacrorum
1490 1496 1886 1557 Antistitibus
1933 1497 2198 1558 liberum
2246 1497 2375 1571 erit,
2425 1497 2487 1557 in
2536 1495 2812 1557 Clericos
2863 1496 3194 1554 honestum

585 1602 863 1662 habitum
913 1600 1249 1662 clericalem
1299 1621 1517 1663 eorum
1553 1602 1754 1663 ordini
1788 1618 1848 1662 et
1881 1604 2159 1684 dignitati
2194 1619 2644 1683 congruentem
2682 1622 2812 1663 non
2856 1601 3198 1662 deferentes

584 1723 688 1770 aut
738 1709 1323 1788 quomodocunque
1359 1709 1842 1789 reprehensione
1878 1712 2101 1789 dignos
2140 1730 2372 1790 poenas
2403 1731 2435 1770 a
2468 1711 2652 1770 sacris
2684 1708 3048 1772 Canonibus
3080 1724 3198 1768 sta-

583 1830 741 1876 tutas
773 1832 829 1875 et
863 1815 1027 1891 alias,
1064 1835 1217 1894 quas
1252 1815 1363 1896 ipsi
1414 1816 1704 1897 Episcopi
1728 1819 2166 1878 convenientes
2190 1817 2600 1893 judicaverint,
2634 1817 2932 1895 infligere,
2966 1833 3197 1893 eosque

586 1922 648 1982 in
682 1922 1085 2001 monasteriiS,
1119 1923 1477 1985 Seminariis
1510 1941 1612 1985 aut
1644 1926 1939 1986 domibus
1973 1926 2047 1986 ad
2086 1926 2145 1986 id
2191 1925 2570 1985 destinandis
2610 1923 2938 1988 custodire.
3008 1922 3195 1981 Iidem

586 2029 939 2090 nullatenus
985 2029 1416 2110 impedientur,
1466 2033 1810 2111 quominus
1858 2032 2133 2105 censuris
2167 2033 2655 2093 animadvertant
2690 2030 2749 2089 in
2784 2046 3197 2109 quoscunque

584 2132 794 2194 fideles
827 2136 1372 2213 ecclesiasticarum
1405 2137 1617 2217 legum
1651 2156 1708 2200 et
1741 2140 2079 2201 Canonum
2113 2155 2606 2218 transgressores

797 2250 923 2303 Art.
957 2243 1075 2304 XII.
1142 2245 1231 2304 De
1279 2243 1408 2321 jure
1457 2261 1814 2326 patronatus
1862 2245 2042 2323 judex
2111 2246 2554 2306 ecclesiasticus
2617 2259 2979 2323 cognoscet:
3049 2260 3197 2301 con-

582 2349 758 2409 sentit
792 2365 995 2410 tamen
1031 2350 1251 2412 Sancta
1285 2351 1491 2429 Sedes,
1526 2368 1609 2427 ut,
1647 2354 1902 2432 quando
1935 2353 2012 2413 de
2036 2351 2227 2414 laicali
2265 2366 2586 2432 patronatu
2609 2367 2841 2429 agatur,
2874 2347 3200 2409 tribunalia

581 2456 909 2517 saecularia
960 2456 1227 2534 judicare
1277 2460 1515 2540 possint
1553 2461 1628 2520 de
1663 2460 2054 2521 successione
2089 2461 2296 2539 quoad
2333 2460 2603 2520 eundem
2641 2471 3055 2538 patronatum,
3088 2474 3194 2514 seu

584 2566 1034 2626 controversiae
1086 2566 1249 2646 ipsae
1305 2568 1461 2628 inter
1511 2588 1690 2629 veros
1738 2585 1794 2628 et
1841 2567 2199 2648 suppositos
2250 2584 2545 2647 patronos
2592 2578 2852 2643 agantur
2898 2582 3008 2622 seu
3044 2561 3200 2620 inter

582 2670 1019 2734 ecclesiasticos
1054 2673 1238 2750 viros,
1273 2675 1379 2755 qui
1415 2677 1490 2736 ab
1525 2675 1745 2736 iisdem
1780 2676 2052 2756 patronis
2086 2676 2386 2757 designati
2425 2674 2669 2736 luerint.

798 2785 922 2839 Art.
960 2780 1105 2841 XIII.
1168 2782 1559 2862 Temporum
1603 2784 1836 2844 ratione
1873 2784 2076 2844 habita
2109 2784 2405 2845 Sanctitas
2438 2782 2563 2843 Sua
2597 2779 2923 2854 consentit,
2960 2793 3026 2838 ut
3058 2777 3199 2836 Cle-

583 2887 853 2946 ricorum
904 2907 1147 2947 caussas
1199 2908 1362 2948 mere
1410 2890 1635 2961 civiles,
1674 2906 1859 2970 prout
1891 2907 2343 2968 contractuum,
2379 2890 2755 2960 debitorum,
2791 2885 3198 2946 hereditatum

582 2991 818 3070 judices
850 2993 1191 3055 saeculares
1224 3012 1601 3071 cognoscant
1634 3012 1692 3056 et
1726 2997 2041 3058 definiant.

800 3105 929 3161 Art.
965 3100 1118 3161 xlv.
1183 3102 1414 3163 Eadem
1469 3104 1546 3162 de
1596 3123 1777 3164 causa
1827 3104 2047 3165 Sancta
2082 3103 2271 3165 Sedes
2321 3103 2485 3164 haud
2537 3102 2810 3182 impedit,
2858 3098 3199 3179 quominus

581 3225 828 3267 caussae
875 3207 1426 3271 ecclesiasticorum
1474 3229 1585 3290 pro
1635 3211 1994 3299 criminibus
2039 3231 2147 3273 seu
2187 3211 2439 3288 delictis,
2488 3231 2646 3290 quae
2680 3208 3049 3290 poenalibus
3080 3206 3198 3266 lm-

580 3313 730 3393 perii
775 3315 1014 3391 legibus
1064 3315 1658 3394 animadvertuntur,
1712 3321 1789 3380 ad
1840 3319 2106 3395 judicem
2155 3319 2383 3380 laicum
2419 3318 2804 3386 deferantur;
2859 3316 2959 3377 cui
2994 3331 3199 3374 tamen

581 3420 916 3500 incumbet,
954 3423 1330 3505 Episcopum
1378 3446 1446 3486 ea
1494 3426 1570 3487 de
1617 3446 1679 3486 re
1714 3432 1947 3507 absque
1984 3446 2157 3488 mora
2191 3427 2514 3488 certiorem
2548 3426 2820 3487 reddere.
2889 3426 3198 3485 Praeterea

578 3527 642 3588 in
677 3547 781 3588 reo
815 3530 1346 3610 deprehendendo
1381 3549 1439 3593 et
1475 3533 1817 3595 detinendo
1853 3534 1891 3594 ii
1927 3534 2390 3595 adhibebuntur
2430 3534 2620 3610 modi,
2671 3551 2831 3613 quos
2865 3529 3198 3591 reverentia

581 3649 771 3694 status
818 3636 1104 3697 clericalis
1151 3639 1347 3717 exigit.
1417 3639 1663 3713 Quodsi
1712 3641 1775 3700 in
1823 3640 2299 3702 ecclesiasticum
2337 3641 2535 3702 virum
2572 3640 2787 3700 mortis
2820 3638 2915 3699 vel
2948 3637 3200 3698 carceris

582 3748 735 3801 ultra
769 3741 1228 3822 quinquenium
1265 3746 1544 3806 duraturi
1587 3748 1884 3809 sententia
1918 3748 2164 3823 feratur,
2201 3748 2509 3829 Episcopo
2547 3766 2871 3826 nunquam
2910 3764 3039 3805 non
3074 3759 3201 3803 acta

581 3845 893 3922 judiciaria
944 3851 1612 3928 communicabuntur,
1667 3870 1725 3915 et
1778 3857 2270 3918 condemnatum
2322 3855 2613 3916 audiendi
2671 3853 2920 3915 facultas
2972 3853 3089 3927 fiet,
3139 3851 3200 3911 in

581 3968 888 4032 quantum
936 3956 1350 4016 necessarium
1397 3959 1492 4030 sit,
1538 3975 1605 4019 ut
1652 3961 1727 4021 de
1781 3981 1979 4041 poena
2025 3962 2424 4023 ecclesiastica
2473 3963 2676 4022 eidem
2729 3959 3063 4039 infligenda
3098 3977 3202 4018 co-

580 4078 874 4137 gnoscere
923 4064 1132 4141 possit.
1200 4063 1339 4124 Hoc
1386 4065 1552 4126 idem
1587 4068 1872 4129 Antistite
1923 4086 2164 4150 petente
2214 4069 2630 4149 praestabitur,
2677 4068 2725 4128 si
2760 4069 2968 4129 minor
3001 4085 3200 4146 poena

584 4166 820 4227 decreta
856 4167 1051 4229 fuerit.
1104 4169 1324 4231 Clerici
1359 4174 1618 4234 carceris
1654 4195 1923 4255 poenam
1956 4197 2199 4257 semper
2233 4176 2294 4236 in
2330 4177 2482 4237 locis
2515 4197 2547 4236 a
2579 4174 2993 4237 saecularibus
3025 4193 3199 4253 sepa-

583 4273 726 4332 ratis
757 4272 944 4334 luent.
1008 4276 1256 4350 Quodsi
1291 4295 1495 4340 autem
1533 4301 1602 4342 ex
1638 4283 1861 4344 delicto
1895 4284 1989 4344 vel
2026 4284 2503 4362 transgressione
2536 4282 2932 4344 condemnati
2955 4280 3197 4354 fuerint,

582 4378 646 4438 in
680 4382 1052 4444 monasterio
1085 4384 1178 4445 vel
1210 4386 1323 4447 alia
1357 4388 1753 4450 ecclesiastica
1788 4392 1981 4451 domo
2016 4392 2429 4452 recludentur.

799 4489 866 4548 In
914 4489 1102 4567 hujus
1149 4494 1383 4555 articuli
1419 4495 1822 4576 dispositione
1858 4497 2114 4559 minime
2150 4499 2755 4579 comprehendentur
2788 4516 3035 4558 caussae
3071 4515 3199 4555 ma-

586 4593 762 4668 jores,
800 4597 875 4657 de
909 4598 1138 4676 quibus
1160 4600 1414 4663 Sacrum
1440 4603 1796 4664 Concilium
1816 4605 2255 4667 Tridentinum
2289 4626 2432 4666 sess.
2455 4606 2668 4666 XXIV.
2691 4625 2738 4665 c.
2768 4627 2819 4684 5.
2841 4605 2916 4666 de
2950 4603 3197 4665 reform.

582 4702 864 4762 decrevit.
928 4704 1002 4765 lis
1049 4710 1486 4786 pertractandis
1519 4709 1955 4772 Sanctissimus
1991 4714 2165 4773 Pater
2211 4729 2269 4773 et
2303 4712 2585 4790 Maiestas
2618 4712 2741 4773 Sua
2790 4690 3105 4788 Caesarea,
3152 4712 3199 4772 si

583 4828 745 4890 opus
779 4810 977 4887 fuerit,
1013 4814 1440 4894 providebunt.

797 4925 923 4981 Art.
958 4921 1088 4981 XV.
1141 4922 1225 4983 Ut
1272 4924 1616 4985 honoretur
1649 4925 1878 4986 domus
1912 4925 2048 5004 Dei,
2086 4928 2194 5006 qui
2227 4944 2317 4988 est
2353 4928 2479 4988 Rex
2517 4928 2760 5008 Regum
2797 4945 2852 4989 et
2889 4926 3201 4990 Dominus
