3684 5416
476 1523 525 1555 to

472 2066 518 2109 ι5

466 2610 521 2642 20

467 3144 517 3188 25

468 3679 521 3724 30

463 4214 512 4258 35

587 350 681 420 256
1205 349 1471 404 Potestas
1511 348 1891 404 ecclesiastica
1931 361 1988 404 et
2026 348 2330 420 imperium
2368 348 2547 403 civile.

575 530 1069 612 uniuscuiusque
1103 532 1448 594 intellectus
1482 530 1681 610 fuerit,
1718 531 2013 593 canonice
2047 548 2104 592 et
2136 533 2291 592 iuste
2324 532 2444 610 fiat,
2476 548 2535 594 et
2567 548 2635 593 ut
2664 533 2792 609 ille,
2813 534 2923 613 qui
2954 533 3031 595 ad
3064 534 3185 595 hoc

574 657 858 701 sanctum
903 656 1086 720 atque
1138 641 1548 722 apostolicum
1595 639 1874 719 regimen
1919 639 2178 719 eligitur,
2218 638 2475 701 ‘nemine
2519 639 2935 701 consentiente
2967 658 3183 702 conse-

574 764 777 810 cratus
808 747 912 808 fiat
943 748 1236 830 pontifex,
1273 749 1643 829 priusquam
1673 748 1859 809 talem
1892 747 1955 809 in
1987 747 2323 828 praesentia
2355 747 2691 810 missorum
2712 763 3071 810 nostrorum
3089 748 3182 809 vel

573 855 682 917 filii
728 855 920 917 nostri
968 876 1078 917 seu
1114 856 1435 918 universae
1466 855 1874 935 generalitatis
1906 854 2083 916 faciat
2116 853 2589 935 promissionem
2621 874 2737 936 pro
2769 856 3059 917 omnium
3088 875 3181 916 sa-

573 962 913 1025 tisfactione
945 977 1134 1042 atque
1169 963 1373 1024 futura
1406 963 1891 1039 conservatione,
1927 962 2174 1042 qualem
2208 963 2483 1024 domnus
2514 978 2572 1023 et
2602 962 2989 1024 venerandus
3008 961 3184 1042 spiri-

572 1072 706 1133 talis
738 1088 907 1153 pater
937 1087 1145 1133 noster
1177 1072 1306 1133 Leo
1338 1088 1556 1152 sponte
1588 1071 1799 1133 fecisse
1830 1071 2187 1133 dinoscitur.
2264 1141 2269 1144 ,

789 1175 914 1257 [16]
952 1178 1264 1239 Praeterea
1298 1177 1412 1239 alia
1443 1177 1686 1239 minora
1718 1178 1867 1239 huic
1898 1177 2070 1261 operi
2103 1177 2428 1238 inserenda
2461 1176 2870 1257 previdimus:
2908 1176 3183 1239 videlicet

578 1303 646 1349 ut
676 1287 739 1348 in
771 1286 1072 1347 electione
1125 1285 1492 1367 pontificum
1537 1305 1740 1366 neque
1773 1286 1929 1347 liber
1959 1305 2165 1365 neque
2195 1303 2407 1346 servus
2438 1285 2513 1345 ad
2547 1287 2667 1346 hoc
2697 1285 2905 1346 venire
2935 1304 3180 1366 praesu-

577 1409 720 1471 mat,
770 1409 837 1453 ut
868 1393 986 1454 illis
1023 1393 1342 1471 Romanis,
1382 1413 1544 1473 quos
1575 1393 1652 1453 ad
1684 1394 1844 1455 hanc
1876 1394 2235 1455 electionem
2269 1412 2377 1474 per
2408 1392 2911 1454 constitutionem
2942 1408 3180 1453 sancto-

578 1520 720 1562 rum
770 1516 1014 1581 patrum
1060 1499 1313 1580 antiqua
1359 1500 1603 1561 admisit
1646 1501 2059 1578 consuetudO,
2110 1500 2366 1581 aliquod
2412 1499 2584 1560 faciat
2631 1499 3187 1580 impedimentum3·

575 1606 748 1687 quod
780 1605 830 1666 si
863 1605 1004 1686 quis
1037 1621 1251 1666 contra
1285 1606 1445 1667 hanc
1476 1623 1751 1668 nostram
1784 1607 2232 1670 institutionem
2266 1607 2352 1668 ire
2373 1607 2835 1688 presumpserit,
2868 1606 3046 1667 exilio
3063 1622 3180 1667 tra-

574 1714 769 1776 datur.
831 1713 1090 1794 Insuper
1134 1714 1316 1775 etiam
1365 1731 1432 1776 ut
1469 1715 1691 1777 ‘nullus
1738 1715 2072 1777 missorum
2116 1731 2472 1777 nostrorum
2505 1715 2958 1795 cuiuscumque
2990 1715 3179 1795 impe·

576 1822 827 1884 ditionis
858 1837 1309 1902 argumentum
1341 1843 1719 1905 componere
1739 1823 1806 1884 in
1827 1823 2119 1905 prefatam
2140 1823 2500 1885 electionem
2522 1822 2744 1884 audeat
2762 1822 3180 1904 prohibemus.

576 1928 702 2009 [17]
752 1931 913 1994 Nam
959 1944 1017 1991 et
1071 1930 1195 1991 hoc
1240 1931 1623 1992 omnimodis
1669 1930 1984 1993 instituere
2028 1930 2272 2011 placuit,
2317 1946 2401 2004 ut,
2431 1930 2540 2010 qui
2572 1929 2764 1991 semel
2795 1932 2912 1991 sub
2942 1929 3181 2010 speciali

575 2038 935 2100 defensione
982 2038 1204 2100 domni
1252 2021 1575 2120 apostolici
1619 2038 1746 2100 sive
1797 2055 2005 2101 nostra
2051 2038 2277 2100 fuerint
2320 2038 2617 2118 suscepti,
2664 2037 2984 2118 impetrata
3029 2036 3181 2101 iuste

578 2159 829 2210 utantur
875 2145 1277 2222 defensione;
1329 2146 1504 2226 quod
1549 2145 1598 2207 si
1645 2146 1787 2225 quis
1817 2146 1886 2206 in
1917 2164 2298 2225 quemquam
2332 2144 2605 2223 illorum,
2639 2144 2751 2223 qui
2781 2146 2901 2205 hoc
2933 2163 3185 2226 prome-

573 2252 807 2314 ruerint
839 2252 1087 2330 violare,
1122 2252 1582 2334 presumpserit,
1615 2251 1763 2314 sciat
1793 2271 1860 2312 se
1893 2251 2239 2334 periculum
2268 2251 2427 2312 vitae
2449 2271 2597 2313 suae
2618 2271 2751 2312 esse
2771 2251 3180 2313 incursurum.

574 2359 699 2441 [18]
733 2361 890 2423 Illud
923 2360 1109 2422 etiam
1144 2360 1609 2437 confirmamus,
1645 2376 1712 2420 ut
1743 2361 1979 2421 domno
2011 2360 2350 2441 apostolico
2382 2359 2606 2420 iustam
2637 2359 2703 2420 in
2734 2359 3027 2421 omnibus
3055 2379 3179 2420 ser-

571 2483 734 2530 vent
764 2467 1223 2530 oboedientiam
1277 2487 1386 2529 seu
1439 2467 1704 2529 ducibus
1749 2487 1818 2527 ac
1863 2467 2172 2529 iudicibus
2214 2466 2345 2528 suis
2377 2467 2452 2527 ad
2487 2466 2788 2528 iusticiam
2824 2466 3180 2528 faciendam.

576 2573 701 2655 [19]
750 2575 916 2638 Huic
948 2575 1121 2636 enim
1156 2574 1532 2637 institucioni
1564 2575 1685 2636 hoc
1719 2574 2064 2637 necessario
2095 2574 2553 2636 adnectendum
2583 2594 2715 2635 esse
2747 2576 3181 2656 perspeximus,

575 2697 640 2745 ut
686 2681 862 2744 missi
904 2681 1122 2744 domni
1167 2680 1488 2763 apostolici
1532 2700 1643 2743 seu
1687 2680 1880 2743 nostri
1913 2699 2158 2762 semper
2188 2681 2313 2743 sint
2345 2680 2679 2757 constituti,
2723 2679 2832 2762 qui
2863 2681 3180 2744 annuatim

571 2788 749 2851 nobis
791 2788 889 2849 vel
936 2788 1065 2850 filio
1109 2804 1323 2850 nostro
1368 2789 1729 2851 renunciare
1776 2788 2033 2865 valeant,
2083 2788 2343 2867 qualiter
2372 2788 2601 2868 singuli
2629 2789 2820 2850 duces
2851 2809 2920 2851 ac
2950 2789 3181 2851 iudices
3272 2864 3273 2867 Ἴ

573 2899 808 2980 populo
854 2899 1145 2960 iustitiam
1196 2898 1434 2975 faciant,
1484 2898 1646 2958 hanc
1677 2897 2057 2978 imperialem
2086 2897 2592 2959 constitutionem
2624 2897 2949 2977 quomodo
2979 2899 3181 2957 obser·

572 3021 749 3081 vent3
812 3006 921 3085 qui
969 3006 1138 3067 missi
1188 3006 1583 3067 decernimus
1630 3019 1699 3065 ut
1743 3005 2019 3085 primum
2049 3019 2306 3065 cunctos
2336 3005 2652 3082 clamores,
2698 3004 2806 3085 qui
2837 3024 2945 3086 per
2975 3006 3181 3083 negle-

573 3113 845 3192 gentiam
889 3112 1126 3174 ducum
1174 3130 1286 3174 seu
1319 3112 1601 3174 iudicum
1636 3112 1864 3174 fuerint
1894 3112 2144 3190 inventi,
2190 3114 2267 3173 ad
2301 3113 2584 3175 notitiam
2612 3113 2833 3174 domni
2864 3112 3182 3194 apostolici

571 3218 863 3295 deferant,
897 3234 957 3278 et
989 3219 1120 3299 ipse
1155 3236 1358 3280 unum
1391 3237 1426 3279 e
1459 3219 1709 3281 duobus
1740 3218 1954 3299 eligat3
1988 3233 2092 3280 aut
2122 3218 2325 3280 statim
2356 3237 2467 3299 per
2496 3219 2748 3280 eosdem
2782 3219 3004 3280 missos
3035 3218 3183 3280 fiant

571 3325 701 3406 ipse
737 3325 1120 3387 necessitates
1156 3326 1479 3387 emendate
1510 3341 1636 3404 aut,
1669 3325 1861 3387 misso
1891 3340 2105 3387 nostro
2139 3324 2319 3386 nobis
2349 3326 2769 3396 renunciante,
2804 3345 2911 3408 per
2939 3341 3182 3387 nostros

572 3433 793 3494 missos
825 3454 858 3493 a
892 3432 1069 3493 nobis
1103 3432 1364 3494 directos
1396 3433 1821 3494 emendentur.

789 3538 913 3620 [20]
967 3541 1107 3601 Hoc
1154 3557 1220 3602 ut
1259 3543 1337 3602 ab
1370 3541 1666 3603 omnibus
1698 3541 1985 3603 fidelibus
2016 3556 2257 3602 sanctae
2290 3540 2387 3601 dei
2419 3540 2706 3602 ecclesiae
2737 3557 2795 3603 et
2826 3542 3047 3604 nostris
3078 3540 3178 3602 fir-

575 3668 750 3709 mum
797 3667 928 3709 esse
962 3648 1266 3725 credatur,
1315 3648 1599 3729 propriae
1631 3667 1855 3709 manus
1885 3647 2207 3727 signaculo
2238 3661 2299 3719 et
2332 3647 2637 3710 nobilium
2668 3648 3037 3730 optimatum
3069 3667 3179 3708 no-

572 3771 844 3818 strorum
891 3754 1448 3835 subscriptionibus
1495 3756 1617 3816 hoc
1661 3771 1909 3837 pactum
1955 3755 2440 3818 confirmationis
2485 3771 2727 3817 nostrae
2757 3755 3179 3817 roboravimus

570 3880 627 3924 et
658 3863 862 3925 bullae
896 3878 1141 3923 nostrae
1172 3861 1547 3942 inpressioni
1579 3862 1886 3942 adsignari
1919 3862 2227 3924 iussimus,

784 3970 824 4046 ἦ·
874 3969 1140 4048 Signum
1185 3968 1404 4029 domni
1437 3968 1684 4030 Ottonis
1729 3969 2100 4031 serenissimi
2136 3968 2520 4049 imperatoris
2551 3990 2621 4030 ac
2652 3988 2913 4031 suorum
2943 3969 3179 4051 episco-

570 4101 791 4163 porum
823 4083 1119 4142 ‘abbatum
1154 4097 1213 4141 et
1246 4081 1566 4143 comitum.

783 4189 823 4263 †
874 4187 1137 4268 Signum
1170 4189 1471 4268 Adaldagi
1504 4190 2057 4269 Hamaburgiensis
2088 4189 2371 4251 ecclesiae
2403 4188 2861 4270 archiepiscopi.
2918 4188 3177 4267 Signum

570 4295 877 4358 Hartberti
911 4295 1227 4357 Curiensis
1274 4296 1565 4357 ecclesiae
1599 4296 1889 4378 episcopi.
1956 4296 2219 4376 Signum
2252 4296 2610 4377 Druogonis
2641 4295 3178 4375 Osnabruguensis

570 4403 855 4465 ecclesiae
907 4404 1199 4485 episcopi.
1270 4404 1539 4484 Signum
1570 4404 1833 4465 Votonis
1876 4404 2355 4485 Argentenensis
2401 4404 2687 4466 ecclesiae
2732 4405 3023 4485 episcopi.
3085 4403 3176 4465 Si-

569 4529 765 4593 gnum
798 4509 1036 4571 Otwini
1071 4509 1605 4573 Hiltinesemensis
1653 4511 1936 4573 ecclesiae
1984 4510 2273 4591 episcopi.
2336 4509 2595 4589 Signum
2630 4510 2983 4572 Landwarti
3016 4510 3175 4572 Min-

570 4617 866 4679 donensis
897 4617 1185 4679 ecclesiae
1220 4618 1511 4698 episcopi.
1545 4618 1809 4697 Signum
1842 4617 2055 4696 Otgeri
2087 4617 2541 4678 Nemetinensis
2572 4617 2857 4679 ecclesiae
2890 4617 3176 4698 episcopi.

569 4724 832 4804 Signum
884 4723 1152 4785 Gezonis
1184 4724 1596 4785 Tortunensis
1644 4723 1933 4785 ecclesiae
1979 4723 2271 4804 episcopi.
2347 4722 2612 4803 Signum
2660 4724 2955 4785 Hucberti
3003 4725 3175 4785 Paer-

571 4831 878 4892 manensis
911 4831 1198 4892 ecclesiae
1231 4831 1529 4912 episcopi.
1563 4830 1827 4909 Signum
1853 4829 2144 4891 Widonis
2166 4829 2556 4891 Mutunensis
2587 4829 2873 4891 ecclesiae
2893 4828 3176 4910 episcopi.

572 4938 839 5017 Signum
874 4938 1159 4999 Hattonis
1194 4938 1241 4999 F
1247 4938 1523 4999 uldensis
1557 4938 1913 4999 monasterii
1944 4937 2193 4998 abbatis.
2227 4937 2491 5017 Signum
2515 4936 2842 4999 Guntharii
2865 4937 3178 4998 Herolfes—
