3684 5416
589 1551 635 1581 10

587 2251 630 2293 ¹5

581 3455 629 3498 25

579 4604 630 4645 ‘35

692 382 793 454 358

688 564 874 643 τιμῆς
906 560 986 625 δὲ
1020 565 1320 644 μεγάλης
1354 564 1650 640 ἐπάξιος,
1684 562 1780 641 ὡς
1814 563 1968 645 ὁμο-

688 669 997 749 λογήσας
1047 670 1125 733 τὸ
1176 669 1396 752 ὄνομα
1444 673 1565 733 τοῦ
1618 670 1807 733 Θεοῦ
1857 670 1969 734 καὶ

687 778 809 839 τοῦ
843 779 1138 854 Χριστοῦ
1187 780 1398 841 αὐτοῦ
1438 776 1721 841 ἐνώπιον
1754 780 1971 841 ἐθνῶν

686 882 799 944 καὶ
837 885 1190 967 βασιλέων.
1229 885 1391 947 Ἐὰν
1425 884 1505 947 δὲ
1537 886 1732 965 χρεία
1754 889 1968 950 αὑτοῦ

689 987 727 1069 ᾗ
776 991 872 1066 εἰς
922 990 1290 1053 ἐπίσκοπον
1336 993 1375 1070 ἢ
1422 991 1894 1079 πρεσβύτερον
1927 994 1965 1070 ἢ

688 1094 1035 1172 διάκονον,
1088 1103 1586 1177 χειροτονεῖται·
1643 1101 1700 1162 εἰ
1747 1099 1827 1161 δέ
1872 1121 1969 1176 τις

688 1205 1114 1288 ὁμολογητὴς
1164 1206 1246 1290 μὴ
1300 1207 1800 1286 χειροτονηθεὶς
1855 1210 1967 1285 ἁρ-

687 1314 870 1394 πάσῃ
905 1314 1124 1394 ἑαυτῷ
1159 1313 1419 1395 ἀξίωμά
1450 1336 1505 1376 τι
1539 1317 1849 1377 τοιοῦτον
1869 1314 1964 1390 ὡς

689 1418 805 1481 διὰ
854 1418 973 1498 τὴν
1024 1419 1415 1502 ὁμολογίαν,
1470 1418 1675 1497 οὗτος
1735 1421 1968 1482 καθαι-

690 1526 942 1603 ρείσθω
989 1526 1101 1588 καὶ
1150 1527 1670 1611 ἁποβαλλέσθω·
1698 1529 1797 1588 ὀὐ
1832 1529 1970 1605 γάρ

690 1634 889 1704 ἐστιν,
927 1632 1196 1711 ἐπείπερ
1225 1632 1504 1711 ἤρνηται
1525 1632 1644 1712 τὴν
1666 1634 1967 1712 Χριστοῦ

1849 383 2169 440 Ordinatio.

2030 567 2263 647 Magno
2309 584 2513 628 autem
2565 569 2804 629 honore
2838 568 3066 646 dignus
3100 586 3204 638 est,
3244 586 3317 629 ut

2028 672 2135 752 qui
2158 673 2475 734 confessus
2496 690 2585 734 est
2608 693 2843 734 nomen
2868 675 2980 735 Dei
3002 692 3057 735 et
3080 675 3309 737 Christi

2028 800 2236 841 coram
2268 781 2557 860 gentibus
2591 798 2648 841 et
2680 782 2949 861 regibus.
3003 782 3065 843 Si
3100 799 3307 843 autem

2026 906 2185 968 opus
2219 907 2294 947 eo
2328 887 2527 965 fuerit,
2557 889 2623 948 in
2640 889 2998 970 episcopum
3020 907 3123 951 aut
3141 910 3307 971 pres-

2028 996 2311 1075 byterum
2391 1010 2496 1055 aut
2573 996 2907 1058 diaconum
2967 998 3306 1059 ordinetur.

2026 1100 2219 1176 Quod
2266 1102 2315 1161 si
2360 1102 2584 1181 aliquis
2616 1102 2938 1164 confessor
2972 1123 3100 1164 non
3132 1105 3298 1164 ordi-

2027 1225 2205 1270 natus
2251 1210 2625 1291 arrogaverit
2670 1210 2783 1270 sibi
2819 1211 3177 1272 huiusmodi
3212 1210 3305 1271 di·

2026 1316 2337 1397 gnitatem,
2400 1316 2803 1379 confessionis
2861 1333 3191 1398 praetextu,
3259 1319 3308 1378 is

2028 1425 2376 1504 deponatur
2410 1439 2467 1484 et
2500 1423 2787 1484 eiiciatur.
2840 1425 2985 1485 Non
3017 1425 3181 1485 enim
3217 1440 3308 1485 est

2027 1529 2360 1607 confessor,
2382 1545 2595 1611 utpote
2619 1530 2727 1610 qui
2751 1531 3057 1608 negaverit
3078 1531 3307 1591 Christi

2027 1638 2526 1699 constitutionem
2545 1653 2760 1717 estque
2777 1637 3011 1698 infideli
3025 1638 3306 1700 deterior.

689 1736 992 1812 διάταξιν
1022 1740 1132 1800 καὶ
1168 1738 1348 1802 ἔστιν
1382 1739 1668 1802 ἀπίστου
1703 1741 1963 1819 χείρων.
2028 1743 2083 1823 [1.
2118 1765 2165 1805 c.
2201 1765 2332 1825 pag.
2375 1744 2491 1824 58.]

1389 1956 1555 2037 (Cap.
1594 1960 1711 2035 24.)
1779 1958 1927 2019 Vlll.
1994 1960 2098 2019 De
2133 1959 2607 2039 virginibus,

761 2112 824 2167 ‘O
865 2115 1029 2173 αὐτὸς
1056 2114 1173 2182 περὶ
1211 2115 1494 2178 παρθένων
1522 2114 1897 2182 διατάσσομαι.

782 2223 1149 2301 Παρθένος
1180 2226 1265 2286 οῦ
1299 2228 1795 2303 χειροτονεῖται·
1845 2227 1970 2287 ἐπι-

689 2329 902 2408 ταγὴν
921 2330 1059 2409 γὰρ
1080 2329 1344 2407 Κυρίου
1365 2333 1492 2393 οὑκ
1516 2330 1772 2413 ἔχομεν·
1808 2330 1969 2411 γνώ-

690 2456 817 2518 μης
861 2437 998 2514 γάρ
1045 2440 1183 2499 ἐστι
1218 2437 1295 2499 τὸ
1345 2436 1664 2513 ἔπαθλον,
1700 2439 1828 2501 οῦκ
1867 2442 1967 2502 ἐπὶ

691 2541 977 2629 διαβολῇ
1012 2547 1133 2605 τοῦ
1166 2547 1408 2626 γάμου,
1437 2547 1579 2608 ἀλλ’
1618 2548 1720 2609 ἐπὶ
1754 2549 1964 2628 σχολῇ

689 2651 809 2729 τῆς
842 2649 1219 2735 εὐσεβείας.

1487 2872 1655 2951 (Cap.
1695 2873 1816 2951 25.)
1883 2873 1979 2933 IX.

2150 2116 2273 2185 lpse
2302 2132 2414 2185 ego
2444 2115 2513 2169 de
2541 2116 2853 2187 virginibus
2880 2116 3186 2172 constituo.

2119 2229 2263 2288 Non
2296 2231 2618 2291 ordinatur
2651 2229 2856 2307 virgo:
2913 2244 3303 2310 praeceptum

2028 2335 2197 2395 enim
2234 2336 2488 2397 Domini
2537 2355 2665 2398 non
2715 2338 3038 2415 habemus,
3080 2337 3306 2397 volun-

2027 2442 2160 2504 tatis
2191 2444 2419 2525 quippe
2442 2460 2531 2506 est
2552 2443 2739 2504 huius
2760 2444 2958 2505 laudis
2979 2459 3309 2517 certamen,

2029 2570 2159 2612 non
2193 2552 2465 2632 coniugii
2487 2567 2692 2612 tamen
2715 2552 2777 2612 in
2796 2551 3308 2624 criminationem,

1995 2638 2131 2719 *sed
2167 2658 2366 2739 pietati
2404 2674 2470 2721 ut
2499 2658 2911 2738 indulgeatur.
2947 2656 3004 2738 [1.
3029 2677 3078 2720 e.
3101 2677 3156 2738 p·
3186 2656 3303 2737 59-}

2047 2874 2148 2933 De
2198 2873 2503 2934 viduis.

691 3028 862 3092 Κάγὼ
917 3029 1190 3090 Λεββαῖος
1242 3031 1273 3078 ὁ
1329 3028 1632 3094 ἐπικληθεὶς
1686 3030 2001 3132 Θαδδαῖος,
2084 3032 2153 3084 Et
2180 3048 2291 3100 ego
2321 3032 2643 3091 Lebbaeus‚
2673 3029 3023 3100 cognomine
3052 3030 3243 3083 Thad-

876 3107 1000 3158 τάδε
1038 3108 1153 3175 περὶ
1191 3112 1376 3176 χηρῶν
1415 3109 1789 3176 διατάσσομαι.

779 3205 982 3285 Χήρα
1031 3208 1115 3269 οῦ
1167 3213 1664 3287 χειροτονεῖται,
1715 3210 1858 3271 ἀλλ’
1913 3212 1968 3271 εἰ

690 3312 809 3396 μὲν
857 3316 934 3376 ἐκ
965 3315 1222 3377 πολλοῦ
1256 3317 1561 3400 ἀπέβαλε
1592 3316 1711 3378 τὸν
1743 3316 1970 3394 ἄνδρα

687 3421 799 3482 καὶ
846 3420 1227 3502 σωφρόνως
1265 3422 1376 3484 καὶ
1422 3422 1970 3502 ἀκαταγνώστως

688 3526 891 3607 ἔζησε
935 3529 1047 3591 καὶ
1081 3530 1214 3592 τῶν
1244 3529 1509 3592 οἰκεὶων
1542 3533 1793 3608 ἄριστα
1827 3533 1968 3593 ἐττε-

688 3636 962 3716 μελήθη,
1015 3635 1110 3714 ὡς
1165 3636 1416 3698 Ἰουδὶθ
1464 3638 1575 3699 καὶ
1619 3636 1846 3700 Ἀννα
1900 3639 1966 3699 αἱ

687 3741 1114 3823 σεμνόταται,
1154 3745 1722 3819 κατατασσέσῧω,
1759 3747 1857 3822 εἰς
1888 3745 1966 3807 τὸ

685 3848 978 3928 χηρικόν·
1030 3852 1085 3912 εἰ
1125 3849 1206 3912 δὲ
1236 3851 1475 3913 νεωστὶ
1512 3853 1811 3935 ἀπέβαλε
1848 3852 1966 3913 τὸν

687 3954 1047 4037 ὀμόζυγον,
1114 3956 1196 4036 μὴ
1254 3958 1706 4030 πιστευέσθω,
1788 3960 1966 4020 ἀλλὰ

685 4061 908 4144 χρόνῳ
969 4062 1212 4141 νεότης
1274 4065 1628 4142 κρινέσθω·
1696 4067 1781 4126 τὰ
1828 4066 1967 4144 γὰρ

683 4169 868 4247 πάθη
902 4167 1052 4231 ἔσθ’
1087 4170 1203 4232 ὅτε
1234 4170 1346 4231 καὶ
1369 4173 1687 4250 συγγηρᾷ
1709 4170 1965 4250 ἀνθρώ-

687 4295 855 4353 ποις,
922 4275 1004 4357 μὴ
1070 4276 1200 4337 ὑπὸ
1250 4277 1639 4355 κρείττονος
1689 4279 1965 4356 χαλινοῦ

688 4380 1070 4463 εἰργόμενα.

2162 3112 2356 3176 daem,
2383 3110 2523 3165 haec
2552 3109 2622 3163 de
2649 3109 2831 3162 viduis
2860 3109 3172 3164 constituo.

2118 3214 2317 3274 Vidua
2367 3234 2492 3275 non
2544 3214 2881 3286 ordinatur,
2934 3213 3041 3273 sed
3087 3212 3137 3272 si
3184 3212 3303 3272 iam

2027 3322 2134 3382 diu
2182 3320 2381 3381 amisit
2417 3321 2637 3396 virum,
2685 3337 2745 3380 et
2778 3336 2936 3382 caste
2970 3336 3027 3380 et
3059 3320 3303 3381 laudate

2025 3428 2171 3487 vixit
2204 3446 2272 3487 ac
2307 3428 2664 3508 diligentem
2688 3428 3172 3489 domesticorum
3196 3447 3302 3487 cu-

2026 3554 2153 3594 ram
2194 3535 2397 3614 gessit,
2444 3551 2510 3595 ut
2545 3536 2742 3596 Iudith
2778 3550 2837 3595 et
2873 3541 3072 3611 Anna,
3107 3534 3302 3595 hone·

2025 3642 2325 3702 stissimae
2373 3642 2506 3701 illae
2556 3640 2839 3718 feminae,
2889 3656 3209 3722 cooptetur
3244 3642 3303 3700 in

2022 3749 2281 3827 gradum
2347 3748 2675 3820 vidualem,
2758 3748 2951 3822 Quod
3002 3749 3053 3807 si
3105 3766 3304 3827 nuper

2023 3857 2223 3917 amisit
2256 3857 2567 3932 maritum,
2603 3876 2678 3916 ne
2713 3856 2795 3916 illi
2832 3857 3144 3924 credatur:
3195 3855 3302 3914 sed

2022 3981 2297 4043 tempore
2317 3965 2552 4025 novitas
2570 3963 2958 4024 diiudicetur.
2986 3963 3301 4023 Passiones

2023 4070 2185 4129 enim
2234 4070 2542 4131 interdum
2579 4091 2718 4130 eum
2758 4070 3117 4130 hominibus
3150 4087 3300 4129 con-

2023 4192 2369 4254 senescunt,
2421 4178 2534 4238 nisi
2572 4175 2806 4238 fortiori
2843 4176 3016 4237 freno
3051 4175 3300 4235 cohibe-

2023 4299 2223 4343 antur.
2302 4282 2355 4362 [1.
2392 4303 2439 4343 c.
2474 4305 2608 4374 pag.
2650 4282 2766 4363 59.]

1435 4593 1604 4674 (Cap.
1643 4595 1760 4668 26.)
1828 4594 1897 4653 X.
1965 4595 2066 4654 De
2118 4595 2552 4656 Exorcista.

729 4735 791 4790 ‘O
833 4739 998 4797 αὐτὸς
1037 4739 1152 4806 περὶ
1191 4741 1511 4807 ἐπορκιστοῦ
1551 4740 1926 4807 διατάσσομαι.
1988 4741 1994 4824 l

777 4846 1220 4927 Ἐπορκιστὴς
1299 4851 1382 4910 οῦ
1459 4853 1957 4927 χειροτονεῖται·

2089 4740 2212 4809 Ipse
2242 4752 2476 4809 egomet
2505 4741 2574 4793 de
2606 4740 2900 4794 Exorcista
2930 4738 3240 4794 constituo.

2114 4852 2419 4913 Exorcista
2456 4872 2585 4913 non
2619 4854 2973 4924 ordinatum
3012 4853 3299 4913 volunta-

685 4953 958 5030 εὐνοίας
1000 4955 1138 5032 γὰρ
1185 4954 1505 5016 ἑκουσίου
1540 4955 1617 5016 τὸ
1652 4955 1956 5017 ἔπαθλον
2018 4959 2092 5019 tis
2126 4960 2357 5040 quippe
2390 4959 2615 5020 liberae
2649 4977 2737 5020 est
2774 4962 2922 5021 haec
2953 4960 3302 5021 certaminis
