3684 5416
503 1014 527 1058 5

481 1549 530 1581 10

479 2083 526 2126 ¹5

477 2618 532 2651 20

478 3153 530 3197 ²5

474 3696 530 3742 30

474 4227 525 4273 35

590 379 699 450 406
1609 379 1876 435 Pontifex
1917 398 2211 435 romanuS.

593 562 1011 624 immediatam
1047 583 1178 624 esse
1212 583 1356 645 erga
1390 582 1578 644 quam
1614 563 2067 644 cuiuscumque
2099 562 2252 626 ritus
2284 581 2342 625 et
2375 563 2683 645 dignitatis
2718 580 2992 646 pastores
3024 581 3211 645 atque

591 670 819 747 fideles,
865 687 991 731 tam
1036 689 1318 732 seorsum
1366 670 1595 750 singuli
1633 689 1824 750 quam
1858 670 2048 730 simul
2079 689 2300 731 omnes
2334 670 2542 732 officio
2576 671 2955 732 hierarchiae
2987 673 3213 732 subor-

588 776 939 857 dinationiS,
988 797 1289 858 veraeque
1337 776 1720 838 obedientiae
1769 778 2264 857 obstringuntur,
2314 797 2443 839 non
2489 779 2696 840 solum
2741 780 2807 839 in
2841 782 3023 840 rebus
3055 798 3215 859 quae

588 884 664 945 ad
713 883 904 945 finem
951 900 1009 945 et
1054 903 1280 961 mores,
1314 885 1420 945 sed
1456 884 1637 944 etiam
1675 883 1737 944 in
1771 884 1842 945 iis
1877 904 2036 965 quae
2069 885 2146 945 ad
2180 885 2567 965 disciplinam
2604 903 2660 948 et
2691 887 2969 967 regimen
3003 885 3212 946 Eccle-

586 989 730 1070 siae,
779 1008 886 1071 per
932 1006 1131 1051 totum
1176 993 1390 1051 orbem
1437 989 1717 1068 diffusae,
1770 990 2110 1072 pertinent:
2166 991 2243 1051 ita
2294 1008 2360 1053 ut
2407 992 2710 1053 custodita
2743 1012 2890 1054 cum
2923 993 3212 1053 Romano

588 1095 889 1158 Pontifice
909 1113 1034 1158 tam
1056 1096 1542 1174 communionis,
1578 1115 1770 1176 quam
1803 1095 2085 1173 ejusdem
2121 1096 2265 1158 fidei
2299 1098 2698 1179 professionis
2731 1100 2979 1174 unitate,
3002 1098 3213 1159 Eccle-

582 1203 669 1264 sia
701 1204 931 1265 Christi
977 1205 1051 1265 sit
1085 1224 1248 1265 unus
1277 1224 1424 1284 grex
1456 1206 1571 1264 sub
1607 1222 1735 1264 uno
1765 1222 2022 1265 summo
2058 1219 2318 1285 pastore.
2404 1206 2570 1266 Haec
2604 1221 2697 1266 est
2727 1205 3065 1267 catholicae
3099 1224 3206 1264 ve-

586 1309 772 1372 ritatis
804 1310 1102 1389 doctrina,
1138 1333 1170 1372 a
1205 1331 1325 1392 qua
1361 1311 1621 1387 deviare,
1654 1310 1818 1371 salva
1852 1309 1972 1371 fide
2005 1327 2189 1391 atque
2223 1312 2436 1390 salute,
2470 1332 2658 1374 nemo
2694 1329 2912 1394 potest.

801 1418 1078 1479 Tantum
1127 1434 1334 1480 autem
1382 1421 1570 1494 abest,
1617 1432 1685 1478 ut
1731 1418 1882 1479 haec
1913 1417 2160 1479 Summi
2193 1418 2506 1481 Pontificis
2541 1434 2807 1500 potestas
2840 1419 3071 1481 officiat
3102 1437 3204 1478 or-

587 1522 858 1585 dinariae
893 1544 962 1586 ac
1006 1524 1393 1586 immediatae
1426 1524 1512 1585 illi
1546 1523 1912 1606 episcopalis
1946 1523 2384 1603 jurisdictionis
2417 1527 2719 1608 potestati,
2751 1546 2874 1606 qua
2908 1525 3211 1607 Episcopi,

586 1629 697 1710 qui
748 1631 930 1711 positi
980 1652 1013 1692 a
1058 1631 1287 1712 Spiritu
1335 1647 1546 1693 sancto
1593 1632 1658 1693 in
1691 1633 2143 1713 Apostolorum
2196 1634 2407 1695 locum
2439 1649 2884 1710 successerunt,
2916 1650 3213 1705 tanquam

587 1736 711 1798 veri
757 1752 1030 1818 pastores
1077 1739 1417 1818 assignatos
1465 1738 1579 1799 sibi
1623 1758 1861 1819 greges,
1893 1737 2118 1818 singuli
2152 1739 2449 1819 singulos,
2485 1756 2741 1821 pascunt
2774 1755 2832 1801 et
2863 1753 3106 1820 regunt,
3145 1753 3211 1798 ut

587 1843 804 1905 eadem
851 1866 884 1904 a
932 1865 1225 1927 supremo
1273 1862 1329 1906 et
1380 1845 1705 1908 universali
1739 1846 1988 1907 Pastore
2034 1860 2354 1924 asseratur,
2388 1850 2714 1909 roboretur
2747 1866 2815 1908 ac
2848 1846 3210 1921 vindicetur,

586 1951 934 2012 secundum
970 1952 1122 2014 illud
1156 1952 1349 2014 sancti
1383 1952 1667 2032 Gregorii
1701 1951 1941 2032 Magni:
1997 1953 2217 2014 «Meus
2252 1954 2458 2015 honor
2490 1970 2579 2014 est
2612 1955 2819 2015 honor
2852 1942 3209 2015 universalis

586 2057 913 2120 Ecclesiae.
980 2061 1159 2122 Meus
1209 2062 1411 2122 honor
1441 2077 1530 2122 est
1564 2061 1822 2122 fratrum
1857 2079 2144 2123 meorum
2177 2060 2415 2124 solidus
2448 2061 2641 2141 vigor.
2705 2062 2878 2122 Tum
2910 2079 3029 2138 ego
3064 2077 3203 2118 vere

584 2165 930 2227 honoratus
974 2187 1135 2245 sum,
1182 2187 1328 2228 cum
1360 2167 1619 2248 singulis
1652 2168 2009 2248 quibusque
2044 2169 2248 2229 honor
2282 2168 2526 2230 debitus
2560 2187 2688 2229 non
2723 2182 3016 2247 negatur»
3059 2163 3196 2245 (Ep.

584 2272 661 2332 ad
694 2272 917 2353 Eulog.
951 2274 1340 2335 Alexandrin.
1374 2274 1478 2337 lib.
1514 2275 1661 2336 V111.
1697 2295 1790 2356 ep.
1826 2276 2038 2353 XXX).

802 2381 993 2441 Porro
1040 2400 1113 2441 ex
1159 2400 1451 2462 suprema
1499 2381 1597 2442 illa
1632 2381 1901 2443 Romani
1936 2380 2250 2443 Pontificis
2297 2396 2593 2462 potestate
2640 2379 3031 2461 gubernandi
3067 2377 3207 2438 uni-

584 2505 826 2547 versam
877 2486 1217 2565 ecclesiam,
1265 2488 1362 2548 ius
1410 2489 1610 2550 eidem
1663 2509 1794 2551 esse
1828 2490 2249 2570 consequitur,
2282 2489 2346 2551 in
2380 2489 2567 2550 huius
2597 2489 2695 2551 sui
2726 2486 3004 2550 muneris
3036 2505 3209 2547 exer-

587 2594 730 2656 citio
776 2595 965 2657 libere
1016 2596 1521 2658 communicandi
1569 2616 1714 2658 cum
1763 2599 2113 2679 pastoribus
2145 2613 2202 2659 et
2234 2597 2528 2677 gregibus
2560 2597 2748 2659 totius
2782 2593 3104 2669 Ecclesiae,
3142 2605 3208 2651 ut

586 2704 777 2766 iidem
828 2707 903 2766 ab
950 2704 1085 2787 ipso
1134 2705 1198 2767 in
1246 2704 1339 2766 via
1384 2704 1596 2767 salutis
1649 2706 1856 2768 doceri
1905 2727 1974 2767 ac
2007 2706 2134 2787 regi
2169 2705 2424 2788 possint.
2491 2705 2702 2781 Quare
2735 2704 3106 2765 damnamus
3137 2720 3207 2761 ac

589 2816 998 2894 reprobamus
1030 2814 1280 2875 illorum
1314 2816 1666 2893 sententiaS,
1701 2816 1809 2896 qui
1847 2817 2005 2878 hanc
2037 2815 2312 2896 supremi
2344 2815 2556 2896 capitis
2589 2833 2734 2876 cum
2769 2812 3117 2895 pastoribus
3148 2826 3209 2872 et

586 2920 876 2998 gregibus
923 2921 1559 2983 communicationem
1606 2921 1763 2982 licite
1810 2921 2095 3003 impediri
2145 2941 2325 3002 posse
2359 2922 2590 2999 dicunt,
2636 2937 2741 2982 aut
2773 2920 3035 2981 eandem
3067 2918 3206 2979 red-

589 3024 749 3085 dunt
799 3027 1090 3088 saeculari
1137 3028 1421 3109 potestati
1469 3028 1823 3105 obnoxiam,
1871 3029 1949 3089 ita
1999 3043 2066 3089 ut
2112 3028 2508 3107 contendant,
2543 3047 2702 3108 quae
2737 3028 2812 3087 ab
2846 3023 3206 3106 Apostolica

590 3132 749 3195 Sede
783 3134 876 3196 vel
910 3136 1045 3197 eius
1078 3135 1434 3197 auctoritate
1468 3138 1544 3198 ad
1568 3136 1841 3215 regimen
1866 3136 2167 3199 Ecclesiae
2200 3137 2678 3213 constituuntur,
2701 3135 2824 3195 vim
2846 3154 2914 3196 ac
2934 3133 3205 3194 valorem

589 3259 720 3302 non
753 3241 997 3319 habere,
1033 3243 1146 3303 nisi
1183 3244 1496 3325 potestatis
1528 3243 1854 3305 saecularis
1888 3244 2109 3325 placito
2142 3244 2610 3306 confirmentur.

802 3350 876 3410 Et
922 3351 1223 3430 quoniam
1271 3351 1485 3413 divino
1533 3351 1851 3433 apostolici
1886 3352 2182 3433 primatus
2216 3353 2348 3414 iure
2385 3351 2711 3411 Romanus
2743 3348 3025 3411 Pontifex
3061 3349 3203 3411 uni-

585 3475 792 3517 versae
828 3456 1130 3518 Ecclesiae
1179 3474 1433 3538 praeest,
1484 3459 1786 3520 docemus
1831 3459 2012 3520 etiam
2063 3474 2121 3519 et
2155 3458 2557 3533 declaramus,
2589 3477 2736 3519 eum
2768 3478 2900 3518 esse
2937 3457 3205 3534 judicem

584 3582 951 3646 supremum
984 3564 1262 3625 fidelium
1296 3564 1404 3642 (Pii
1439 3566 1552 3626 ΡΡ.
1576 3565 1671 3626 Vl.
1706 3566 1898 3627 Breve
1938 3565 2178 3647 «Super
2210 3565 2563 3627 Soliditate»
2603 3567 2662 3627 d.
2691 3567 2786 3626 28.
2810 3564 2970 3625 Nov.
3007 3563 3207 3638 1786),

584 3688 643 3733 et
674 3672 738 3732 in
773 3671 1068 3733 omnibus
1099 3672 1299 3733 causis
1332 3672 1407 3733 ad
1442 3692 1700 3734 examen
1734 3673 2211 3734 ecclesiasticum
2247 3672 2659 3754 spectantibus
2690 3672 2766 3733 ad
2799 3671 2990 3752 ipsius
3025 3689 3206 3752 posse

582 3779 882 3841 iudicium
917 3779 1144 3841 recurri
1181 3778 1439 3856 (Concil.
1471 3799 1712 3844 oecum.
1737 3781 2026 3860 Lugdun.
2058 3781 2159 3858 11);
2211 3781 2387 3842 Sedis
2419 3799 2564 3841 vero
2586 3779 2996 3861 Apostolicae,
3029 3776 3206 3856 cujus

581 3885 938 3947 auctoritate
990 3886 1188 3947 maior
1237 3905 1368 3947 non
1419 3903 1525 3964 est,
1578 3886 1879 3947 iudicium
1927 3908 1959 3948 a
2008 3887 2259 3949 nemine
2307 3887 2436 3948 fore
2483 3886 2955 3961 retractandum,
3002 3904 3206 3965 neque

582 3993 876 4074 cuiquam
911 3995 987 4055 de
1021 3994 1154 4055 eius
1186 3993 1367 4055 licere
1403 3994 1670 4055 iudicare
1707 3994 1962 4057 iudicio.
1995 3994 2127 4075 (Ep.
2164 3993 2402 4054 Nicolai
2436 3992 2457 4053 1
2491 3993 2567 4054 ad
2602 3992 2973 4054 Michaelem
3004 3992 3203 4071 Impe-

586 4102 892 4175 ratorem).
959 4098 1169 4174 Quare
1215 4121 1247 4160 a
1297 4115 1461 4161 recto
1507 4098 1768 4160 veritatis
1800 4100 2041 4161 tramite
2074 4102 2376 4176 aberrant,
2409 4098 2517 4179 qui
2551 4097 2876 4175 affirmant,
2911 4097 3089 4158 licere
3122 4098 3197 4157 ab

587 4205 829 4266 iudiciis
860 4206 1294 4266 Romanorum
1328 4206 1703 4267 Pontificum
1749 4207 1828 4267 ad
1869 4207 2344 4268 oecumenicum
2378 4203 2736 4267 Concilium
2785 4220 3081 4284 tanquam
3122 4204 3199 4264 ad

585 4312 1009 4373 auctoritatem
1040 4313 1330 4374 Romano
1362 4313 1658 4375 Pontifice
1694 4314 2079 4395 superiorem
2113 4314 2439 4395 appellare.

800 4418 864 4478 Si
897 4418 1036 4497 quis
1070 4418 1275 4498 itaque
1308 4420 1537 4497 dixerit,
1570 4423 1936 4484 Romanum
1969 4420 2333 4482 Pontificem
2380 4420 2604 4480 habere
2636 4419 3075 4479 tantummodo
3107 4416 3204 4479 of-

587 4523 796 4585 ficium
847 4524 1244 4604 inspectionis
1295 4528 1390 4587 vel
1436 4527 1812 4607 directionis,
1864 4548 1995 4590 non
2028 4543 2236 4589 autem
2270 4528 2518 4609 plenam
2551 4541 2609 4586 et
2640 4543 2995 4606 supremam
3031 4541 3203 4605 pote-

579 4648 798 4694 statem
845 4633 1282 4696 iurisdictionis
1332 4636 1394 4696 in
1441 4636 1788 4698 universam
1825 4635 2184 4714 Ecclesiam,
2221 4655 2351 4696 non
2384 4635 2591 4696 solum
2623 4633 2685 4694 in
2718 4634 2903 4693 rebus
2934 4651 3094 4712 quae
3126 4634 3202 4693 ad

581 4741 769 4802 fidem
815 4757 873 4803 et
906 4761 1130 4820 moreS,
1176 4744 1284 4804 sed
1321 4743 1507 4805 etiam
1539 4742 1605 4805 in
1638 4743 1731 4822 iis,
1766 4764 1930 4823 quae
1963 4743 2039 4804 ad
2072 4742 2461 4824 disciplinam
2494 4759 2552 4803 et
2585 4740 2863 4820 regimen
2899 4738 3205 4800 Ecclesiae

578 4868 692 4932 per
720 4866 926 4913 totum
960 4852 1177 4911 orbern
1211 4850 1466 4912 diffusae
1498 4850 1833 4932 pertinent;
1871 4866 2142 4912 autenm
2164 4851 2391 4912 habere
2422 4866 2658 4911 tantum
2696 4848 2964 4930 potiores
2987 4861 3205 4927 partes,

582 4975 712 5018 non
757 4978 903 5020 vero
948 4973 1146 5019 totam
1192 4957 1643 5039 plenitudinem
1690 4957 1878 5019 huius
1925 4977 2251 5039 supremae
2299 4956 2643 5039 potestatis3
2709 4972 2813 5016 aut
2862 4956 3018 5017 hanc
3066 4955 3202 5015 eius
