3684 5416
1055 363 1382 420 Hierarchia
1422 363 1638 420 ordinis
1677 379 1733 420 et
1772 365 2086 421 hierarchia
2125 366 2545 422 iurisdictionis·
2999 386 3097 441 393

490 567 595 612 aut
626 570 1032 632 personarum
1070 550 1359 630 qualitate
1394 550 1524 611 illas
1555 566 1806 611 tractare
1842 552 1906 612 in
1940 552 2104 614 curia
2138 553 2449 634 expediret
2483 574 2597 635 pro
2631 554 2849 630 justitia
2883 575 3099 617 conse-

488 658 731 738 quenda
765 657 860 718 vel
892 657 968 718 de
1003 656 1266 738 partium
1300 676 1611 719 consensu
1645 657 1706 718 in
1739 659 1906 719 curia
1940 674 2359 721 tractarentur.
2394 661 2876 722 matrimoniales
2897 678 3101 723 tamen

487 784 702 826 causae
748 764 812 825 in
848 765 1043 845 prima
1077 764 1356 825 instantia
1393 780 1630 846 praeter
1661 765 2141 848 appellationem
2175 785 2305 827 non
2340 767 2809 829 committantur
2840 768 2903 827 in
2936 768 3099 828 curia

488 873 601 933 nisi
638 873 700 932 in
735 871 973 934 casibus
1007 871 1287 952 proxime
1320 871 1512 933 dictis.

408 1001 428 1043 5
701 979 849 1040 Item
884 978 961 1038 ad
997 978 1436 1039 refrenandum
1470 977 1911 1060 appellationes
1944 978 2353 1040 frustratorias
2386 999 2545 1061 quae
2579 996 2718 1041 ante
2751 980 3102 1042 diffinitivas

489 1085 818 1146 sententias
866 1085 1347 1166 interponuntur
1391 1084 1770 1160 ordinamus,
1821 1086 1992 1166 quod
2043 1084 2267 1163 injuste
2317 1106 2428 1148 seu
2479 1087 2693 1148 frivole
2727 1087 3103 1168 appellantes

489 1195 563 1253 ab
612 1193 1074 1253 interlocutorta
1126 1191 1222 1251 vel
1270 1190 1625 1270 gravamine
1674 1190 1829 1252 ultra
1864 1191 2448 1254 condemnationem
2484 1213 2893 1274 expensarum
2927 1194 3102 1255 dam·-

494 1318 721 1360 norum
771 1314 827 1359 et
875 1299 1168 1360 interesse
1201 1299 1264 1359 in
1296 1299 1509 1360 decem
1545 1298 1816 1360 florenos
1849 1298 1898 1358 si
1930 1299 2259 1380 appellatio
2293 1299 2716 1381 interponatur
2749 1302 2812 1362 in
2846 1303 3011 1363 curia
3046 1319 3105 1363 et

491 1407 552 1467 in
585 1405 798 1484 viginti
832 1406 882 1466 si
916 1405 991 1466 de
1030 1406 1306 1488 partibus
1338 1407 1412 1466 ad
1449 1406 1685 1467 curiam
1718 1406 1872 1486 parti
1906 1407 2242 1488 appellatae
2275 1408 2793 1469 condemnentur.
2840 1423 2898 1468 et
2931 1410 3103 1489 quod

389 1534 436 1564 ιο
491 1532 677 1594 super
711 1513 927 1573 eadem
962 1512 1424 1574 interlocutoria
1457 1512 1553 1573 vel
1584 1513 1935 1590 gravamine
1968 1515 2246 1575 secundo
2280 1516 2582 1597 appellare
2615 1534 2744 1577 non
2778 1516 2970 1592 liceat,
2990 1515 3105 1576 nisi

492 1620 793 1680 habexent
827 1619 951 1680 vim
985 1617 1360 1680 diffinitivae.
1431 1616 1488 1697 [l.
1523 1640 1573 1680 c.
1610 1639 1744 1701 pag.
1790 1619 2172 1700 138—140.]

952 1846 1079 1901 177.
1146 1845 1562 1902 (20N011211JM
1603 1846 2169 1902 TRInEN'rINUM.
2210 1846 2641 1916 (1545-1563).

701 1990 730 2019 ‘
770 1989 1018 2043 Canoues
1054 1994 1109 2042 ct
1142 1991 1362 2043 decretu
1403 1990 1636 2042 Cone-ilii
1675 1990 1988 2043 Tridentini.
2041 1989 2127 2045 ed.
2181 1989 2506 2044 Richter.
2549 2008 2601 2061 p.
2645 1992 2727 2061 36,
2771 2009 2853 2063 39,
2894 2009 2979 2062 51,
3019 1991 3106 2052 88.

501 2089 612 2141 120,
644 2089 763 2144 345,
788 2088 911 2142 457.
964 2069 1405 2134 Hinschius,
1445 2071 1855 2129 Kirchenreclet.
1896 2071 2069 2127 Tom.
2100 2072 2138 2129 1.
2178 2089 2231 2142 p.
2271 2071 2560 2144 176—178.

387 2250 431 2293 ¹5
1173 2236 1451 2298 Sessio
1503 2234 1618 2299 VI.
1668 2236 1775 2297 De
1821 2236 2422 2298 reformatione.

492 2394 556 2448 C.
598 2394 657 2451 11.
711 2395 870 2447 Nulli
917 2396 1231 2464 beneficium
1286 2395 1503 2462 exigens
1533 2375 1875 2465 personalem
1917 2394 2265 2446 residentiam
2305 2395 2568 2445 obtinenti
2603 2397 2783 2446 abesse·
2819 2396 2963 2452 licet,
3003 2397 3111 2446 uisi

492 2477 634 2527 iusta
686 2477 753 2526 dc
802 2493 969 2528 causa
1024 2478 1092 2526 ab
1143 2475 1382 2543 episcopo
1432 2475 1807 2543 approbanda,
1860 2476 1959 2542 qui
1994 2479 2107 2527 tum
2146 2476 2310 2527 etium
2349 2476 2610 2526 vicarium
2649 2476 2912 2526 summ-ta
2951 2480 3107 2543 parte

1112 2556 1414 2624 fructuum
1453 2557 1753 2607 substituat
1785 2556 1850 2606 ob
1885 2570 2076 2606 curam
2118 2557 2449 2607 animarum.

704 2683 1027 2767 Episcopis
1075 2683 1409 2761 inferiores,
1460 2682 1714 2765 quaevis
1760 2682 2054 2745 beneficia
2103 2683 2501 2747 ecclesiastica
2539 2685 2924 2767 personalem
2959 2684 3101 2746 resi-

382 2821 433 2851 20
494 2795 765 2854 dentiam
811 2793 887 2853 de
937 2793 1068 2853 iure
1114 2792 1240 2852 sive
1287 2791 1734 2852 consuetudine
1784 2791 2084 2870 exigentia
2136 2792 2196 2852 in
2229 2792 2476 2852 titulum
2512 2790 2635 2853 sive
2669 2792 3106 2853 commendam
3176 2795 3182 2800 ’

490 2901 854 2977 obtinentes,
886 2901 961 2961 ab
1002 2918 1222 2961 eorum
1267 2899 1613 2977 ordinariiS,
1662 2900 2202 2979 quemadmodum
2237 2899 2323 2959 eis
2358 2919 2469 2981 pro
2503 2902 2673 2960 bono
2708 2899 3098 2961 ecclesiarum

491 3008 788 3088 regimine
823 3023 880 3069 et
914 3007 1107 3069 divini
1143 3007 1343 3067 cultus
1375 3023 1733 3086 augment0‚
1780 3005 2062 3068 locorum
2100 3024 2157 3067 et
2194 3026 2599 3088 personarum
2633 3007 2921 3087 qualitate
2956 3028 3104 3089 pen-

490 3133 635 3193 sata,
666 3116 999 3198 expediens
1033 3115 1350 3185 videbitur,
1401 3114 1769 3196 opportunis
1820 3114 1970 3175 iuris
2003 3115 2290 3176 remediis
2324 3115 2584 3176 residere
2619 3132 2933 3194 cogantur,
2966 3116 3105 3177 nul-

490 3224 659 3304 lique
706 3223 1019 3305 privilegia
1069 3242 1178 3283 seu
1231 3221 1466 3282 indulta
1501 3237 1792 3303 perpetua
1827 3223 1905 3282 de
1940 3242 2074 3284 non
2111 3222 2441 3283 residendo
2472 3239 2576 3284 aut
2607 3225 2682 3284 de
2719 3224 3012 3285 fructibus
3046 3226 3109 3286 in

383 3354 431 3397 25
494 3330 758 3392 absentia
812 3329 1219 3412 percipiendis
1284 3330 1718 3408 suffragentur,
1782 3328 2186 3409 indulgentiis
2241 3348 2388 3390 vero
2439 3345 2498 3389 et
2547 3330 3110 3410 dispensationibus

492 3439 949 3520 temporalibus,
984 3457 1056 3497 ex
1090 3437 1245 3497 veris
1278 3452 1335 3497 et
1369 3436 1769 3498 rationalibus
1802 3436 1999 3495 causis
2033 3451 2271 3495 tantum
2305 3437 2632 3512 concessis,
2675 3455 2731 3498 et
2764 3457 2971 3498 coram
3008 3456 3108 3497 or-

492 3546 730 3607 dinario
780 3544 1046 3624 legitime
1094 3543 1445 3625 probandis,
1480 3543 1545 3603 in
1577 3560 1692 3603 suo
1726 3545 1949 3603 robore
1984 3541 2428 3623 permansuris;
2481 3544 2709 3621 quibus
2743 3543 2980 3603 casibus
3014 3545 3108 3603 ni-

494 3653 834 3713 hilominus
881 3650 1155 3713 officium
1206 3650 1282 3712 sit
1329 3650 1788 3731 episcoporum,
1836 3665 2133 3730 tanquam
2170 3649 2232 3709 in
2267 3650 2382 3709 hac
2417 3664 2583 3729 parte
2617 3671 2649 3710 a
2683 3651 2827 3711 sede
2860 3665 3106 3731 aposto-

491 3759 606 3820 lica
639 3759 1081 3840 delegatorum,
1146 3758 1483 3840 providere,
1532 3773 1595 3817 ut
1630 3776 1738 3838 per
1770 3756 2170 3837 deputatione
2222 3757 2597 3817 idoneorum
2634 3756 3018 3831 vicariorum,
3055 3773 3111 3817 et

384 3889 437 3931 30
492 3886 805 3948 congruae
859 3866 1159 3948 portionis
1213 3865 1525 3926 fructuum
1590 3863 2069 3943 assignationem
2135 3883 2280 3925 cura
2343 3863 2694 3925 animarum
2757 3864 3111 3924 nullatenus

497 3974 859 4054 negligatur,
913 3974 1148 4034 nemini
1195 3974 1405 4054 quoad
1455 3973 1575 4034 hoc
1622 3972 1941 4053 privilegio
1987 3993 2097 4033 seu
2145 3974 2531 4055 exemptione
2579 3991 2950 4053 quacunque
2984 3971 3111 4032 suf-

494 4081 781 4160 fragante.
842 4080 899 4162 [1.
933 4100 981 4142 c.
1016 4101 1150 4163 pag.
1192 4079 1308 4161 36.]

494 4219 558 4274 C.
599 4219 687 4272 ΙΙΙ.
728 4222 984 4271 Excessus
1025 4221 1394 4272 saecularium
1433 4220 1754 4271 clericorum
1794 4223 1849 4270 ct
1885 4220 2227 4287 regularimu
2268 4220 2576 4286 degentium
2604 4223 2756 4270 extra
2787 4220 3113 4269 monasteria

1335 4302 1402 4350 ub
1440 4301 1725 4352 ordinario
1763 4301 1872 4350 loci
1905 4301 2275 4368 corrigantur.

386 4440 436 4482 35
710 4410 1120 4472 Ecclesiarum
1170 4412 1417 4491 praelati
1448 4411 1523 4471 ad
1561 4388 2003 4488 corrigendutn
2039 4409 2432 4471 subditorum
2468 4430 2750 4471 excessus
2784 4411 3117 4489 prudenter

493 4539 561 4579 ac
594 4519 923 4596 diligenter
956 4516 1300 4593 intendant,
1351 4532 1409 4577 et
1449 4536 1637 4579 nemo
1685 4517 2011 4578 saecularis
2045 4517 2303 4578 clericus
2335 4516 2599 4578 cuiusvis
2635 4515 2986 4597 personaIiS,
3021 4516 3112 4576 vel

495 4625 788 4703 regularis
835 4642 998 4686 extra
1046 4623 1490 4686 monasterium
1540 4625 1771 4706 degens
1822 4625 2002 4685 etiam
2053 4625 2148 4685 sui
2199 4624 2430 4686 ordinis
2477 4623 2773 4705 privilegii
2809 4638 3117 4704 praetextu

493 4747 661 4792 tutus
694 4747 1035 4811 censeatur,
1084 4752 1216 4812 quo
1249 4731 1476 4808 minus,
1527 4731 1578 4791 si
1613 4731 1961 4811 deliquerit,
1998 4734 2072 4792 ab
2107 4731 2420 4793 ordinario
2455 4731 2571 4791 loci
2606 4746 2904 4810 tanquam
2936 4749 3120 4810 super

494 4838 613 4900 hoc
659 4860 694 4899 a
745 4840 889 4900 sede
922 4839 1256 4921 apostolica
1290 4839 1570 4917 delegato
1603 4838 1948 4899 secundum
1985 4838 2315 4898 canonicas
2345 4838 2693 4898 sanctiones
2728 4836 2970 4912 visitari,
3004 4854 3120 4914 pu-

381 4976 437 5013 40
496 4945 611 5006 niri
644 4962 703 5006 et
736 4946 959 5025 corrigi
999 4947 1206 5006 valeat.
1262 4944 1317 5025 [1.
1352 4966 1402 5007 c.
1437 4965 1572 5027 pag.
1612 4944 1728 5025 39.]
