3684 5416
286 1512 333 1544 to

287 2049 334 2093 ι5

289 3116 338 3160 ²5

298 4190 351 4235 35

1014 341 1279 396 Potestas
1317 339 1696 396 ecclesiastica
1736 353 1791 395 et
1828 340 2132 412 imperium
2172 341 2347 398 civile.
2883 346 2972 400 161

381 540 892 607 contemptorem,
939 524 1335 587 ecclesiarum
1380 523 1660 587 videlicet
1705 539 1762 586 et
1807 524 2051 607 imperii
2097 527 2544 589 destructorem
2589 543 2772 608 atque
2807 529 2983 591 here-

378 632 645 693 ticorum
676 647 992 694 auctorem
1026 647 1085 692 et
1117 646 1620 708 consentaneum,
1653 631 2213 713 excommunicare,
2246 653 2359 695 nec
2393 654 2776 715 quemquam
2809 657 2844 698 a
2889 658 2985 698 sa-

380 754 696 800 cramento
747 737 1051 799 fidelitatis
1102 739 1235 799 eius
1283 739 1619 816 absolvere,
1665 757 1797 799 non
1844 740 2001 801 adeo
2049 740 2462 802 necessarium
2496 743 2679 804 nobis
2711 743 2983 818 videtur;

382 864 528 907 cum
561 845 749 906 huius
781 844 868 905 rei
900 859 1024 906 tam
1054 844 1249 905 multa
1283 865 1350 905 ac
1383 844 1717 906 certissima
1736 846 2113 908 documenta
2134 847 2196 908 in
2214 867 2526 909 sacrarum
2545 849 2988 932 scripturarum

383 951 622 1035 paginis
654 952 1050 1034 reperiantur.
1087 952 1308 1032 Neque
1332 952 1494 1014 enim
1518 952 1849 1033 credimus,
1872 973 1997 1030 εοε,
2029 954 2135 1035 qui
2158 954 2234 1015 ad
2256 956 2582 1016 cumulum
2603 975 2748 1018 suae
2771 957 2989 1038 damp-

382 1059 647 1121 nationis
677 1058 909 1121 veritati
941 1059 1332 1142 impudenter
1364 1059 1697 1121 detrahunt
1728 1075 1786 1120 et
1818 1061 2266 1140 contradicunt,
2303 1063 2453 1124 haec
2486 1063 2561 1124 ad
2595 1082 2744 1124 suae
2776 1062 2992 1124 defen-

380 1166 579 1227 sionis
642 1165 961 1227 audaciam
1024 1180 1151 1226 tam
1217 1165 1572 1246 ignorantia,
1636 1185 1825 1246 quarn
1878 1166 2134 1228 miserae
2186 1167 2623 1249 desperationis
2686 1168 2990 1248 vecordia,

382 1289 715 1355 coaptasse.
779 1273 910 1334 Nec
940 1272 1190 1334 mirum.
1256 1272 1396 1334 Mos
1427 1287 1516 1333 est
1546 1271 1711 1334 enim
1742 1275 2172 1354 reproborum,
2203 1276 2287 1336 ob
2319 1293 2464 1336 suae
2498 1275 2811 1357 nequitiae
2844 1293 2991 1356 pro-

382 1379 720 1441 tectionem
753 1379 884 1450 niti,
918 1378 1271 1441 consimiles
1299 1378 1415 1440 sibi
1447 1378 1806 1454 defendere;
1841 1381 1988 1461 quia
2020 1400 2133 1461 pro
2155 1380 2388 1444 nichilo
2407 1381 2652 1458 habent,
2685 1381 2992 1443 mendacii

383 1485 795 1568 perditionem
828 1486 1159 1547 incurrere.

604 1594 786 1663 Nam,
822 1609 889 1654 ut
920 1592 995 1653 de
1029 1592 1240 1654 multis
1272 1611 1465 1673 pauca
1498 1593 1797 1671 dicamus,
1842 1593 1952 1674 qui
1983 1592 2224 1674 ignorat
2255 1613 2472 1656 vocem
2507 1594 2748 1657 domini
2780 1614 2848 1656 ac
2879 1594 2998 1656 sal-

389 1701 614 1762 vatoris
664 1700 855 1762 nostri
887 1700 1030 1761 Jesu
1063 1700 1291 1762 Christi
1337 1700 1593 1762 dicentis
1638 1701 1700 1762 in
1748 1701 2101 1780 euangelio:
2159 1699 2287 1763 «Tu
2333 1724 2396 1764 es
2426 1703 2674 1777 Petrus,
2721 1709 2782 1765 et
2815 1712 3000 1784 super

386 1808 551 1868 hanc
580 1814 830 1889 petram
875 1807 1217 1880 aedificabo
1249 1807 1567 1869 ecclesiam
1601 1829 1816 1882 meam,
1861 1816 1922 1868 et
1940 1815 2159 1890 portae
2190 1812 2385 1888 inseri
2413 1830 2533 1871 non
2552 1810 3003 1892 praevalebunt

389 1916 684 1975 adversus
715 1934 844 1974 eam
861 1938 894 1988 ,·
924 1920 984 1974 et
1012 1913 1133 1975 tibi
1161 1914 1317 1975 dabo
1349 1913 1550 1975 claves
1582 1917 1766 1995 regni
1792 1913 2095 1976 coelorum
2106 1939 2139 1989 ,·
2183 1922 2243 1976 et
2276 1917 2672 1997 quodcunque
2703 1915 3003 1997 ligaveris

386 2029 577 2102 super
605 2028 859 2094 terram,
893 2023 1015 2081 erit
1041 2020 1302 2101 ligatum
1335 2027 1398 2082 et
1425 2023 1490 2081 in
1523 2020 1731 2094 coelis,
1763 2029 1824 2081 et
1854 2022 2251 2103 quodcunque
2267 2023 2526 2084 solveris
2545 2032 2728 2105 super
2747 2029 3003 2097 terram,

390 2130 517 2188 erit
544 2128 805 2188 solutum
839 2134 902 2188 et
929 2130 993 2188 in
1025 2127 1212 2189 coelis
1227 2127 1299 2188 Ρ»
1324 2126 1360 2205 ι)
1395 2128 1699 2207 Nunquid
1733 2145 1879 2189 sunt
1912 2129 2012 2190 hic
2045 2148 2218 2208 reges
2250 2129 2521 2210 excepti?
2557 2143 2663 2189 aut
2696 2148 2827 2191 non
2859 2142 3005 2191 sunt

391 2236 474 2295 de
518 2235 756 2312 ovibus,
807 2254 961 2314 quas
1008 2234 1170 2296 tilius
1216 2234 1316 2295 dei
1362 2236 1541 2297 beato
1575 2235 1754 2296 Petro
1800 2235 2150 2297 commisit?
2201 2235 2381 2313 Quis,
2412 2254 2588 2315 rog0,
2620 2235 2685 2296 in
2719 2236 2833 2297 hac
2864 2235 3005 2296 uni-

393 2341 610 2403 versali
645 2342 1043 2403 concessione
1073 2341 1305 2420 ligandi
1338 2358 1520 2423 atque
1553 2342 1831 2404 solvendi
1866 2363 1898 2403 a
1932 2357 2227 2424 potestate
2260 2343 2416 2404 Petri
2450 2364 2514 2404 se
2535 2342 2852 2404 exclusum
2874 2362 3006 2403 esse

393 2449 723 2528 existimat,
769 2448 882 2510 nisi
929 2448 1084 2511 forte
1115 2448 1324 2510 infelix
1357 2449 1477 2524 ille,
1524 2449 1649 2530 qui,
1695 2450 1919 2531 iugum
1952 2451 2190 2512 domini
2223 2466 2470 2533 portare
2503 2450 2741 2529 nolens,
2777 2447 3007 2511 diaboli

391 2575 464 2616 se
495 2555 718 2617 subicit
749 2556 941 2634 oneri,
994 2571 1053 2617 et
1084 2556 1147 2616 in
1196 2575 1461 2617 numero
1493 2558 1708 2617 ovium
1741 2557 1973 2619 Christi
2003 2577 2135 2618 esse
2167 2562 2444 2619 recusat?
2493 2556 2613 2619 Cui
2644 2572 2850 2618 tamen
2883 2557 3006 2617 hoc

393 2663 475 2724 ad
510 2661 796 2724 miseram
828 2662 1168 2725 libertatem
1202 2662 1459 2725 minime
1493 2662 1749 2745 proficit,
1782 2664 1956 2745 quod
1988 2678 2351 2746 potestatem
2373 2664 2548 2743 Petri,
2578 2663 2874 2726 divinitus
2893 2661 3010 2724 sibi

393 2788 780 2849 concessam,
831 2791 865 2831 a
914 2773 1176 2852 superba
1222 2771 1450 2832 cervice
1497 2771 1751 2846 excutit;
1806 2771 2126 2852 quoniam,
2172 2787 2407 2853 quanto
2440 2792 2574 2834 eam
2607 2772 2871 2853 quisque
2905 2789 3014 2852 per

396 2876 736 2939 elationem
769 2877 924 2938 ferre
945 2880 1225 2957 abnegat,
1245 2892 1415 2939 tanto
1436 2876 1652 2938 durius
1672 2879 1750 2939 ad
1771 2878 2241 2940 damnationem
2262 2898 2438 2940 suam
2458 2879 2523 2941 in
2545 2878 2773 2941 iudicio
2794 2892 3013 2960 portat.

619 2984 795 3045 Hanc
839 2984 1046 3065 itaque
1093 2984 1330 3046 divinae
1364 2984 1698 3046 voluntatis
1731 2985 2205 3064 institutionem,
2240 2987 2361 3047 hoc
2392 2986 2853 3048 firmamentum
2888 2985 3013 3046 dis-

397 3090 783 3172 pensationis
833 3091 1139 3169 ecclesiae,
1189 3091 1311 3152 hoc
1361 3090 1769 3172 privilegium,
1820 3093 1999 3152 beato
2043 3092 2221 3153 Petro
2272 3092 2697 3173 apostolorum
2749 3091 3005 3173 principi

399 3200 654 3263 coelesti
706 3201 953 3262 decreto
1006 3198 1419 3281 principaliter
1461 3200 1757 3260 traditum
1804 3215 1986 3279 atque
2035 3199 2370 3277 firmatum,
2412 3200 2608 3262 sancti
2641 3215 2838 3282 patres
2870 3218 3015 3261 curn

400 3328 633 3391 magna
680 3306 1074 3369 veneratione
1120 3306 1520 3387 suscipientes
1550 3321 1732 3386 atque
1765 3321 2098 3385 servantes,
2131 3322 2404 3367 sanctam
2437 3307 2791 3368 Romanam
2823 3306 3016 3367 eccle-

401 3416 562 3477 siam
593 3430 719 3475 tam
754 3413 819 3476 in
851 3413 1243 3494 generalibus
1276 3412 1550 3474 conciliis
1584 3432 1773 3492 quam
1806 3413 1990 3474 etiam
2021 3413 2088 3473 in
2120 3414 2334 3474 ceteris
2353 3413 2591 3494 scriptis
2612 3429 2669 3475 et
2687 3413 2871 3495 gestis
2892 3412 3018 3473 suis

403 3524 818 3586 universalem
865 3537 1122 3583 matrem
1169 3521 1650 3602 appellaverunt.
1711 3521 1790 3581 Et
1838 3520 1996 3581 sicut
2029 3520 2159 3582 eius
2191 3520 2563 3582 documenta
2596 3520 2658 3582 in
2690 3518 3019 3580 conflrma-

401 3632 579 3693 tione
626 3629 769 3691 fidei
809 3645 867 3689 et
899 3628 1240 3689 eruditione
1273 3647 1476 3688 sacrae
1507 3626 1836 3706 religionis,
1886 3627 1964 3687 ita
1997 3627 2175 3687 etiam
2212 3626 2433 3687 iudicia
2465 3640 2901 3706 susceperunt;
2954 3625 3020 3686 in

406 3741 534 3801 hoc
567 3736 1020 3798 consentientes
1052 3750 1111 3795 et
1144 3734 1318 3815 quasi
1351 3753 1482 3795 uno
1521 3732 1735 3814 spiritu
1783 3748 1844 3794 et
1890 3753 2011 3794 una
2058 3752 2211 3794 voce
2258 3733 2735 3794 concordantes:
2800 3750 3021 3792 omnes

406 3845 678 3908 maiores
722 3863 817 3904 res
863 3858 921 3904 et
970 3842 1294 3924 praecipua
1339 3840 1595 3920 negocia
1641 3859 1752 3902 nec
1785 3860 1915 3903 non
1946 3840 2232 3901 omnium
2265 3839 2659 3901 ecclesiarum
2690 3837 2911 3899 iudicia
2944 3839 3021 3899 ad

408 3973 551 4016 eam
585 3952 758 4034 quasi
791 3952 867 4013 ad
901 3966 1158 4012 matrem
1194 3965 1251 4011 et
1284 3964 1465 4031 caput
1496 3949 1718 4009 debere
1752 3948 1989 4024 referri3
2026 3950 2102 4008 ab
2136 3968 2206 4009 ea
2239 3966 2551 4027 nusquam
2584 3944 2892 4028 appellari,
2924 3945 3021 4005 iu-

410 4061 574 4123 dicia
605 4061 738 4121 eius
768 4081 802 4121 a
835 4058 1083 4121 nemine
1115 4056 1424 4119 retractari
1454 4071 1558 4117 aut
1590 4055 1782 4117 refelli
1813 4057 2036 4117 debere
2070 4055 2166 4116 vel
2196 4072 2394 4136 posse.
2435 4054 2619 4116 Unde
2652 4057 2864 4115 beatus
2897 4051 3024 4114 Ge-

409 4169 601 4231 lasius
634 4184 790 4249 papa
822 4164 1146 4227 Anastasio
1178 4162 1530 4245 imperatori
1563 4163 1854 4244 scribens,
1900 4162 2107 4224 divina
2142 4162 2332 4222 fultus
2363 4161 2736 4238 auctoritate,
2782 4160 2932 4241 quid
2965 4174 3026 4220 et

413 4276 683 4358 qualiter
713 4276 788 4335 de
823 4273 1161 4355 principatu
1194 4287 1432 4334 sanctae
1465 4286 1524 4331 et
1555 4271 1923 4353 apostolicae
1954 4271 2115 4332 sedis
2148 4270 2368 4332 sentire
2391 4270 2654 4347 deberet,
2687 4269 2808 4331 hoc
2829 4268 3023 4329 modo

415 4402 567 4446 eum
598 4382 968 4458 instruxit:²)
1024 4380 1204 4441 «Etsi
1244 4378 1447 4458 inquit
1486 4380 1726 4439 cunctis
1758 4378 2142 4458 generaliter
2171 4376 2592 4438 sacerdotibus
2625 4384 2785 4438 recte
2816 4376 3027 4437 divina

417 4488 831 4552 tractantibus
841 4487 1140 4568 fidelium
1174 4488 1453 4547 convenit
1480 4484 1641 4546 colla
1672 4485 1973 4558 submitti,
1993 4492 2218 4566 quanto
2224 4487 2440 4566 potius
2460 4485 2627 4547 sedis
2647 4484 2822 4545 illius
2827 4491 3027 4564 prae·-

417 4597 551 4659 suli
578 4615 906 4657 consensus
938 4600 1031 4655 est
1058 4592 1465 4667 adhibendus,
1498 4613 1669 4673 quem
1701 4594 1941 4653 cunctis
1958 4591 2381 4653 sacerdotibus
2402 4598 2463 4653 et
2479 4592 2778 4653 divinitas
2796 4609 3032 4652 summa

650 4843 689 4906 ¹)
728 4840 904 4894 Math.
934 4839 1082 4896 XVI.
1120 4838 1196 4903 18,
1234 4856 1311 4910 19.

641 4935 691 4997 ²)
730 4929 900 4986 Conf.
927 4947 1083 4984 num.
1113 4948 1196 5001 30.

589 5037 879 5084 Galante:
911 5037 1079 5081 Fontes
1104 5035 1188 5091 jur.
1216 5048 1313 5081 can.
1589 5050 1594 5054 ·
2690 5029 2743 5068 11
