3684 5416
532 1514 579 1546 10

533 2054 576 2097 ¹5

525 2586 578 2617 20

524 3121 573 3165 25

522 3657 574 3702 30

637 336 738 409 308
1262 338 1528 393 Potestas
1568 336 1949 393 ecclesiastica
1988 349 2043 391 et
2079 334 2384 408 imperium
2424 337 2599 392 civile.

632 543 800 584 sarea
833 522 1177 584 conveniet.
1244 522 1498 584 Reditus
1531 522 1707 584 fundi
1743 522 2106 600 Religionis,
2141 523 2342 584 donec
2374 522 2608 585 collatis
2641 523 2799 585 inter
2819 525 3242 606 Apostolicam

634 631 860 692 Sedem
906 646 966 690 et
999 629 1394 692 Gubernium
1428 630 1747 710 Imperiale
1781 629 2076 705 consiliis,
2126 629 2360 691 fundus
2400 631 2529 711 ipse
2563 631 2873 693 dividatur
2906 632 2970 693 in
3000 632 3246 693 stabiles

633 753 691 798 et
737 736 1170 798 ecclesiasticas
1216 736 1585 816 dotationes,
1633 753 1815 797 erunt
1865 737 2163 816 erogandi
2213 737 2276 798 in
2322 737 2606 801 divinum
2643 739 2900 811 cultum,
2936 739 3000 799 in
3034 738 3243 799 Eccle-

631 846 865 906 siarum
910 842 1182 905 aedificia
1217 858 1276 904 et
1307 842 1370 904 in
1405 842 1742 905 Seminaria
1774 858 1834 904 et
1866 843 1930 904 in
1964 863 2033 904 ea
2068 843 2299 922 omnia,
2349 863 2508 924 quae
2542 844 3017 906 ecclesiasticum
3053 844 3242 925 respi-

632 952 803 1012 ciunt
849 950 1281 1011 ministerium.
1344 951 1442 1011 Ad
1476 950 1841 1031 supplenda,
1890 968 2049 1030 quae
2082 950 2329 1028 desunt,
2365 950 2646 1028 Maiestas
2677 950 2803 1012 Sua
2836 952 3080 1024 eodem,
3114 971 3244 1032 quo

631 1060 979 1137 hucusque,
1029 1058 1220 1118 modo
1259 1056 1668 1137 imposterum
1701 1076 1959 1137 quoque
1991 1057 2254 1135 gratiose
2287 1074 2629 1131 succurret;
2686 1058 2883 1119 immo
2915 1059 2964 1118 si
2998 1074 3240 1137 tempo-

631 1185 774 1227 rum
807 1164 960 1226 ratio
996 1162 1318 1245 permittat,
1363 1179 1422 1224 et
1459 1163 1758 1245 ampliora
1791 1164 2368 1226 subministraturus
2401 1180 2491 1225 est
2523 1164 2815 1226 subsidia.
2884 1165 3016 1226 Pari
3052 1165 3243 1225 modo

632 1273 862 1334 reditus
912 1271 1090 1332 fundi
1128 1269 1480 1331 studiorum
1513 1270 1697 1331 unice
1732 1270 2172 1351 impendentur
2207 1271 2268 1330 in
2302 1270 2663 1332 catholicam
2699 1271 3153 1333 institutionem
3186 1288 3244 1331 et

635 1378 798 1457 iuxta
831 1377 997 1459 piam
1033 1378 1437 1441 fundatorum
1468 1393 1762 1439 mentem.

847 1491 976 1546 Art.
1011 1485 1253 1546 XXXII.
1295 1484 1554 1546 Fructus
1587 1484 2035 1547 beneficiorum
2069 1485 2440 1562 vacantium,
2477 1486 2542 1546 in
2576 1500 2884 1565 quantum
2918 1484 3245 1564 hucusque

634 1607 1008 1654 consuetum
1056 1592 1187 1667 fuit,
1237 1590 1583 1652 inferentur
1630 1592 1828 1653 fundo
1864 1592 2221 1672 Religionis,
2253 1592 2434 1672 eique
2472 1591 2757 1668 Maiestas
2792 1591 2916 1653 Sua
2947 1592 3244 1653 Caesarea

634 1700 888 1781 proprio
934 1715 1110 1760 motu
1162 1699 1429 1778 assignat
1474 1718 1731 1779 quoque
1768 1699 2255 1781 Episcopatuum
2302 1717 2361 1762 et
2394 1700 2799 1761 Abbatiarum
2836 1697 3244 1759 saecularium

634 1827 742 1889 per
773 1806 1159 1885 Hungariam
1192 1821 1252 1867 et
1282 1805 1550 1867 ditiones
1584 1806 1905 1886 quondam
1937 1826 2203 1867 annexas
2224 1808 2574 1869 vacantium
2608 1806 2859 1882 reditus,
2883 1826 3044 1885 quos
3066 1802 3241 1880 Eius-

634 1914 779 1975 dem
830 1914 895 1974 in
929 1913 1286 1991 Hungariae
1337 1932 1532 1993 regno
1564 1914 2070 1975 Praedecessores
2121 1934 2230 1994 per
2279 1915 2533 1993 longam
2585 1913 2977 1975 saeculorum
3023 1912 3242 1972 seriem

633 2018 961 2100 tranquille
1010 2019 1439 2100 possederunt.
1505 2020 1573 2080 In
1618 2020 1736 2081 illis
1781 2019 2024 2100 Imperii
2074 2018 2421 2099 provinciis,
2473 2019 2580 2080 ubi
2632 2020 2865 2081 fundus
2899 2017 3244 2097 Religionis

632 2128 798 2189 haud
846 2142 1022 2203 extat,
1072 2145 1185 2206 pro
1233 2127 1449 2206 quavis
1497 2125 1778 2187 Dioecesi
1823 2126 2221 2188 instituentur
2266 2126 2744 2188 commissiones
2791 2125 3033 2201 mixtae,
3080 2145 3240 2205 quae

634 2233 795 2310 iuxta
829 2234 1094 2294 formam
1127 2250 1185 2295 et
1216 2234 1515 2312 regulam,
1551 2235 1626 2295 de
1661 2234 1890 2312 quibus
1924 2233 2379 2296 SanctitasSua
2413 2254 2557 2295 cum
2591 2236 2889 2297 Caesarea
2926 2232 3239 2311 Maiestate

632 2341 978 2418 conveniet,
1026 2357 1150 2401 tam
1198 2358 1447 2400 mensae
1492 2338 1858 2419 episcopalis
1904 2358 2094 2418 quam
2142 2339 2591 2402 beneficiorum
2623 2341 2913 2402 omnium
2946 2342 3110 2401 bona
3143 2361 3241 2400 va-

632 2448 891 2509 cationis
923 2462 1203 2526 tempore
1235 2444 1765 2507 administrabunt.

847 2561 975 2616 Art.
1010 2552 1274 2614 XXXIII.
1349 2553 1517 2614 Cum
1569 2553 1828 2613 durante
1883 2553 2346 2634 praeteritarum
2400 2554 2898 2615 vicissitudinum
2961 2572 3239 2636 tempore

634 2662 941 2744 plerisque
993 2660 1057 2723 in
1104 2659 1255 2722 locis
1289 2658 1640 2721 Austriacae
1689 2659 1938 2721 ditionis
1983 2660 2419 2722 ecclesiasticae
2466 2660 2737 2722 decimae
2785 2660 2944 2723 civili
2994 2660 3126 2741 lege
3165 2661 3241 2738 de

634 2769 842 2830 medio
872 2767 1144 2829 sublatae
1177 2767 1425 2844 fuerint,
1460 2784 1517 2828 et
1549 2767 1791 2828 attentis
1825 2767 2238 2848 peculiaribus
2271 2768 2741 2829 circumstantiis
2776 2768 2905 2830 fieri
2941 2787 3072 2830 non
3096 2787 3239 2849 pos-

633 2877 726 2954 sit,
763 2891 829 2935 ut
862 2875 1201 2936 earundem
1236 2874 1562 2955 praestatio
1595 2874 1658 2935 in
1690 2889 1821 2935 toto
1841 2874 2110 2955 Imperio
2142 2875 2512 2953 restituatur,
2550 2876 2766 2937 istante
2788 2874 3100 2953 Maiestate
3119 2876 3241 2936 Sua

633 2998 691 3042 et
754 2982 982 3043 intuitu
1031 2980 1480 3060 tranquillitatis
1532 2980 1840 3061 publicae,
1903 3000 2063 3061 quae
2116 2981 2456 3061 Religionis
2506 2983 2599 3043 vel
2652 2984 2916 3044 maxime
2968 2984 3237 3058 interest,

633 3089 930 3150 Sanctitas
980 3088 1103 3149 Sua
1153 3087 1445 3167 permittit
1490 3107 1558 3147 ac
1603 3088 1827 3165 statuit,
1882 3103 1950 3149 ut
1995 3088 2166 3149 salvo
2213 3087 2343 3164 iure
2391 3089 2670 3168 exigendi
2706 3090 2990 3167 decimas,
3025 3090 3130 3151 ubi
3164 3091 3239 3150 de

632 3195 790 3257 facto
837 3194 1052 3270 existit,
1100 3192 1232 3254 aliis
1279 3194 1343 3253 in
1389 3193 1539 3255 locis
1586 3194 1944 3256 earumdem
1987 3196 2369 3256 decimarum
2400 3196 2542 3257 loco
2576 3216 2685 3257 seu
2720 3195 3240 3277 compensationis

628 3301 808 3363 titulo
855 3304 930 3362 ab
964 3300 1262 3382 imperiali
1298 3301 1621 3364 Gubernio
1654 3304 2046 3382 assignentur
2077 3304 2252 3364 dotes
2284 3322 2394 3365 seu
2430 3304 2494 3364 in
2528 3303 2713 3365 bonis
2747 3303 3085 3384 fundisque
3119 3320 3238 3363 sta-

633 3408 875 3487 bilibus,
923 3428 1032 3469 seu
1080 3426 1266 3489 super
1299 3408 1543 3490 Imperii
1589 3409 1799 3470 debito
1848 3410 2136 3471 fundatae
2183 3410 2383 3490 iisque
2430 3410 2722 3472 omnibus
2755 3426 2813 3471 et
2844 3410 3103 3491 singulis
3136 3411 3238 3470 tri-

629 3518 916 3593 buantur,
954 3515 1062 3596 qui
1095 3512 1228 3591 jure
1262 3515 1543 3597 exigendi
1576 3518 1848 3578 decimas
1882 3519 2303 3598 potiebantur:
2347 3517 2620 3597 itemque
2655 3516 2941 3594 Maiestas
2974 3518 3098 3579 Sua
3131 3519 3237 3577 de-

629 3623 829 3701 clarat,
874 3624 1047 3684 dotes
1098 3622 1258 3703 ipsas
1311 3624 1623 3685 habendas
1670 3625 1933 3686 omnino
1979 3645 2129 3702 esse,
2180 3639 2364 3704 prout
2410 3625 2746 3703 assignatae
2781 3624 3030 3702 fuerint,
3064 3625 3238 3685 titulo

629 3751 901 3793 oneroso
934 3746 992 3791 et
1025 3730 1249 3790 eodem
1281 3749 1352 3792 ac
1381 3732 1675 3808 decimae,
1724 3733 1954 3813 quibus
1987 3733 2347 3809 succedunt,
2400 3730 2529 3809 iure
2564 3731 2988 3812 percipiendas
3021 3748 3236 3793 tenen-

627 3840 861 3919 dasque
893 3857 1044 3898 esse.

843 3951 972 4006 Art.
1021 3943 1299 4005 XXXIV.
1379 3945 1596 4007 Cetera
1655 3947 1733 4006 ad
1780 3965 2075 4026 personas
2124 3963 2181 4007 et
2228 3965 2323 4006 res
2371 3945 2806 4006 ecclesiasticas
2851 3945 3236 4025 pertinentia,

627 4072 902 4133 quorum
934 4052 1105 4113 nulla
1137 4052 1202 4113 in
1236 4052 1330 4113 his
1363 4053 1630 4114 articulis
1664 4054 1900 4115 mentio
1934 4053 2086 4115 facta
2121 4070 2229 4134 est,
2264 4054 2605 4135 dirigentur
2637 4053 2848 4115 omnia
2882 4069 2941 4113 et
2973 4053 3237 4114 admini-

551 4192 568 4222 ς
625 4163 982 4222 strabuntur
1015 4158 1178 4236 iuxta
1212 4158 1515 4220 Ecclesiae
1548 4160 1895 4222 doctrinam
1928 4178 1985 4222 et
2018 4161 2149 4237 eius
2182 4163 2495 4242 vigentem
2529 4160 2918 4242 disciplinam
2952 4182 2984 4220 a
3019 4160 3236 4221 Sancta

627 4267 786 4329 Sede
819 4268 1241 4347 adprobatam.

841 4381 965 4436 Art.
1002 4374 1251 4439 XXXV.
1317 4378 1431 4438 Per
1474 4377 1818 4438 solemnem
1858 4377 2018 4438 hanc
2050 4377 2551 4439 Conventionem
2586 4376 2770 4456 legeS,
2816 4377 3237 4438 ordinationes

627 4499 685 4545 et
731 4484 971 4544 decreta
1021 4484 1246 4564 quovis
1292 4485 1487 4546 modo
1519 4499 1578 4545 et
1611 4483 1809 4545 forma
1841 4484 1907 4545 in
1940 4484 2205 4565 Imperio
2240 4486 2572 4546 Austriaco
2607 4500 2665 4545 et
2697 4484 2975 4563 singulis,
3009 4485 3239 4564 quibus

626 4590 1022 4653 constituitur
1054 4591 1414 4669 ditionibus,
1449 4592 1744 4652 hactenus
1776 4591 1912 4669 lata,
1947 4591 2011 4652 in
2044 4606 2351 4671 quantum
2384 4591 2469 4652 illi
2504 4592 2925 4670 adversantur,
2947 4593 3234 4672 abrogata

554 4727 568 4751 ι
628 4700 1039 4774 habebuntur,
1074 4698 1328 4779 ipsaque
1363 4698 1718 4761 Conventio
1755 4715 1820 4759 ut
1852 4698 1947 4759 lex
1983 4697 2187 4759 Status
2219 4699 2507 4780 deinceps
2546 4699 2781 4760 eisdem
2816 4698 2878 4759 in
2898 4698 3237 4759 ditionibus

626 4822 927 4887 perpetuo
972 4806 1216 4885 vigebit.
1284 4812 1487 4887 Atque
1534 4806 1761 4868 idcirco
1808 4821 2070 4886 utraque
2118 4806 2616 4868 contrahentium
2664 4825 2801 4886 pars
2846 4806 3132 4885 spondet,
3167 4825 3232 4865 se

624 4933 1132 4993 successoresque
1183 4934 1331 4975 suos
1383 4913 1592 4976 omnia
1643 4929 1700 4974 et
1751 4913 2011 4992 singula,
2062 4913 2136 4972 de
2190 4913 2415 4993 quibus
2463 4928 2843 4974 conventum
2876 4928 2983 4986 est,
3030 4928 3234 4972 sancte
