3684 5416
293 1526 343 1556 ⁸0

290 2062 337 2107 ι5

284 3082 336 3125 25

279 3972 335 4017 35

1468 364 1640 418 Curia
1679 383 1938 420 romana.
2912 390 3006 455 53¹

396 559 716 634 cOS,0tunc
765 544 828 605 in
880 560 1148 625 utroque
1202 546 1366 606 Foro
1417 547 1753 624 absolvere,
1805 564 1861 608 et
1911 549 2147 609 absolvi
2196 550 2473 612 mandari
2519 553 2730 632 possit,
2762 558 3013 635 quando

396 651 596 731 agitur
628 653 704 712 de
737 652 1010 713 censuris
1044 653 1302 734 publicis
1337 653 1470 714 latis
1502 676 1535 714 a
1566 652 1698 730 jure
1720 656 2076 735 praesertim
2099 656 2240 718 Sedi
2264 659 2656 738 Apostolicae
2678 662 3014 739 reservatis,

396 758 576 819 etiam
626 758 996 820 nominatim
1043 761 1379 840 declaratis,
1429 761 1525 822 vel
1570 762 1619 822 si
1666 780 1880 841 agatur
1926 763 2002 825 de
2049 765 2181 825 latis
2228 765 2596 828 nominatim
2632 771 2707 829 ab
2741 770 3014 847 homine,

396 880 546 927 tunc
594 868 851 946 quando
887 867 1179 947 Delegati,
1229 868 1323 928 vel
1369 869 1617 930 alterius
1653 870 1904 948 Judicis,
1951 891 1984 931 a
2017 892 2148 952 quo
2178 873 2330 934 latae
2365 874 2636 950 fuerunt,
2669 877 3013 939 Jurisdictio

396 973 772 1052 expiraverit,
822 993 931 1035 seu
965 974 1220 1054 quando
1254 976 1560 1036 absolutio
1595 996 1703 1058 per
1735 979 1989 1040 eosdem
2019 979 2282 1058 Judices,
2331 996 2436 1042 aut
2466 967 2637 1060 alios,
2669 985 2743 1045 ad
2779 985 3012 1046 Roma-

402 1101 555 1142 num
605 1081 989 1161 Pontificem,
1042 1098 1101 1144 et
1150 1084 1224 1144 ad
1276 1083 1501 1144 dictam
1548 1084 1608 1145 S.
1642 1084 1869 1146 Sedem
1915 1087 2165 1148 remissa
2215 1088 2425 1149 fuerit:
2474 1110 2582 1151 seu
2631 1094 2883 1171 quando
2928 1093 3013 1153 sic

396 1190 676 1251 Censura
719 1189 885 1269 ligati
933 1190 1201 1270 legitime
1254 1190 1699 1272 impediuntur,
1734 1212 1863 1273 quo
1895 1194 2102 1256 minus
2134 1196 2542 1276 praesentiam
2575 1198 2883 1278 Judicum,
2915 1200 3011 1261 vel

396 1296 666 1373 illorum,
712 1296 819 1376 qui
865 1316 971 1357 eos
1017 1297 1102 1358 sic
1146 1297 1434 1378 ligarunt,
1484 1315 1589 1360 aut
1641 1299 1853 1379 alium,
1888 1321 1998 1361 seu
2032 1302 2200 1380 alios,
2234 1321 2394 1383 quos
2427 1304 2503 1363 de
2536 1302 2666 1381 jure
2699 1305 3009 1385 deberent,

395 1402 558 1463 adire
592 1403 845 1483 possint.
1296 1405 1303 1410 ’

610 1519 638 1579 S
676 1531 733 1576 7.
782 1511 865 1571 lta
914 1527 1140 1590 tamen,
1188 1528 1256 1573 ut
1303 1515 1377 1573 ab
1412 1511 1726 1590 ejusmodi
1759 1514 2059 1576 Censuris
2090 1518 2166 1576 ab
2200 1518 2456 1578 homine
2489 1518 2639 1586 latis,
2675 1519 2770 1579 vel
2804 1520 3009 1581 decla-

397 1617 538 1678 ratis
571 1618 633 1678 in
668 1633 936 1698 utroque
971 1618 1159 1694 Foro,
1199 1635 1265 1679 ut
1298 1620 1653 1699 praefertur,
1686 1621 1974 1700 absoluti,
1996 1622 2090 1681 vel
2112 1624 2219 1702 qui
2242 1623 2603 1686 absolvendi
2624 1626 3012 1687 remittentur

395 1724 589 1784 Judici
640 1742 849 1785 coram
897 1744 1026 1805 quo
1075 1726 1499 1786 Censurarum
1547 1745 1731 1787 causa
1780 1729 2026 1808 pendet,
2062 1728 2126 1790 in
2158 1730 2285 1790 suis
2318 1732 2610 1810 congruis
2643 1733 2881 1794 casibus
2916 1754 3010 1794 re-

395 1831 660 1911 spective
695 1829 963 1908 judicato
997 1833 1328 1913 paruerint,
1361 1848 1420 1894 et
1442 1834 1597 1894 Parti
1630 1834 2049 1913 satisfecerint,
2068 1837 2164 1897 vel
2184 1839 2649 1919 quamprimum
2673 1840 3007 1920 potuerint,

396 1953 666 2017 pareant,
701 1955 759 1998 et
790 1938 1176 2016 satisfaciant,
1209 1940 1484 2021 alioquin
1535 1942 1594 2002 in
1631 1943 1879 2003 easdem
1913 1943 2223 2004 Censuras
2269 1945 2622 2007 reincidant.
2686 1947 3010 2009 Renuente

396 2063 539 2104 vero
573 2044 753 2105 altera
789 2045 961 2106 Parte
994 2046 1469 2109 satisfactionem
1491 2070 1523 2109 a
1554 2048 1685 2109 Reo
1718 2050 2007 2129 oblatam,
2040 2066 2098 2111 et
2131 2051 2193 2111 in
2227 2052 2558 2132 sententiiS,
2594 2073 2703 2113 seu
2739 2054 3010 2115 Decretis

394 2251 696 2306 Daemone
736 2251 940 2308 initum
984 2271 1251 2326 expresse
1293 2256 1678 2326 revocaverit3
1720 2257 1926 2312 tradita
1955 2257 2140 2313 eidem
2169 2258 2506 2313 Absolventi
2533 2260 2860 2332 syngrapha
2890 2259 3007 2314 for-

395 2359 498 2396 san
526 2355 771 2406 exarata,
815 2342 1049 2415 aliisque
1080 2344 1282 2399 mediis
1311 2345 1723 2417 superstitiosis
1750 2348 1823 2401 ad
1853 2347 2044 2403 omnia
2075 2349 2470 2404 comburenda
2500 2367 2599 2403 seu
2630 2350 3008 2416 destruenda;

394 2428 641 2502 injuncta
685 2448 790 2502 pro
834 2434 1015 2486 modo
1060 2449 1401 2498 excessuum
1447 2433 1605 2504 gravi
1632 2435 1995 2490 Poenitentia
2039 2435 2429 2491 salutaticum
2457 2435 2773 2508 frequentia
2800 2437 3007 2493 Sacra-

395 2532 744 2585 mentorum‚
788 2534 843 2575 et
885 2521 1239 2593 obligatione
1280 2540 1342 2577 se
1383 2526 1732 2580 retractandi
1780 2527 1936 2598 apud
1964 2543 2258 2598 personaS,
2285 2544 2479 2582 coram
2508 2528 2714 2598 quibus
2742 2528 3005 2582 haereses

395 2608 794 2680 manifestavit,
821 2623 877 2664 et
905 2611 1207 2682 reparandi
1233 2611 1383 2668 illata
1411 2614 1696 2670 scandala.

607 2700 699 2755 IV.
753 2701 1109 2758 Absolvendi
1149 2721 1180 2757 a
1226 2703 1499 2759 Censuris
1541 2703 1788 2761 incursis
1817 2707 1894 2761 ob
1924 2705 2292 2762 violationem
2319 2707 2612 2763 clausurae
2640 2708 3004 2780 Regularium

397 2790 690 2863 utriusque
718 2809 905 2860 sexuS,
932 2794 1257 2849 dummodo
1285 2810 1407 2848 non
1429 2793 1598 2849 fuerit
1625 2796 1936 2851 commissa
1964 2814 2098 2851 cum
2123 2795 2442 2852 intentione
2468 2799 2540 2852 ad
2568 2798 2783 2852 malum
2810 2796 3005 2869 finem,

397 2880 567 2934 etiam
612 2880 822 2936 effectu
864 2898 982 2935 non
1026 2895 1248 2946 secuto,
1291 2900 1397 2938 nec
1438 2901 1605 2939 casus
1649 2883 1860 2939 fuerint
1900 2885 1973 2939 ad
2013 2885 2226 2939 Forum
2269 2885 2557 2941 Ordinarii
2596 2887 2844 2951 deducti,
2872 2906 3005 2943 curn

397 2986 655 3041 congrua
683 2971 1042 3027 Poenitentia
1084 2972 1330 3027 salutari.
1385 2976 1456 3029 Et
1496 2974 1729 3046 insuper
1764 2975 2102 3031 absolvendi
2129 2975 2395 3031 Mulieres
2423 2989 2646 3031 tantum
2675 2996 2705 3032 a
2735 2979 3005 3033 Censuris

395 3073 451 3114 et
478 3060 677 3131 poenis
707 3060 1115 3116 Ecclesiasticis
1144 3062 1222 3116 ob
1250 3061 1623 3118 violationem
1668 3064 1741 3118 ad
1770 3064 1987 3119 malum
2013 3063 2189 3119 finem
2217 3065 2529 3119 Clausurae
2555 3064 2829 3121 Virorum
2857 3067 3005 3121 Reli-

398 3150 698 3223 giosorum
742 3151 998 3215 incursiS‚
1048 3152 1371 3208 dummodo
1421 3165 1616 3209 tamen
1662 3153 1846 3209 Casus
1888 3154 2101 3210 occulti
2139 3166 2501 3208 remaneant:
2560 3153 2808 3226 injuncta
2851 3154 3007 3224 gravi

394 3239 754 3296 Poenitentia
798 3240 1045 3304 salutari,
1088 3258 1221 3295 cum
1265 3240 1653 3312 prohibitione
1696 3242 2007 3298 accedendi
2049 3244 2121 3297 ad
2151 3241 2470 3297 Ecclesiam
2509 3255 2608 3299 aut
2635 3244 3007 3300 Conventum

393 3347 495 3386 seu
522 3330 890 3386 coenobium
922 3332 1209 3386 dictorum
1237 3331 1677 3402 Religiosorum‚
1705 3333 1945 3387 durante
1974 3333 2283 3388 occasione
2310 3333 2603 3405 peccandi.

604 3421 669 3472 V.
714 3420 1067 3476 Absolvendi
1096 3438 1127 3474 a
1157 3420 1427 3475 Censuris
1457 3422 1533 3475 ob
1563 3421 1966 3492 retentionem,
1995 3434 2051 3476 et
2067 3422 2387 3477 lectionem
2414 3423 2720 3478 Librorum
2749 3422 3006 3495 prohibi-

400 3521 593 3565 torum
631 3509 887 3574 incursi8‚
928 3509 1180 3579 injuncta
1223 3526 1480 3580 congrua
1523 3508 1880 3579 poenitentia
1909 3509 2157 3577 salutari,
2184 3528 2289 3564 nec
2317 3529 2434 3566 non
2463 3511 2622 3565 firma
2653 3510 3007 3580 obligatione

394 3600 653 3655 tradendi
695 3613 860 3671 prout
903 3601 973 3654 de
1013 3598 1153 3671 jure,
1194 3599 1310 3654 sive
1339 3617 1441 3671 per
1466 3616 1544 3662 se,
1573 3598 1689 3653 sive
1718 3616 1820 3669 per
1848 3598 2018 3653 alium
2046 3600 2264 3671 absque
2293 3600 2402 3654 ulla
2431 3617 2613 3669 mora,
2641 3612 2697 3655 et
2725 3612 3006 3671 quantum

394 3689 514 3745 fieri
540 3690 750 3763 poterit
778 3704 909 3747 ante
937 3690 1388 3754 absolutionem,
1415 3689 1592 3745 libros
1623 3689 1966 3760 prohibitOS‚
2002 3707 2153 3761 quos
2181 3690 2481 3761 poenitens
2509 3691 2563 3745 in
2592 3708 2692 3745 sua
2719 3702 3007 3761 potestate

392 3778 648 3832 retineat.

606 3868 697 3922 VI.
738 3866 1094 3923 Absolvendi
1136 3885 1167 3921 a
1210 3884 1345 3922 casu
1390 3866 1528 3922 Sedi
1567 3866 1938 3937 Apostolicae
1979 3879 2272 3922 reservato
2315 3869 2392 3922 ob
2434 3881 2668 3938 accepta
2709 3884 2946 3921 munera
2976 3886 3008 3921 a

394 3956 767 4027 Regularibus
809 3956 1105 4028 utriusque
1147 3973 1348 4025 sexus;
1388 3954 1638 4028 injuncta
1680 3955 2036 4026 poenitentia
2078 3954 2323 4018 salutari,
2365 3968 2420 4010 et
2462 3957 2696 4027 quando
2726 3954 2911 4025 agitur
2938 3956 3007 4008 de

395 4047 725 4102 muneribus
769 4064 916 4118 quae
959 4046 1209 4102 valorem
1237 4048 1439 4101 decem
1467 4058 1769 4101 scutorum
1798 4064 1917 4101 non
1945 4048 2247 4109 excedunt,
2275 4045 2462 4117 aliqua
2491 4046 2861 4116 eleemosyna
2888 4045 3007 4097 Ab·

395 4135 667 4191 solventis
708 4135 917 4207 judicio
961 4138 1207 4191 taxanda
1253 4148 1308 4191 et
1351 4149 1516 4190 caute
1545 4137 1860 4205 eroganda,
1888 4153 2019 4190 cum
2046 4135 2295 4206 primum
2323 4133 2551 4206 poterit,
2577 4134 2634 4188 in
2660 4132 3008 4188 beneficium

394 4224 719 4296 Religionis,
759 4225 850 4281 cui
891 4224 1150 4280 facienda
1192 4238 1343 4281 esset
1382 4225 1698 4295 restitutio;
1740 4227 2065 4281 dummodo
2095 4240 2290 4280 tamen
2317 4242 2438 4281 non
2466 4237 2712 4294 constet,
2732 4226 2892 4296 quod
2918 4224 3008 4279 illa

394 4315 603 4370 fuerint
644 4317 715 4370 de
756 4316 925 4372 bonis
967 4315 1209 4387 propriis
1256 4315 1594 4388 Religionis3
1649 4329 1933 4388 quatenus
1973 4334 2107 4372 vero
2146 4329 2381 4387 accepta
2422 4334 2658 4371 munera
2686 4316 2773 4370 vel
2803 4315 3011 4370 fuerint

395 4407 540 4461 ultra
582 4407 837 4462 valorem
878 4421 1172 4463 scutorum
1216 4408 1437 4476 decem,
1477 4407 1566 4462 vel
1608 4420 1836 4463 constet
1879 4407 2049 4461 fuisse
2093 4407 2163 4461 de
2204 4405 2370 4461 bonis
2412 4405 2656 4477 propriis
2682 4405 3009 4477 ReligioniS‚

396 4494 542 4550 facta
569 4496 723 4567 prius
752 4495 1130 4566 restitutione,
1159 4514 1333 4568 quam
1362 4495 1408 4551 si
1436 4498 1506 4552 de
1536 4495 1820 4568 praesenti
1850 4495 2152 4567 poenitens
2179 4495 2492 4567 adimplere
2514 4508 2782 4568 nequeat,
2803 4496 3007 4551 emissa

395 4585 538 4640 seria
580 4586 964 4656 promissione
1007 4585 1342 4640 restituendi
1369 4586 1513 4640 intra
1544 4586 1853 4642 terminum
1881 4585 2248 4641 Absolventis
2277 4585 2508 4640 arbitrio
2537 4584 3010 4656 praefiniendum,

395 4674 529 4729 alias
555 4677 662 4730 sub
689 4675 1073 4731 reincidentia.

607 4763 721 4819 VII.
774 4765 1127 4821 Absolvendi
1169 4783 1201 4819 a
1243 4764 1530 4827 CensuriS,
1561 4775 1617 4818 et
1647 4764 1857 4820 Poenis
1885 4762 2292 4818 Ecclesiasticis
2319 4781 2440 4833 eOS,
2468 4764 2565 4835 qui
2592 4763 2777 4821 Sectis
2804 4761 3009 4824 vetitis,

393 4854 730 4910 Massonicis
772 4868 872 4910 aut
913 4855 1299 4926 Carbonariis,
1339 4854 1575 4926 aliisque
1613 4854 1889 4909 similibus
1917 4870 2134 4910 nomen
2162 4855 2461 4918 dederunt,
2489 4867 2586 4909 aut
2614 4855 3008 4927 qualemcum—

393 4963 506 5016 que
547 4944 809 5001 favorem
849 4946 1268 5017 praestiterunt,
1309 4946 1382 5002 ita
1424 4958 1620 5000 tamen
1661 4959 1722 5001 ut
1763 4964 1794 5000 a
1836 4945 2150 5018 respectiva
2190 4960 2348 5001 secta
2376 4945 2614 5001 omnino
2639 4962 2700 5000 se
2727 4959 3011 5016 separent,

2590 5035 2688 5108 34·
