3684 5416
525 1522 574 1554 10

527 2054 572 2098 ι5

523 2587 576 2620 20

524 3122 575 3166 ²5

524 3657 578 3702 30

526 4189 578 4234 35

622 339 726 422 (256
1497 338 1744 395 Ordines
1784 352 1841 394 et
1881 339 2381 410 congregationes.

622 536 941 603 tamquam
992 522 1248 584 familias
1295 523 1569 603 ediderit,
1620 544 1799 605 quae,
1846 543 2018 586 sacro
2066 533 2337 586 votorum
2372 527 2748 609 simplicium
2780 545 3067 609 suscepto
3101 530 3238 589 vin-

623 630 785 707 cu10,
831 650 963 691 sese
1012 629 1187 691 variis
1233 630 1548 711 religionis
1594 646 1652 692 et
1698 630 2153 694 misericordiae
2187 632 2477 714 operibus
2509 649 2715 695 sancte
2751 635 3051 696 devovere
3084 654 3240 695 con·

622 737 902 797 tendunt.
967 735 1147 811 Quae
1179 737 1437 817 quidem
1470 738 1820 820 pleraeque,
1869 754 2128 817 urgente
2161 740 2405 800 caritate
2437 741 2685 816 Christi,
2718 741 3044 819 singularis
3091 743 3237 802 civi-

622 843 759 904 tatis
804 844 899 904 vel
951 844 1246 906 dioecesis
1278 861 1763 927 praetergressae
1796 846 2131 924 angustias,
2168 847 2573 927 adeptaeque,
2608 848 2798 908 unius
2830 848 3240 928 eiusdemque

624 950 680 1009 vi
713 951 865 1029 legis
896 952 1376 1032 communisque
1408 952 1744 1032 regiminiS,
1768 952 2070 1034 perfectae
2092 945 2432 1033 quamdam
2453 955 2931 1017 consociationis
2952 957 3242 1037 speciem,

623 1057 802 1118 latius
834 1057 895 1119 in
928 1060 1059 1119 dies
1093 1059 1505 1139 proferuntur.
1540 1093 1627 1102 —
1662 1060 1906 1140 Duplex
1929 1079 2116 1141 porro
2137 1061 2497 1121 earumdem
2532 1077 2625 1123 est
2657 1062 2840 1124 ratio:
2874 1063 3043 1139 aliae,
3078 1084 3244 1144 quae

629 1164 1080 1246 Episcoporum
1128 1167 1535 1229 solummodo
1581 1167 2095 1249 approbationem
2128 1183 2357 1245 nactae,
2389 1172 2471 1228 ob
2504 1188 2640 1230 eam
2675 1189 2804 1231 rem
2849 1171 3243 1231 dioecesanae

626 1271 1041 1352 appellantur;
1093 1272 1243 1334 aliae
1288 1294 1436 1335 vero
1468 1275 1546 1335 de
1580 1275 1810 1354 quibus
1841 1290 2151 1356 praeterea
2184 1276 2431 1337 romani
2462 1276 2778 1337 Pontificis
2812 1277 3106 1338 sententia
3141 1278 3238 1337 in-

625 1378 913 1455 tercessit,
946 1400 1057 1441 seu
1091 1382 1264 1461 quod
1296 1380 1569 1463 ipsarum
1601 1382 1770 1461 leges
1803 1401 1873 1442 ac
1906 1397 2125 1443 statuta
2159 1383 2601 1463 recognoverit,
2633 1405 2741 1445 seu
2779 1385 2950 1464 quod
2985 1385 3242 1465 insuper

629 1487 1237 1550 commendationem
1272 1488 1418 1570 ipsis
1451 1489 2043 1570 approbationemve
2076 1490 2488 1571 impertiverit,

843 1592 964 1653 lam
1017 1594 1081 1654 in
1136 1595 1308 1655 binas
1356 1595 1717 1657 huiusmodi
1764 1594 2191 1673 religiosarum
2226 1596 2624 1657 Familiarum
2673 1597 2891 1660 classes
2924 1617 3244 1679 quaenam

628 1698 1082 1779 Episcoporum
1136 1702 1268 1763 iura
1317 1722 1446 1763 esse
1492 1718 1790 1783 oporteat,
1844 1722 2132 1782 quaeque
2181 1702 2444 1763 vicissim
2496 1703 2739 1764 illarum
2787 1706 2852 1765 in
2900 1706 3249 1786 Episcopos

628 1804 850 1877 officia,
896 1823 1037 1868 sunt
1069 1809 1175 1888 qui
1209 1808 1540 1889 opinentur
1570 1809 1878 1870 incertum
1911 1822 2508 1889 controversumque
2540 1828 2805 1871 manere.
2835 1845 2922 1855 —
2957 1811 3248 1872 Profecto

629 1912 704 1973 ad
738 1914 1132 1977 dioecesanas
1164 1915 1656 1978 consociationes
1691 1915 1865 1996 quod
1899 1915 2112 1976 attinet
2144 1934 2237 1975 res
2272 1936 2403 1977 non
2437 1917 2516 1978 ita
2548 1937 2611 1978 se
2645 1918 2743 1979 dat
2764 1920 3135 1980 laboriosam
3160 1921 3241 1980 ad

629 2020 1120 2101 expediendum;
1182 2042 1289 2082 eae
1340 2022 1570 2103 quippe
1619 2041 1739 2083 una
1786 2023 2073 2084 inductae
2120 2039 2266 2084 sunt
2298 2040 2480 2104 atque
2514 2025 2722 2103 vigent
2752 2026 3112 2087 Antistitum
3145 2047 3242 2087 sa—

631 2145 877 2187 crorum
924 2128 1298 2190 auctoritate.
1364 2134 1444 2190 At
1489 2129 1730 2209 gravior
1774 2149 1924 2190 sane
1958 2130 2243 2210 quaestio
2277 2131 2351 2190 de
2385 2131 2597 2191 ceteris
2629 2132 2841 2211 oritur,
2876 2153 3032 2214 quae
3069 2138 3245 2213 Apo-

629 2235 875 2296 stolicae
909 2236 1083 2299 Sedis
1116 2238 1621 2318 comprobatione
1653 2253 1796 2298 sunt
1828 2254 2060 2299 auctae.
2106 2237 2269 2313 Quia
2304 2237 2598 2299 nimirum
2621 2239 2685 2299 in
2707 2239 3016 2301 dioeceses
3036 2241 3252 2321 plures

631 2357 1068 2423 propagantur,
1113 2345 1459 2426 eodemque
1508 2346 1738 2425 ubique
1792 2345 1924 2406 iure
1958 2364 2215 2425 unoque
2251 2361 2511 2407 utuntur
2543 2347 2872 2426 regimine:
2923 2347 3061 2408 ideo
3097 2347 3243 2428 Epi-

630 2468 966 2529 scoporum
1000 2451 1061 2511 in
1094 2450 1225 2514 illas
1258 2453 1678 2514 auctoritatem
1710 2472 1871 2533 opus
1904 2470 1992 2513 est
2023 2454 2535 2532 temperationem
2567 2453 2904 2533 quamdam
2926 2454 3245 2514 admittere

630 2573 953 2641 certosque
989 2557 1228 2620 limites.
1272 2558 1399 2634 Qui
1434 2560 1657 2620 limites
1689 2576 2000 2640 quatenus
2032 2559 2333 2639 pertinere
2368 2561 2648 2631 debeant,
2681 2560 2968 2642 colligere
3001 2561 3137 2621 licet
3172 2581 3250 2621 ex

630 2663 758 2744 ipsa
810 2664 1174 2727 decernendi
1226 2667 1461 2729 ratione
1509 2665 1684 2728 Sedis
1719 2667 2112 2748 Apostolicae
2160 2682 2455 2728 consueta
2488 2666 2549 2728 in
2584 2667 2890 2729 eiusmodi
2924 2667 3243 2729 consocia-

632 2771 903 2832 tionibus
936 2775 1366 2853 approbandis,
1397 2774 1625 2835 scilicet
1657 2790 1884 2835 certam
1917 2774 2186 2854 aliquam
2221 2772 2789 2851 Congregationem
2821 2775 3142 2855 approbari
3179 2793 3250 2836 ut

632 2877 797 2958 piam
831 2878 1194 2941 Societatem
1231 2895 1524 2942 votorum
1556 2880 1949 2962 simplicium,
1986 2881 2098 2941 sub
2130 2883 2432 2959 regimine
2453 2881 2874 2943 Moderatoris
2893 2882 3246 2961 generalis,

633 2984 802 3044 salva
849 2987 1308 3048 ordinariorum
1356 2988 1806 3060 iurisdictione,
1853 2988 1939 3048 ad
1960 2989 2238 3064 sormam
2270 3006 2590 3048 sacrorum
2625 2987 2946 3048 Canonum
2980 2994 3039 3047 et
3065 2988 3244 3070 Apo-

634 3092 990 3155 stolicorum
1024 3098 1534 3156 constitutionum.
1567 3129 1654 3139 —
1685 3095 1963 3157 lamvero
1996 3095 2394 3176 perspicuum
2427 3095 2568 3156 inde
2603 3095 2686 3170 fit,
2718 3094 2866 3155 tales
2899 3095 3244 3156 Cousocia·

631 3198 831 3260 tiones
866 3219 1067 3280 neque
1099 3201 1163 3261 in
1196 3203 1572 3262 dioecesanis
1603 3202 1858 3278 censeri,
1896 3221 2100 3283 neque
2132 3201 2440 3282 episcopis
2461 3203 2712 3262 subesse
2734 3221 2915 3282 posse
2948 3201 3063 3262 nisi
3086 3202 3246 3264 intra

634 3305 787 3367 fines
834 3307 1130 3368 dioecesis
1177 3308 1500 3388 cuiusque,
1545 3308 1847 3370 incolumi
1895 3326 2098 3369 tamen
2133 3308 2407 3390 supremi
2442 3308 2805 3369 earumdem
2839 3308 3252 3369 Moderatoris

632 3414 1157 3476 administratione
1189 3435 1257 3475 ac
1290 3415 1606 3494 regimine.
1673 3415 1817 3492 Qua
1854 3417 2036 3496 igitur
2069 3415 2300 3477 ratione
2333 3416 2593 3476 summis
2623 3415 2987 3476 societatum
3020 3416 3252 3476 harum

632 3521 1023 3583 Praesidibus
1069 3522 1133 3583 in
1183 3522 1633 3603 Episcoporum
1686 3524 1814 3584 iura
1865 3540 1922 3584 et
1962 3538 2322 3604 potestatem
2358 3521 2527 3583 nefas
2560 3537 2619 3582 et
2651 3522 2971 3597 invadere3
3027 3523 3246 3583 eadem

635 3630 921 3711 Episcopi
970 3630 1377 3711 prohibentur
1422 3651 1497 3691 ne
1532 3631 1683 3710 quid
1717 3631 1829 3691 sibi
1865 3633 1940 3692 de
1977 3631 2332 3692 Praesidum
2368 3630 2648 3710 ipsorum
2681 3629 3033 3690 auctoritate
3066 3649 3240 3691 arro-

634 3752 795 3815 gent.
859 3737 1049 3797 Secus
1095 3737 1264 3796 enim
1311 3737 1358 3797 si
1394 3736 1583 3808 fieret,
1619 3754 1705 3799 tot
1740 3739 2159 3799 moderatores
2191 3736 2316 3798 istis
2349 3736 2953 3817 Congregationibus
2985 3737 3236 3797 accede-

635 3858 783 3920 rent,
819 3859 975 3923 quot
999 3842 1307 3924 Episcopi,
1342 3863 1615 3924 quorum
1640 3845 1703 3904 in
1725 3844 2110 3905 dioecesibus
2131 3843 2368 3904 alumni
2390 3862 2602 3904 earum
2623 3858 2971 3914 versentur;
3006 3859 3246 3904 actum-

634 3970 759 4029 que
806 3967 961 4011 esset
1008 3950 1082 4011 de
1128 3949 1674 4011 administrationis
1722 3952 1951 4011 unitate
1997 3971 2065 4011 ac
2111 3950 2443 4028 regiminis
2499 3982 2577 3993 -
2632 3950 3027 4011 Concordem
3059 3964 3248 4030 atque

638 4058 999 4119 unanimem
1053 4057 1413 4119 Praesidum
1468 4058 2045 4139 Congregationum
2096 4073 2279 4137 atque
2332 4056 2771 4138 episcoporum
2821 4055 3251 4117 auctoritatem

635 4184 764 4225 esse
811 4179 1082 4245 oportet;
1134 4180 1193 4225 at
1238 4165 1379 4226 ideo
1431 4186 1676 4227 necesse
1726 4183 1810 4227 est
1859 4165 2078 4226 alteros
2129 4165 2460 4226 alterorum
2495 4164 2624 4224 iura
2660 4183 3025 4246 pernoscere
3060 4179 3244 4242 atque

633 4269 864 4351 integra
898 4271 1220 4332 custodire.

846 4377 913 4437 Id
959 4394 1165 4439 autem
1212 4394 1299 4456 ut,
1344 4378 1517 4440 omni
1570 4380 1858 4440 submota
1908 4379 2336 4456 controversia,
2371 4379 2550 4459 plene
2583 4378 2645 4439 in
2683 4392 2998 4458 posterum
3033 4376 3151 4452 fiat,
3187 4392 3247 4437 et

635 4496 704 4542 ut
736 4482 1099 4543 Antistitum
1147 4502 1461 4545 sacrorum
1495 4499 1759 4566 potestas
1791 4503 1983 4564 quam
2017 4484 2169 4563 Nos,
2220 4483 2311 4544 uti
2342 4503 2450 4566 par
2483 4497 2589 4559 est,
2626 4482 2978 4544 inviolatam
3013 4502 3245 4563 usque-

633 4610 886 4671 quaque
921 4590 1233 4668 volumus,
1266 4592 1419 4653 nihil
1450 4591 1691 4673 uspiam
1726 4590 2075 4653 detrimenti
2109 4590 2334 4672 capiat;
2386 4610 2455 4650 ex
2492 4590 2779 4650 consulto
2811 4588 2962 4650 sacri
2984 4587 3243 4650 Consilii

634 4699 955 4780 Episcopis
988 4719 1056 4759 ac
1078 4698 1539 4776 Religiosorum
1572 4699 1894 4760 ordinibus
1927 4698 2273 4780 praepositi,
2306 4700 2432 4759 duo
2466 4696 3019 4778 praescriptionum
3051 4694 3244 4775 capita

636 4806 870 4867 edicere
903 4807 1106 4867 visum
1141 4822 1247 4880 est,
1282 4806 1539 4866 alterum
1562 4806 1639 4866 de
1661 4806 2097 4867 Sodalitatibus
2129 4824 2288 4885 quae
2312 4804 2487 4865 Sedis
2507 4802 2900 4885 Apostolicae
2923 4820 3242 4864 commen-

636 4913 950 4975 dationem
998 4914 1091 4973 vel
1137 4914 1655 4994 approbationem
1710 4913 2000 4974 nondum
2047 4928 2191 4973 sunt
2241 4929 2568 4987 assecutae,
2616 4912 2875 4972 alterum
2909 4910 2984 4971 de
3017 4907 3250 4983 ceteris,
