3684 5416
320 1522 378 1554 10

312 2059 368 2104 ι5

304 2593 372 2626 20

297 3128 362 3172 25

293 3662 365 3709 30

293 4198 359 4244 35

288 4786 367 4829 40

1076 354 1340 408 Potestas
1380 352 1760 409 ecclesiastica
1801 366 1859 408 et
1895 352 2200 425 imperium
2240 351 2418 408 civile.
2956 369 3047 412 101.

436 553 577 598 tuae
622 535 955 597 hominum
1000 556 1136 618 pars
1183 554 1286 599 est.
1349 537 1586 599 Omnes
1629 554 1836 599 tamen
1884 537 1948 598 in
1979 553 2105 599 tam
2138 536 2362 619 dispari
2395 556 2653 599 munere
2688 553 2746 598 et
2777 552 2936 597 statu
2970 556 3044 596 ex

436 659 496 705 te
544 643 835 725 pendent,
879 658 1060 703 tuum
1107 658 1332 703 nutum
1366 642 1718 725 respiciunt,
1765 660 1822 704 te
1858 642 1969 704 sibi
2003 662 2214 722 regem
2247 642 2547 704 diuinitus
2578 644 2791 704 datum
2824 662 3048 722 agnos-

438 767 590 813 cunt
622 767 679 811 et
707 749 1068 829 gloriantur.
1131 750 1264 810 Hac
1295 750 1578 811 varietate
1611 751 1793 811 etiam
1829 750 2110 811 delectari
2144 750 2483 811 existimare
2503 751 2689 811 debes
2710 750 3046 831 principem

438 873 499 919 et
547 857 1004 918 moderatorem
1054 856 1244 918 huius
1293 857 1720 919 vniuersitatis.
1790 857 1996 920 Aliam
2059 857 2325 924 formam
2374 856 2689 936 religionis
2738 856 2869 916 vult
2918 877 3048 918 esse

437 963 604 1047 apud
623 963 982 1045 Aegyptios,
1016 962 1197 1024 aliam
1230 963 1393 1045 apud
1416 964 1707 1040 GraecOS,
1737 963 1921 1024 aliam
1954 963 2118 1045 apud
2150 963 2357 1045 Syros.
2390 963 2611 1043 Neque
2645 979 2850 1024 tamen
2881 965 3047 1045 apud

437 1071 628 1153 Syros
673 1071 840 1151 ipsos
870 1090 991 1132 vna
1022 1070 1306 1132 omnium
1346 1087 1453 1150 est,
1502 1071 1609 1132 sed
1642 1070 1799 1132 alius
1830 1070 1946 1132 alia
1978 1070 2075 1131 vel
2107 1070 2403 1150 religione
2434 1086 2673 1132 tenetur
2704 1070 2800 1131 vel
2830 1090 3046 1152 super-

435 1179 683 1241 stitione
715 1177 1117 1240 conflictatur.

648 1286 721 1347 In
769 1284 986 1367 amplis
1034 1284 1276 1347 familiis
1322 1285 1493 1347 liberi
1540 1301 1704 1362 sunt,
1737 1301 1794 1347 et
1826 1284 2023 1346 serui:
2073 1299 2132 1345 et
2164 1286 2394 1345 horum
2427 1283 2488 1345 in
2520 1265 2786 1364 utroque
2820 1267 3045 1366 genere

436 1394 781 1456 mirabilem
816 1391 1077 1473 reperire
1099 1391 1238 1453 licet
1258 1391 1727 1473 appetitionum,
1750 1391 2144 1469 iudiciorum,
2169 1406 2225 1451 et
2246 1389 2645 1471 ingeniorum
2667 1389 3042 1452 varietatem:

435 1521 595 1583 quae
647 1514 891 1561 tantum
935 1500 1122 1576 abest,
1170 1514 1232 1559 vt
1278 1498 1543 1560 domum
1574 1499 1918 1572 dedecoret,
1952 1499 2044 1558 vel
2079 1497 2411 1559 dominum
2445 1497 2737 1574 offendat,
2771 1512 2833 1557 vt
2864 1497 3045 1559 etiam

435 1609 668 1671 mirum
700 1607 766 1667 in
795 1606 1060 1668 modum
1098 1605 1386 1666 familiam
1420 1621 1704 1681 exornet3
1751 1622 1810 1667 et
1845 1625 1973 1669 non
2006 1606 2381 1666 mediocrem
2415 1603 2708 1666 dominus
2741 1625 2813 1666 ex
2846 1624 2914 1665 ea
2946 1625 3044 1666 ca-

432 1715 557 1798 piat
588 1714 991 1795 voluptatem.
1038 1712 1204 1774 Tota
1235 1712 1386 1774 haec
1420 1712 1725 1789 machina,
1759 1732 1919 1793 quae
1940 1712 2134 1774 vltimi
2156 1711 2301 1773 caeli
2322 1711 2649 1793 complexu
2672 1712 3041 1791 continetur,

431 1843 623 1905 quern
668 1821 988 1882 mundum
1013 1819 1296 1898 dicimus,
1347 1840 1567 1900 magna
1600 1820 1905 1901 quaedam
1941 1821 2167 1892 domus
2200 1807 2308 1896 est,
2339 1820 2437 1881 cui
2471 1835 2705 1901 praeest
2736 1835 3043 1901 praestan-

428 1929 660 1991 tissima
691 1943 922 2004 natura,
955 1941 1013 1986 et
1044 1928 1119 1988 ab
1153 1926 1328 1988 omni
1361 1927 1649 2005 contagio
1684 1927 1970 1988 materiae
2002 1943 2333 2007 segregata,
2367 1946 2558 2006 quem
2581 1925 2906 1987 notissimo
2928 1945 3043 1988 no-

428 2037 599 2100 mine
632 2036 840 2097 Deum
870 2033 1268 2114 appellamus.
1289 2011 1422 2096 'Hic
1454 2036 1529 2096 ab
1552 2035 1838 2096 vniuerso
1863 2034 2196 2097 hominum
2216 2053 2457 2114 genere,
2477 2033 2643 2093 velut
2664 2032 2887 2094 familia
2910 2054 3038 2110 sua,

428 2143 546 2207 sibi
592 2159 653 2203 vt
698 2141 957 2203 domino
1004 2140 1385 2204 sanctissime
1432 2141 1725 2202 deseruiri
1770 2142 1931 2206 vult:
1982 2141 2067 2202 sic
2101 2156 2309 2201 tamen
2340 2156 2401 2199 vt
2434 2138 2669 2200 nemini
2701 2138 3039 2200 libertatem

429 2250 663 2332 eripiat,
696 2247 1037 2329 quominus
1068 2267 1186 2310 suo
1217 2249 1483 2329 quisque
1516 2264 1715 2309 vtatur
1747 2249 2021 2330 ingeni0,
2055 2247 2253 2334 immo
2280 2245 2698 2326 gratissimum
2730 2261 2790 2306 et
2818 2246 3039 2308 iucun-

428 2356 752 2418 dissimum
775 2355 894 2436 ipsi
909 2354 1002 2432 sit,
1024 2355 1228 2416 videre
1249 2355 1550 2417 infinitam
1573 2355 1901 2417 hominum
1923 2353 2406 2428 multitudinem,
2422 2368 2554 2415 toto
2574 2368 2873 2413 terrarum
2892 2354 3041 2414 orbe

429 2482 721 2547 sparsam,
755 2463 1026 2523 certatim
1061 2463 1125 2523 in
1157 2447 1275 2523 suo
1307 2481 1623 2543 quemque
1657 2478 1716 2523 et
1749 2461 1974 2544 dispari
2004 2481 2229 2541 genere
2264 2462 2338 2522 ad
2361 2460 2456 2521 sui
2478 2460 2714 2521 cultum
2736 2478 3041 2521 conncur-

429 2590 593 2631 rere:
647 2585 706 2630 et
750 2569 870 2630 hoc
917 2569 1029 2631 sibi
1069 2571 1144 2631 ad
1177 2569 1436 2648 gloriam
1472 2585 1529 2629 et
1560 2547 1964 2650 magnificum
1997 2569 2187 2629 decus
2222 2568 2572 2629 mirabiliter
2604 2561 2817 2648 aptum
2851 2583 3036 2648 putet.

647 2676 826 2753 Quae
858 2675 1043 2757 igitur
1074 2675 1384 2739 dementia
1417 2691 1527 2755 est,
1565 2676 1625 2737 id
1660 2696 1860 2759 agere,
1894 2691 1957 2737 vt
1991 2695 2209 2737 omnes
2244 2665 2533 2738 homines
2554 2673 2774 2736 iisdem
2794 2669 3040 2756 opinio-

428 2785 613 2847 nibus
661 2780 838 2845 inuiti
885 2783 1283 2846 imbuantur?
1335 2784 1509 2864 quod
1556 2803 1760 2864 neque
1808 2783 1940 2845 fieri
1989 2796 2204 2864 potest,
2251 2801 2456 2863 neque
2502 2782 2552 2842 si
2600 2781 2808 2862 possit,
2844 2781 3039 2845 debet.

427 2893 568 2953 Tua
601 2891 934 2973 sapientior
966 2891 1118 2952 ratio
1151 2891 1259 2968 e'st,
1293 2891 1645 2972 Imperator,
1679 2891 1786 2972 qui
1822 2890 2056 2952 nemini
2093 2889 2457 2971 opinionem
2479 2904 2808 2969 extorques
2840 2907 3036 2965 suam,

425 3000 537 3061 s'ed
583 2998 807 3061 iudicia
854 2998 1155 3079 relinquis
1199 2998 1418 3069 libera;
1451 3006 1618 3059 'cum
1665 3018 1740 3060 eo
1786 3013 2012 3074 tamen,
2057 3013 2119 3059 vt
2168 3017 2245 3058 ne
2279 3016 2386 3079 per
2417 3014 2650 3058 nomen
2682 3010 2741 3056 et
2773 2994 3038 3076 speciem

425 3106 766 3184 religionis,
814 3106 910 3166 vel
959 3124 1206 3166 caussae
1255 3105 1704 3186 perturbandae
1751 3105 1901 3186 reip.
1934 3105 2028 3166 vel
2061 3104 2325 3165 latebrae
2359 3102 2616 3184 peccatis
2649 3116 3039 3183 quaerantur.

425 3212 606 3273 Hanc
635 3230 752 3291 ego
782 3211 982 3290 legem
1018 3212 1516 3275 commodiorem
1547 3211 1730 3274 etiam
1761 3212 1992 3289 iudico,
2034 3227 2094 3272 et
2124 3210 2432 3272 vtiliorem
2462 3229 2744 3272 summae
2779 3208 3035 3290 reipubl.

425 3338 621 3399 quam
672 3318 894 3380 foedus
938 3319 1113 3399 quod
1160 3338 1304 3380 cum
1353 3319 1621 3381 barbaris
1655 3338 1857 3401 nuper
1887 3335 1979 3380 est
2011 3318 2219 3380 ictum.
2287 3319 2561 3380 Foedere
2594 3316 2761 3377 enim
2797 3318 2913 3378 isto
2946 3337 3039 3379 as-

413 3425 768 3506 sequimur,
814 3440 876 3487 vt
921 3444 1066 3486 cum
1113 3425 1382 3488 barbaris
1414 3441 1474 3487 et
1505 3426 1863 3506 alienigenis
1895 3446 1975 3487 ne
2008 3426 2471 3505 belligeremus:
2520 3440 2623 3484 tua
2654 3422 2788 3503 lege
2822 3443 3041 3485 omnes

421 3532 761 3594 seditiones
810 3548 869 3593 et
913 3552 1164 3614 pugnae
1210 3533 1550 3612 intestinae,
1596 3533 1825 3613 quibus
1858 3533 2316 3607 laborabamus,
2349 3530 2618 3593 sublatae
2651 3546 2814 3591 sunt.
2877 3532 3038 3591 Nam

421 3639 744 3720 superiore
776 3654 1077 3721 tempore,
1112 3641 1285 3720 quod
1320 3643 1511 3721 probe
1558 3640 1737 3717 nosti,
1784 3640 2105 3720 grauiores
2152 3659 2399 3700 eramus
2446 3638 2560 3719 ipsi
2608 3637 2804 3713 nobis,
2851 3656 3038 3717 quam

422 3745 634 3807 omnis
667 3745 978 3826 equitatus
1007 3762 1065 3807 et
1096 3746 1401 3827 peditatus
1435 3746 1711 3808 hostium
1743 3762 2175 3808 externorum:
2224 3744 2549 3825 magisque
2582 3762 2776 3824 remp.
2811 3743 3038 3804 afflixe-

422 3867 572 3912 runt
615 3851 970 3930 delationes,
1018 3852 1246 3933 quibus
1294 3873 1412 3915 vna
1445 3853 1660 3934 religio
1692 3855 1993 3916 aduersus
2025 3854 2276 3915 alteram
2307 3855 2710 3934 grassabatur,
2755 3870 2944 3930 quam
2978 3850 3040 3910 in

423 3958 780 4040 prouincias
813 3974 1052 4021 nostras
1082 3959 1467 4021 incursiones
1512 3960 1804 4024 omnium
1851 3963 2273 4022 barbarorum.
2339 3958 2792 4035 Quamobrem,
2840 3957 3040 4038 Impe-

413 4081 608 4143 rator,
643 4065 773 4126 sine
807 4065 1057 4147 paribus
1088 4067 1355 4148 pendere
1388 4065 1607 4128 libram
1644 4069 2049 4129 examinatam
2073 4067 2467 4149 ponderibus,
2501 4085 2705 4146 neque
2727 4063 3039 4126 committe

420 4186 489 4232 vt
534 4172 784 4233 alteram
828 4173 1066 4234 lancem
1111 4174 1418 4255 impellas:
1468 4190 1530 4235 vt
1564 4176 1815 4256 paribus
1848 4191 1907 4237 et
1939 4174 2358 4237 concordibus
2393 4174 2554 4237 votis
2588 4192 2805 4235 omnes
2838 4170 3041 4232 homi-

422 4298 556 4357 nes,
601 4299 1000 4360 quacumque
1046 4279 1341 4361 religione
1387 4296 1651 4359 vtantur,
1700 4281 2187 4344 incolumitatem
2234 4303 2267 4344 a
2299 4281 2436 4343 Deo
2484 4296 2542 4341 et
2574 4279 3036 4341 diuturnitatem

421 4387 683 4468 imperio
715 4402 828 4448 tuo
862 4404 1197 4468 precentur.
1263 4386 1320 4467 [1.
1354 4406 1404 4450 c.
1438 4408 1575 4470 pag.
1625 4387 2007 4468 189—197.]
2196 4402 2199 4403 ’

578 4566 671 4624 25.
731 4566 1266 4638 consumma
1306 4568 1764 4640 GRATIANUS,
1803 4569 2435 4639 maxumam,
2475 4566 2882 4634 nonomus,

1262 4657 1666 4728 Altonum,
1707 4658 2206 4716 TnaonosmS.

637 4771 666 4801 ‘
716 4771 1126 4827 Theodosianus.
1165 4772 1201 4825 Ι.
1230 4772 1332 4827 Ed.
1363 4773 1791 4828 Mommsen.
1845 4772 2342 4842 Crivellucci,
2369 4776 2551 4827 Storia
2589 4774 2727 4826 delle
2764 4774 3038 4842 religioni,

408 4852 464 4906 1.
495 4867 616 4923 cap.
645 4851 802 4923 6—9.
856 4850 1251 4920 Schultze,
1290 4853 1619 4908 Gescln'clzte
1654 4853 1750 4907 des
1795 4852 2241 4925 Untergangs.1.
2286 4870 2340 4951 p.
2370 4853 2601 4924 68—96,
2628 4851 2924 4923 208—297.
2978 4852 3037 4906 11.

424 4949 480 5003 p.
518 4950 737 5004 12—52.
792 4932 1146 5003 Galante,
1185 4934 1320 4988 Cose
1343 4953 1522 4989 sacre.
1561 4951 1613 5006 p.
1638 4951 1865 5006 40—47.
2176 4982 2181 4985 .
