3684 5416
447 1521 497 1555 10

445 2061 491 2106 ¹5

440 2597 493 2629 20

436 3130 489 3175 25

431 4201 483 4248 35

558 354 658 410 262

1181 356 1446 411 Potestas
1486 356 1869 413 ecclesiastica
1908 369 1965 414 et
2001 357 2304 429 imperium
2344 359 2522 416 civile.

3110 444 3161 453 .-

556 558 942 620 nequeamus
975 540 1143 601 illam
1176 561 1249 602 ex
1271 541 1391 602 ulla
1413 557 1581 623 parte
1603 561 1829 623 appro-
1886 542 2388 625 circumstantias,
2411 547 2934 611 considerationes
2954 571 3022 612 ac
3043 555 3163 614 ob-

554 649 712 708 bare.

644 2053 698 2097 2.
735 2035 986 2096 Novum
1019 2051 1077 2097 et
1109 2035 1280 2118 peius
1313 2037 1547 2097 malum
1569 2051 1659 2097 est
1678 2055 1823 2097 sane

549 2159 606 2204 et
651 2158 843 2224 porta,
893 2163 1051 2224 quae
1097 2143 1172 2204 ad
1218 2143 1585 2225 apostasiam
1617 2159 1821 2225 aperta

547 2267 785 2325 manet3
840 2252 985 2332 quia
1023 2251 1167 2313 mali
1198 2267 1303 2313 aut
1333 2252 1556 2314 idiotae
1588 2252 1821 2314 Catho-

549 2358 647 2419 lici
709 2359 1022 2420 abutendo
1089 2358 1534 2420 recentioribus
1597 2357 1823 2419 Edictis

551 2465 694 2528 Mai.
758 2466 934 2545 Vrae,
984 2464 1239 2547 impune
1284 2481 1522 2526 mutare
1555 2481 1821 2547 pergunt

547 2572 930 2652 religionem,
950 2572 1013 2633 in
1035 2591 1157 2652 qua
1179 2570 1301 2632 nati
1320 2588 1466 2633 sunt
1486 2586 1544 2633 et
1562 2572 1821 2633 educati.

1887 664 2074 731 tutus,
2123 651 2338 713 omnia
2383 652 2445 714 in
2478 673 2734 716 censum
2766 674 2983 718 vocata
3014 677 3160 719 cum

1885 757 2054 836 gravi
2086 757 2419 820 reflexione
2453 759 2529 820 ad
2554 760 3012 842 provinciarum
3032 782 3162 825 rne-

1884 883 2063 924 arum
2109 863 2412 943 adiuncta,
2458 882 2582 928 tam
2628 866 2704 928 ad
2753 871 2994 930 bonurn
3026 869 3165 930 reli-

1883 970 2107 1049 gioniS‚
2159 991 2228 1032 ac
2278 972 2472 1054 ipsius
2520 973 2746 1053 Status,
2813 991 2871 1037 et
2921 977 3163 1037 bonum

1884 1097 2138 1158 quoque
2189 1079 2393 1139 maius
2438 1079 2823 1142 animarum:
2876 1082 3029 1144 haec
3063 1101 3162 1144 me

1883 1183 2375 1247 determinarunt
2405 1185 2482 1247 ad
2515 1187 2824 1249 edendam
2857 1188 3163 1250 irrevoca-

1882 1290 2080 1352 biliter
2100 1291 2519 1372 provisionem
2537 1292 3050 1364 Tolerantialem;
3086 1297 3164 1357 de

1882 1398 2108 1478 quibus
2170 1397 2304 1479 lpsa
2353 1399 2653 1462 Sanctitas
2701 1401 2824 1462 Vra
2885 1402 3162 1463 convicta

1881 1524 2013 1565 esse
2044 1503 2199 1566 mihi
2231 1504 2487 1567 videtur.
2521 1505 2715 1582 Quod
2751 1508 2997 1570 decreto
3029 1509 3162 1570 To-

1877 1610 2176 1672 lerantiali
2196 1611 2273 1672 ad
2293 1611 2731 1693 perfectionem
2752 1614 2956 1676 adhuc
2977 1615 3171 1691 deest,

1879 1716 2274 1779 Sanctitatem
2305 1718 2492 1780 Vram
2541 1734 2767 1781 certam
2811 1720 3029 1797 redd0‚
3064 1738 3168 1781 me

1877 1838 2156 1905 tempore
2189 1840 2551 1906 opportuno
2584 1840 2843 1886 eatenus
2876 1825 3161 1907 provisu-

1879 1950 2039 1992 rum.

1971 2038 2071 2100 Ad
2122 2057 2179 2099 2.
2261 2037 2330 2098 ln
2379 2036 2757 2118 indulgenda
2807 2039 3163 2101 Tolerantia

1879 2164 2006 2205 non
2056 2160 2333 2226 poteram
2384 2160 2544 2207 certe
2590 2145 2654 2206 id
2702 2145 3040 2223 intendere,
3093 2162 3159 2208 ut

1878 2251 2144 2312 liberum
2161 2250 2373 2313 locum
2397 2252 2747 2332 relinquam
2765 2254 3155 2335 Apostasiae;

1878 2359 1985 2419 sed
2032 2358 2239 2440 potius
2287 2357 2417 2419 eius
2462 2357 2676 2420 firmae
2708 2379 2875 2421 eram
2908 2379 3159 2442 persua-

1878 2463 2087 2544 sionis,
2137 2465 2312 2546 quod
2358 2463 2547 2547 ipsius
2593 2465 2941 2548 Religionis
2989 2469 3167 2528 bono

1879 2572 2221 2649 consulam,
2254 2591 2395 2633 cum
2416 2572 2772 2634 Tolerantia
2801 2574 3031 2635 larvam
3052 2574 3161 2636 de-

546 2678 744 2741 Etiam
778 2679 842 2741 in
864 2679 1153 2758 Statibus,
1175 2678 1241 2740 in
1273 2677 1503 2760 quibus
1534 2678 1823 2741 violentia
1878 2679 2074 2741 trahat
2105 2698 2237 2741 non
2271 2677 2604 2758 catholiciS,
2637 2680 2994 2760 tranquillet
3024 2680 3155 2742 ani-

545 2787 851 2867 quaedam
883 2802 990 2847 aut
1010 2786 1254 2868 publica
1276 2786 1600 2848 necessitas
1621 2802 1821 2848 extor-

1878 2806 2010 2846 mas
2052 2785 2371 2848 timoratae
2418 2786 2847 2865 conscientiae,
2895 2803 2953 2849 et
2983 2788 3155 2849 tollat

545 2894 620 2953 sit
653 2895 726 2953 ab
762 2893 1209 2975 Imperantibus
1243 2894 1577 2956 Catholicis
1609 2910 1822 2955 contra
1876 2892 2209 2972 sacrilegia,
2260 2913 2417 2974 quae
2462 2893 2807 2975 hypocrisis
2848 2893 2987 2956 fecit
3019 2914 3158 2976 per-

545 3001 921 3062 voluntatem
958 3001 1386 3063 Tolerantiam
1431 3001 1674 3063 civilem
1716 3022 1821 3063 va-

544 3107 773 3168 riarum
804 3106 1314 3185 Confessionum,
1351 3128 1478 3169 non
1512 3124 1601 3169 est
1632 3108 1821 3169 inter·

543 3214 801 3275 missum
850 3234 973 3275 una
1017 3215 1094 3275 de
1126 3234 1203 3275 eo
1236 3214 1560 3295 provideri,
1593 3234 1672 3275 ne
1703 3217 1820 3275 sub

542 3321 645 3382 tali
677 3336 989 3403 praetextu
1024 3321 1146 3383 ulla
1166 3338 1457 3402 sequatur
1476 3323 1818 3405 Apostasia.

542 3427 728 3491 Unde
776 3449 919 3490 cum
975 3429 1194 3490 maiori
1240 3429 1430 3490 animi
1476 3429 1669 3491 nostri
1700 3429 1820 3491 fer—

539 3555 687 3597 vore
738 3537 1155 3618 supplicamus
1207 3536 1351 3599 Mai.
1446 3537 1622 3615 Vrae,
1674 3538 1820 3599 velit

540 3643 750 3723 quoad
799 3642 1114 3723 designata
1165 3658 1392 3725 puncta
1438 3643 1728 3704 solertem
1760 3659 1818 3705 et

538 3748 849 3811 efficacem
882 3751 1188 3813 medelam
1221 3770 1570 3833 procurare.

632 3877 687 3939 3.
752 3858 917 3920 Cum
962 3857 1226 3919 Ecclesia
1276 3858 1408 3920 sola
1454 3857 1752 3940 acceperit
1783 3878 1815 3918 a

536 3963 678 4025 Jesu
699 3963 949 4026 Christo
970 3964 1317 4046 depositum
1338 3965 1480 4025 fidei
1501 3980 1559 4026 et
1590 3965 1815 4026 doctri-

538 4090 652 4132 nae
685 4091 830 4132 cum
862 4070 1234 4132 strictissima
1267 4071 1644 4150 obligatione
1677 4091 1814 4132 eam

535 4176 822 4239 intactam
899 4193 956 4238 et
1017 4177 1310 4239 illibatam
1372 4178 1813 4241 conservandi:

537 4300 762 4365 quanta
801 4285 981 4346 ruina
1013 4304 1144 4346 non
1177 4285 1494 4367 impendet
1524 4286 1815 4348 fidelibus

537 4411 609 4452 ex
653 4409 749 4470 e0,
797 4391 974 4471 quod
1004 4391 1276 4453 Ecclesia
1308 4392 1568 4473 eiusque
1601 4394 1815 4455 Pasto-

536 4515 632 4558 res
678 4498 844 4558 haud
891 4498 1317 4578 permittantur
1360 4499 1546 4560 libere
1594 4518 1814 4560 censu-

536 4623 665 4665 rare
696 4604 889 4665 libros
921 4605 1323 4686 perniciosos,
1356 4605 1465 4687 qui
1497 4605 1814 4686 publican-

533 4717 663 4773 tur!
729 4712 806 4773 Et
851 4712 1085 4793 quales,
1137 4732 1389 4793 quaeso,
1437 4713 1648 4774 ruinae
1683 4729 1814 4773 non

534 4833 825 4900 parantur
856 4837 965 4901 per
996 4835 1086 4880 tot
1103 4818 1349 4881 libellos
1368 4819 1813 4881 calumniantes

534 4944 603 4987 ac
633 4925 938 4989 irrisorios
970 4927 1049 4989 de
1080 4926 1286 5006 Cler0,
1327 4925 1667 5009 disciplina,
1702 4926 1811 4988 de-

1879 3000 2117 3082 petrari.

1962 3854 2061 3914 Ad
2098 3873 2152 3934 3.
2215 3854 2432 3916 Factae
2464 3871 2624 3935 sunt,
2675 3871 2733 3917 et
2766 3855 2913 3916 fient
2947 3855 3155 3916 adhuc

1873 3962 2082 4041 quoad
2129 3980 2453 4023 censuram
2499 3963 2804 4025 librorum
2853 3961 3157 4044 provisio-

1872 4087 2000 4146 nes,
2063 4089 2218 4150 quas
2266 4069 2632 4130 necessarias
2684 4069 3025 4146 credidere,
3077 4070 3157 4129 ad

1871 4174 2366 4237 satisfaciendum
2383 4177 2499 4237 sub
2521 4176 2692 4237 omni
2716 4190 2994 4258 respectu
3015 4193 3157 4236 mu-

1874 4281 2004 4342 neri
2038 4301 2199 4344 meo.
