3684 5416
999 366 1265 422 Potestas
1302 366 1681 423 ecclesiastica
1724 380 1780 421 et
1817 366 2118 438 imperium
2159 366 2338 422 civile.
2864 385 2977 438 205

359 566 569 610 renam
613 564 974 630 potestatem
1022 550 1334 613 instituere
1383 552 1585 629 habet,
1636 565 1697 614 et
1730 551 2018 629 iudicare,
2053 551 2101 612 si
2136 554 2300 613 bona
2336 569 2466 613 non
2498 550 2695 613 fuerit.
2760 550 2859 613 Sic
2890 551 2978 612 de

358 654 612 717 ecclesia
656 670 715 716 et
768 654 1161 717 ecclesiastica
1209 672 1504 738 potestate
1548 656 1896 721 verificatur
1940 658 2295 721 vaticinium
2341 658 2706 721 Hieremiae.
2775 659 2971 720 «Ecce

355 764 731 823 constituite
761 761 941 824 hodie
971 771 1154 844 super
1172 771 1392 844 gentes
1421 772 1482 825 et
1509 784 1739 846 regna»
1775 779 1890 828 etc.
1926 785 2086 846 quae
2117 784 2222 846 seq
2230 781 2483 829 uuntur.

567 868 753 948 Ergo,
782 868 833 929 si
863 868 1062 931 deviat
1090 885 1331 932 terrena
1363 886 1650 952 potestas,
1685 870 2049 933 iudicabitur
2078 891 2111 932 a
2144 886 2440 953 potestate
2472 871 2804 953 spirituali3
2857 871 2965 933 sed

281 998 302 1040 5
355 975 404 1035 si
436 976 636 1038 deviat
665 975 992 1057 spiritualis
1022 975 1246 1054 minor,
1278 999 1313 1038 a
1344 997 1462 1039 suo
1481 976 1810 1060 superiori;
1848 978 1896 1039 si
1918 998 2065 1040 vero
2085 997 2395 1060 suprema,
2431 1001 2462 1040 a
2482 978 2621 1041 solo
2644 980 2801 1055 Deo,
2834 997 2979 1041 non.

353 1085 430 1145 ab
460 1083 719 1145 homine
750 1083 971 1164 poterit
1002 1084 1276 1162 iudicari,
1308 1101 1563 1147 testante
1595 1085 1911 1166 apostolo:
1953 1085 2360 1168 ‹Spiritualis
2377 1085 2554 1148 homo
2573 1087 2816 1148 iudicat
2831 1107 2973 1148 om-

354 1194 484 1265 nia,
534 1194 666 1273 ipse
713 1197 911 1252 autem
943 1213 981 1251 a
1013 1195 1253 1254 nemine
1284 1193 1659 1254 iudicatur».
1724 1192 1826 1253 Est
1858 1208 2063 1254 autem
2101 1193 2252 1254 haec
2284 1192 2629 1271 auctoritas,
2664 1209 2721 1254 et
2751 1193 2802 1253 si
2830 1193 2967 1255 data

353 1297 428 1358 sit
459 1297 718 1376 homini,
752 1313 809 1358 et
841 1313 1190 1359 exerceatur
1222 1316 1328 1379 per
1361 1298 1704 1374 hominem,
1739 1316 1873 1359 non
1905 1299 2196 1377 humana,
2232 1300 2342 1361 sed
2374 1299 2577 1380 potius
2613 1300 2817 1362 divina
2850 1318 2967 1381 po-

351 1419 555 1481 testas,
584 1423 695 1465 ore
726 1403 937 1466 divino
970 1404 1149 1467 Petro
1197 1405 1356 1484 data,
1397 1405 1638 1486 sibique
1681 1406 1935 1486 suisque
1983 1407 2441 1469 successoribus
2484 1407 2549 1468 in
2595 1407 2731 1488 ipso
2777 1427 2970 1487 quem

255 1528 300 1560 τ·
352 1509 673 1592 confessus
724 1511 836 1573 fuit
887 1527 1080 1593 petra,
1130 1510 1387 1589 firmata,
1439 1512 1677 1574 dicente
1729 1512 2007 1575 Domino
2059 1513 2174 1594 ipsi
2220 1515 2431 1576 Petro:
2504 1513 2984 1595 «Quodcunque

351 1616 688 1697 ligaveris»
723 1633 839 1679 etc.
902 1616 1277 1698 Quicunque
1325 1617 1509 1697 igitur
1539 1617 1685 1678 huic
1720 1619 2002 1699 potestati
2034 1642 2067 1680 a
2101 1618 2236 1681 Deo
2268 1620 2354 1681 sic
2384 1620 2699 1683 ordinatae
2730 1620 2981 1698 resistit,

353 1723 466 1784 Dei
498 1724 871 1786 ordinationi
894 1725 1129 1802 resistit,
1165 1725 1278 1785 nisi
1298 1724 1449 1801 du0,
1470 1725 1625 1786 sicut
1647 1724 2071 1803 Manichacus,
2094 1725 2285 1806 fingat
2304 1746 2435 1788 esse
2456 1726 2771 1808 principia,
2790 1727 2966 1806 quod

351 1828 578 1892 falsum
621 1846 681 1892 et
718 1832 1092 1910 haereticum
1122 1850 1254 1893 esse
1287 1831 1651 1908 iudicamus,
1701 1832 1846 1912 quia
1891 1847 2148 1893 testante
2179 1832 2418 1913 Moyse,
2464 1853 2596 1894 non
2643 1833 2706 1894 iu
2740 1832 2965 1914 princi-

350 1936 485 2018 piis,
517 1937 626 1998 sed
659 1937 722 2000 in
756 1937 1056 2020 principio
1087 1939 1335 2000 coelum
1368 1939 1540 2001 Deus
1572 1938 1796 2000 creavit
1827 1954 1887 1999 et
1916 1954 2161 2001 terram.
2221 1940 2414 2001 Porro
2446 1960 2474 2000 s
2494 1941 2774 2000 ubesse
2823 1939 2965 2001 Ro-

250 2063 292 2105 15
351 2062 583 2105 mano
629 2044 1008 2106 Pontifici
1054 2045 1268 2107 omni
1329 2045 1720 2107 humanae
1778 2060 2197 2106 creaturae
2258 2044 2792 2122 declaramus,
2855 2046 2967 2107 di·

350 2150 638 2228 cimuS,
700 2168 770 2212 et
832 2151 1261 2214 difinimus
1307 2168 1367 2213 et
1412 2153 1908 2234 pronunciamus
1969 2152 2298 2213 omnino
2347 2171 2516 2213 esse
2565 2153 2654 2213 de
2704 2171 2979 2213 neces--

350 2257 590 2318 sitate
639 2258 947 2320 salutis.
1041 2258 1181 2324 Dat.
1215 2259 1493 2321 Laterani
1527 2260 1705 2321 Pont.
1739 2259 1934 2320 nostri
1971 2265 2085 2321 Ao.
2121 2258 2267 2319 VllI.
2306 2257 2538 2338 [¹30²]

1125 2485 1218 2540 60.
1275 2485 1697 2540 MARlewS
1735 2483 2197 2541 PATAVINUS.

566 2630 596 2663 ¹⁸
621 2631 867 2683 Marsilii
885 2629 1141 2683 Patavini.
1170 2630 1379 2702 Opera,
1405 2646 1512 2683 rec.
1545 2628 1627 2682 Fr.
1656 2628 1707 2682 G
1725 2646 1760 2682 o
1781 2646 1836 2682 m
1856 2646 1885 2682 a
1905 2646 1982 2683 ru
2001 2646 2044 2683 s.
2073 2627 2431 2684 Francofurti
2470 2647 2479 2681 ι
2495 2646 2614 2699 592.
2655 2628 2698 2681 R
2716 2626 2730 2681 i
2748 2644 2778 2681 e
2796 2644 2823 2680 z
2842 2625 2857 2680 l
2876 2647 2905 2680 e
2924 2644 2967 2690 r,

246 2726 296 2758 πο
348 2712 453 2763 Die
489 2710 870 2764 literarisclten
918 2708 1306 2765 Widersaclter
1352 2712 1453 2765 der
1489 2711 1685 2782 Rtpste
1721 2728 1824 2782 {ur
1880 2713 1999 2765 Zeit
2031 2712 2252 2780 Ludwig
2304 2711 2400 2763 des
2450 2711 2658 2766 Baiers.
2736 2706 2968 2778 Leipzig

357 2789 512 2862 1874.
539 2806 594 2861 p.
633 2808 745 2864 193.
774 2809 892 2864 233.
946 2791 991 2845 L
1009 2808 1040 2845 a
1061 2792 1094 2845 b
1113 2809 1144 2845 a
1164 2808 1197 2845 n
1218 2808 1247 2846 c
1264 2809 1296 2846 a
1316 2832 1329 2855 ‚
1368 2794 1624 2846 Marsilzb
1660 2792 1730 2844 da
1771 2791 2008 2858 Padova,
2035 2791 2398 2862 informatam
2412 2793 2636 2862 polita-o
2658 2808 2687 2843 e
2712 2791 2968 2859 religioso

346 2872 440 2925 del
474 2875 653 2926 secolo
689 2873 830 2926 XIV.
869 2873 1105 2928 Padova
1144 2872 1293 2927 1882.
1341 2872 1381 2928 S
1401 2889 1430 2926 c
1447 2891 1478 2926 a
1498 2873 1532 2923 d
1550 2890 1586 2925 u
1605 2885 1678 2927 to
1694 2913 1707 2934 ‚
1745 2874 1901 2926 Stato
1924 2892 1952 2925 e
1980 2873 2173 2927 Chiesa
2201 2875 2350 2942 negli
2370 2875 2556 2927 scritti
2571 2873 2791 2943 politici,
2816 2870 2966 2924 dalla

335 2955 457 3022 fine
494 2953 637 3005 della
676 2955 809 3007 lotta
838 2961 944 3025 per
979 2955 1029 3007 le
1065 2955 1378 3007 investiture
1413 2958 1513 3006 etc.
1549 2969 1604 3024 p.
1653 2970 1946 3024 112-134.
2018 2953 2056 3005 S
2078 2953 2160 3006 ch
2180 2952 2295 3007 olz
2316 2992 2328 3014 ‚
2383 2954 2484 3006 Die
2523 2953 2827 3005 Pubh'cish'k
2865 2966 2967 3021 {ur

347 3036 470 3088 Zeit
504 3033 742 3105 Phihpps
777 3034 872 3088 des
909 3034 1153 3088 Scho'nen
1190 3035 1305 3087 und
1337 3034 1570 3103 Bonisaz
1619 3035 1755 3088 VIII.
1796 3034 2082 3104 Stuttgart
2127 3051 2276 3107 1003.
2340 3034 2406 3100 (S
2427 3046 2501 3087 tu
2524 3046 2618 3087 tz.
2674 3031 2965 3086 Kirclzenr.

250 3134 298 3180 25
348 3114 624 3168 Ablmndl.
661 3114 982 3182 Vl—VIII.)
1021 3131 1074 3185 p.
1099 3133 1204 3186 452
1254 3130 1376 3185 seq.
1440 3113 1615 3168 Karl
1653 3114 1950 3178 Muller‚
1992 3114 2539 3184 Kirclrengesclnkhte
2594 3114 2770 3166 Tom.
2810 3111 2870 3165 11.
2913 3130 2964 3184 p.

349 3213 418 3269 30
444 3211 610 3266 seqq.

570 3334 714 3395 Pars
746 3335 833 3398 111.
867 3354 918 3397 c.
954 3355 986 3396 2
1022 3335 1343 3397 conclusio
1376 3334 1414 3395 1.
1481 3335 1744 3395 Solam
1778 3334 2055 3396 divinam
2087 3352 2195 3394 seu
2227 3333 2590 3394 canonicam
2624 3333 2967 3411 scriptu.-

351 3462 429 3502 ra
449 3460 550 3519 m,
599 3456 658 3501 et
703 3443 779 3503 ad
819 3443 1013 3524 ipsam
1049 3462 1160 3523 per
1193 3442 1616 3503 necessitatem
1645 3457 2015 3521 sequentem
2049 3458 2491 3521 quamcunque
2524 3439 2840 3519 ipsiusque
2873 3437 2967 3497 in-

350 3550 872 3631 terpretationem,
906 3570 979 3612 ex
1011 3551 1330 3612 communi
1364 3550 1632 3612 concilio
1667 3548 1949 3611 fidelium
1982 3548 2223 3625 factam,
2257 3565 2462 3607 veram
2497 3566 2647 3621 esse,
2678 3547 2753 3607 ad
2776 3561 2968 3606 aeter—

254 3687 303 3728 ‘30
352 3676 502 3719 nam
520 3658 962 3720 beatitudinem
979 3658 1486 3739 consequendam
1509 3677 1756 3719 necesse
1778 3657 2045 3732 credere,
2071 3656 2122 3716 si
2141 3654 2321 3716 alicui
2342 3654 2541 3715 debite
2563 3668 2967 3733 proponatur.

352 3798 443 3806 —
496 3784 546 3825 c.
588 3785 619 3825 2
673 3765 858 3843 Legis
901 3766 1144 3827 divinae
1190 3766 1408 3827 dubias
1454 3763 1711 3826 definire
1758 3764 2114 3843 sententias,
2167 3763 2228 3824 in
2282 3761 2377 3822 his
2424 3761 2799 3842 praesertim,
2854 3760 2963 3839 qui

354 3873 718 3935 christianae
751 3874 893 3935 fidei
927 3890 1225 3935 vocantur
1256 3873 1514 3949 articuli,
1548 3872 1929 3952 reliquisque
1963 3871 2288 3934 credendis
2324 3871 2400 3931 de
2435 3868 2784 3929 necessitate
2806 3869 2969 3929 salu-

353 3980 431 4042 tis
463 3995 765 4056 aeternae,
798 3980 1010 4043 solum
1049 3980 1421 4059 generale
1470 3979 1909 4040 concilium
1958 3978 2359 4053 fidelium,
2405 3991 2508 4038 aut
2554 3975 2717 4037 illius
2763 3974 2969 4035 valen·

354 4090 582 4151 tiorem
617 4088 1107 4163 multitudinem,
1142 4089 1268 4149 sive
1301 4104 1537 4168 partem
1570 4086 1961 4148 determinari
1984 4088 2228 4162 debere,
2251 4086 2623 4164 nullumque
2643 4084 2808 4146 aliud
2831 4103 2987 4164 parm

354 4196 498 4257 tiale
546 4193 899 4273 collegium,
945 4208 1050 4254 aut
1095 4212 1425 4274 personam
1470 4194 1848 4273 singularem
1881 4193 2308 4273 cuiuscunque
2341 4192 2713 4254 conditionis
2745 4191 2987 4267 existat,

357 4303 480 4365 iam
530 4301 722 4363 dictae
769 4300 1294 4363 determinationis
1343 4300 1763 4363 auctoritatem
1815 4303 2058 4362 habere.
2108 4335 2195 4343 —
2246 4319 2298 4362 c.
2339 4321 2391 4381 3.
2444 4300 2540 4360 Ad
2592 4302 2972 4362 observanda

358 4424 678 4490 praecepta
700 4408 940 4469 divinae
961 4407 1114 4487 legis
1147 4427 1401 4488 poena
1433 4408 1558 4469 vel
1588 4409 2002 4488 supplicio
2035 4408 2467 4488 temporali
2502 4427 2610 4468 seu
2635 4407 2965 4487 praesentis

359 4517 586 4579 saeculi
634 4536 822 4580 nemo
869 4516 1216 4595 evangelica
1248 4516 1540 4597 scriptura
1575 4516 1863 4596 compelli
1897 4516 2275 4597 praecipitur.
2327 4547 2408 4558 —
2459 4534 2507 4574 c,
2548 4536 2600 4594 5.
2647 4515 2716 4575 ln
2749 4513 2989 4575 divinis.

363 4644 560 4686 novae
610 4623 761 4704 legis
812 4623 1148 4704 praeceptis
1196 4637 1299 4683 aut
1350 4621 1673 4702 prohibitis
1726 4622 2040 4683 neminem
2107 4621 2431 4682 mortalem
2501 4621 2972 4702 dispensare

253 4758 308 4798 40
359 4751 576 4814 posse:
611 4731 901 4813 permissa
934 4750 1078 4791 vero
1111 4730 1455 4811 prohibere,
1490 4728 1823 4806 obligando
1857 4729 1933 4789 ad
1965 4728 2209 4809 culpam
2244 4743 2347 4789 aut
2380 4746 2645 4807 poenam
2679 4747 2791 4807 pro
2811 4743 2969 4789 statu

362 4840 698 4921 praesentis
742 4838 969 4900 saeculi
1014 4838 1111 4899 vel
1156 4838 1394 4899 venturi
1438 4837 1643 4899 solum
1692 4856 1870 4918 posse
1903 4837 2184 4915 generale
2219 4835 2549 4897 concilium
2585 4851 2690 4897 aut
2722 4835 2969 4896 fidelem

364 4948 776 5027 legislatorem
812 4947 1177 5009 humanum.
1210 4979 1296 4990 —
1328 4966 1378 5007 c.
1412 4948 1469 5008 6.
1504 4946 2094 5025 Legislatorem
2130 4945 2475 5004 humanum
2508 4943 2710 5005 solam
2740 4944 2979 5005 civium.
