3684 5416
379 1564 427 1596 10

380 2098 424 2142 ι5

368 2632 421 2665 20

366 3164 417 3209 25

363 4231 414 4276 35

1486 394 1755 451 Pontifex
1796 415 2089 453 romanuS.
3001 425 3098 477 44¹

696 585 726 647 s
764 597 819 639 2.
868 576 1034 653 Quia
1067 594 1277 640 tamen
1310 598 1494 660 saepe
1524 579 1836 661 contingit
1870 596 1936 641 ut
1966 580 2178 661 legum
2213 583 2307 644 vel
2341 585 2604 648 maxime
2636 587 3018 666 salutarium,
3056 590 3107 651 si

484 701 613 745 non
646 687 863 745 crebro
896 685 1207 762 excitetur,
1238 685 1471 748 sensim
1502 705 1574 747 ex
1607 685 1831 748 animis
1865 687 2198 750 hominum
2220 689 2430 752 effluat
2452 694 2768 771 memoria,
2789 695 3105 776 experien-

485 789 691 871 tiaque
742 792 979 868 edocet,
1034 794 1337 855 nonnulla
1391 814 1465 855 ex
1510 793 1581 854 iis
1626 814 1787 874 quae
1832 794 1992 857 Sede
2039 797 2395 877 Apostolica
2442 817 2692 862 vacante
2740 803 3106 885 praescripta

482 895 731 958 fuerunt
761 913 869 961 aut
907 918 1057 960 usus
1088 900 1337 977 invexit,
1371 919 1486 982 pro
1518 917 1877 982 temporum
1897 902 2201 982 varietate,
2227 904 2391 967 iuxta
2413 925 2604 986 quam
2627 908 2902 971 humana
2923 910 3105 972 etiam

483 1004 738 1066 consilia
786 1004 1100 1067 multoties
1147 1007 1375 1068 variare
1422 1024 1683 1090 oportet,
1733 1008 2118 1071 immutanda
2164 1029 2234 1071 ac
2270 1013 2618 1094 supplenda
2649 1035 2801 1093 esse,
2835 1032 2903 1077 ut
2935 1033 3104 1080 recto

482 1112 547 1173 in
594 1112 807 1194 primis
856 1132 1067 1176 rerum
1114 1128 1239 1174 tam
1287 1113 1524 1175 difficili
1556 1130 1836 1196 tempore
1874 1117 2257 1195 agendarum
2290 1118 2514 1196 ordini,
2549 1120 2808 1184 iustitiae
2839 1122 3103 1184 admini-

480 1219 778 1297 strationi,
811 1235 998 1300 atque
1030 1218 1245 1280 aerarii
1269 1217 1569 1301 pontificii
1593 1221 1976 1283 indemnitati
2004 1224 2382 1286 cumulatius
2402 1244 2799 1307 prospectum
2821 1245 3105 1291 cautum-

481 1344 604 1405 que
647 1326 741 1404 sit,
788 1307 1327 1406 quemadmodum
1356 1316 1756 1408 nosmetipsi,
1801 1330 1909 1410 qui
1954 1329 2021 1390 in
2067 1330 2414 1393 minoribus
2458 1334 2773 1396 constituti
2803 1335 3103 1398 maiorem

479 1433 688 1493 aetatis
720 1451 952 1514 partem
985 1435 1050 1495 in
1087 1435 1366 1496 Romana
1399 1434 1588 1497 Curia
1621 1435 1885 1515 egimus,
1919 1457 2010 1515 ac,
2043 1437 2198 1500 dum
2233 1439 2646 1502 cardinalatus
2680 1441 2923 1503 honore
2956 1441 3100 1504 fun-

478 1541 798 1618 gebamur,
842 1541 1112 1603 comitiis
1163 1542 1238 1603 ad
1292 1542 1650 1603 Romanum
1698 1543 2065 1605 Pontificem
2129 1545 2492 1626 eligendum
2551 1563 2644 1609 ter
2688 1548 3104 1624 interfuimuS‚

479 1646 618 1707 satis
665 1649 1104 1729 perspeximus,
1154 1668 1224 1709 ac
1257 1649 1460 1730 plures
1492 1669 1564 1710 ex
1598 1650 2052 1713 venerabilibus
2084 1650 2369 1714 fratribus
2404 1655 2632 1715 nostris
2663 1655 2725 1719 S.
2753 1656 2833 1716 R.
2869 1656 2935 1719 E.
2967 1676 3099 1718 car-

484 1751 788 1816 dinalibus
841 1755 1063 1817 eximia
1117 1757 1336 1838 pietate
1387 1776 1457 1818 ac
1508 1756 2057 1839 circumspectione
2110 1760 2363 1840 praediti
2410 1760 2590 1822 nobis
2622 1761 2805 1823 etiam
2839 1762 3102 1824 innuere

479 1879 661 1943 atque
694 1862 1040 1944 significare
1075 1882 1208 1925 non
1240 1863 1619 1925 omiserunt:

691 1979 720 2039 s
758 1991 812 2050 3.
865 1971 1025 2032 Hinc
1071 1985 1161 2032 est
1210 1971 1385 2051 quod
1419 1989 1536 2031 nos
1572 1990 1685 2052 pro
1717 1971 2044 2052 apostolici
2078 1974 2356 2034 muneris
2390 1975 2571 2035 nobis
2603 1974 2896 2036 divinitus
2927 1995 3101 2037 com-

481 2075 666 2153 missi,
717 2076 951 2138 ratione
1002 2078 1204 2139 habita
1253 2079 1424 2160 prius
1471 2097 1659 2160 super
1689 2078 2039 2160 praemissis
2072 2097 2216 2146 cum
2250 2080 2606 2142 memoratis
2653 2082 3098 2162 nonnullisque

475 2183 606 2245 aliis
639 2184 830 2265 ipsius
860 2185 921 2246 S.
958 2186 1029 2246 R.
1065 2185 1134 2247 E.
1168 2186 1582 2247 cardinalibus
1632 2201 1871 2248 matura
1906 2186 2365 2265 deliberatione,
2412 2188 2488 2249 de
2523 2188 2776 2250 illorum
2811 2189 3095 2268 consili0‚

474 2311 544 2352 ac
576 2292 755 2353 etiam
798 2307 973 2353 motu
1009 2292 1262 2374 proprio
1296 2308 1354 2354 et
1385 2312 1456 2353 ex
1489 2308 1650 2355 certa
1680 2293 1951 2371 scientia,
1982 2293 2184 2374 deque
2218 2295 2590 2377 apostolicae
2625 2296 2938 2377 potestatis
2970 2296 3096 2377 ple-

458 2398 776 2477 nitudine,
822 2400 937 2460 hac
981 2416 1190 2461 nostra
1237 2416 1541 2481 perpetuo
1587 2400 1845 2462 valitura
1898 2401 2359 2475 constitutione,
2406 2421 2497 2479 ea,
2532 2422 2691 2483 quae
2725 2411 3094 2482 sequuntur,

473 2506 813 2585 statuenda,
847 2507 1233 2567 decernenda
1266 2521 1324 2567 et
1356 2508 1705 2569 ordinanda
1738 2508 2053 2570 duximus.

690 2620 718 2682 S
764 2633 826 2692 4.
887 2612 1169 2675 Primum
1215 2613 1401 2695 igitur
1448 2631 1757 2676 enarratos
1811 2616 2358 2696 praedecessorum
2407 2632 2761 2677 nostrorum
2797 2615 3094 2676 constitu-

474 2718 693 2798 tiones,
744 2739 815 2781 ac
861 2721 1075 2783 omnia
1121 2739 1180 2783 et
1225 2722 1464 2804 singula
1514 2722 1577 2783 in
1609 2723 1697 2784 eis
1730 2739 2016 2785 contenta
2049 2738 2107 2784 et
2138 2723 2451 2804 disposita,
2483 2744 2643 2804 quae
2677 2723 3096 2805 praesentibus

472 2841 683 2888 tamen
727 2828 937 2889 litteris
985 2848 1117 2889 non
1162 2829 1580 2905 adversantur,
1626 2829 1850 2890 harum
1902 2828 2056 2889 serie
2089 2806 2557 2906 confirmamus,
2590 2833 3006 2911 approbamus
3037 2846 3095 2892 et

471 2933 862 3014 innovamus,
911 2956 981 2997 ac
1030 2936 1395 2996 inconcusse
1441 2951 1498 2996 et
1545 2934 1979 2997 inviolabiliter
2022 2936 2329 2997 observari
2377 2937 2789 3019 praecipimus
2823 2953 2882 2997 et
2916 2955 3092 2999 man-

473 3041 711 3103 damus,

686 3158 714 3217 S
756 3168 808 3227 5.
855 3149 1169 3226 Ceterum,
1205 3149 1440 3211 tametsi
1473 3168 1633 3231 opus
1667 3168 1795 3210 non
1829 3168 1961 3212 esse
1994 3149 2058 3212 in
2093 3150 2374 3211 Domino
2409 3150 2803 3228 confidimus,
2839 3166 3094 3230 urgente

471 3274 584 3316 nos
628 3270 833 3317 tamen
884 3254 1199 3335 pastoralis
1247 3254 1466 3316 officiis
1512 3255 1742 3333 debitO,
1790 3276 1861 3317 ac
1905 3256 2258 3338 praecipue,
2293 3276 2421 3337 quo
2454 3273 2758 3334 tenemur,
2790 3258 2941 3318 boni
2975 3278 3089 3340 pu-

470 3361 611 3422 blici
656 3361 982 3440 desideri0,
1031 3361 1368 3422 cardinales
1401 3380 1569 3422 nunc
1606 3377 1663 3422 et
1695 3381 1810 3444 pro
1842 3378 2122 3444 tempore
2155 3363 2474 3424 existentes
2508 3383 2615 3444 per
2646 3364 2871 3424 viscera
2907 3366 3083 3425 mise·

472 3467 764 3529 ricordiae
813 3469 1093 3529 eiusdem
1141 3468 1383 3529 domini
1417 3470 1608 3529 nostri
1641 3469 1777 3530 lesu
1813 3469 2042 3531 Christi
2077 3485 2135 3530 et
2169 3489 2275 3551 per
2308 3470 2676 3531 effusionem
2711 3472 2805 3531 sui
2844 3470 3093 3550 pretiosi

469 3576 786 3657 sanguinis
819 3576 993 3637 enixe
1024 3597 1333 3657 rogamuS,
1385 3578 1724 3655 hortamur,
1775 3580 2173 3640 obsecramus
2207 3595 2264 3639 et
2298 3598 2652 3655 monemus,
2692 3596 2757 3640 ut
2789 3595 2938 3640 tunc
2971 3599 3089 3661 po-

369 3699 391 3715 *
472 3683 724 3761 tissime,
775 3685 928 3745 dum
981 3684 1208 3747 scilicet
1239 3684 1315 3745 de
1348 3685 1614 3746 creando
1648 3687 1944 3746 Romano
1979 3684 2274 3747 pontifice
2308 3684 2527 3764 agitur,
2561 3686 2721 3746 serio
2753 3688 3091 3768 perpedant

469 3791 575 3868 rei,
624 3810 813 3871 quam
861 3806 1105 3871 gerunt,
1148 3791 1526 3871 gravitatem,
1577 3792 1920 3870 ministerii,
1956 3793 2128 3873 quod
2163 3811 2270 3872 per
2302 3808 2409 3853 eos
2441 3807 2746 3869 tractatur,
2780 3793 3089 3873 magnitu-

469 3897 699 3974 dinem,
734 3917 802 3958 ac
834 3918 1153 3980 personae,
1189 3920 1381 3981 quam
1412 3899 1475 3961 in
1512 3900 1782 3961 Ecclesia
1817 3900 1933 3961 Dei
1969 3900 2286 3976 sustinent,
2320 3899 2707 3979 dignitatem3
2744 3899 3088 3979 seduloque

472 4006 827 4084 recogitent,
892 4026 955 4067 se
1019 4007 1082 4067 in
1148 4009 1566 4069 renuntiando
1618 4027 1913 4090 supremo
1965 4007 2154 4088 ipsius
2207 4006 2509 4068 Ecclesiae
2563 4023 2794 4068 rectore
2843 4007 3086 4068 divinae

470 4112 694 4172 mentis
727 4112 1090 4195 interpretes
1124 4113 1505 4191 constitutOS,
1539 4114 1835 4194 nudaque
1869 4113 2083 4176 omnia
2115 4129 2171 4173 et
2203 4127 2408 4194 aperta
2442 4133 2571 4173 esse
2608 4112 2672 4172 in
2705 4112 2900 4173 oculis
2934 4114 3086 4190 eius,

470 4219 570 4280 cui
616 4220 912 4281 solemnis
958 4235 1016 4280 et
1061 4220 1381 4282 arctissimi
1427 4220 1821 4282 iurisiurandi
1871 4221 2171 4301 religione
2205 4219 2394 4281 fidem
2428 4239 2605 4280 suam
2641 4219 2996 4300 promissuri
3031 4238 3088 4282 et

392 4328 401 4333 ’
468 4325 792 4405 obligaturi
826 4342 995 4395 sunt:
1064 4345 1272 4407 neque
1304 4327 1471 4390 aliud
1507 4347 1638 4388 esse
1674 4328 1880 4390 forsan
1915 4347 2094 4408 posse
2128 4327 2192 4388 in
2227 4327 2401 4389 omni
2434 4347 2655 4389 eorum
2687 4328 2804 4388 vita
2839 4327 3088 4405 facturn,

361 4770 415 4809 ⁴0

467 4433 543 4494 de
576 4454 707 4514 quo
743 4451 867 4495 tam
899 4434 1167 4496 arduum
1199 4450 1381 4514 atque
1415 4433 1661 4496 difficile
1695 4434 1780 4495 eis
1815 4435 2093 4496 futurum
2128 4435 2204 4494 sit
2237 4434 2537 4497 rationem
2566 4436 2821 4497 reddere
2842 4450 3087 4495 aeterno

467 4539 757 4620 iustoque
808 4540 1013 4620 iudici,
1068 4542 1439 4622 sempiterna
1489 4544 1581 4604 vel
1632 4541 1902 4624 praemia
1947 4543 2044 4602 vel
2089 4541 2389 4624 supplicia
2443 4543 2785 4605 decretum.
2879 4542 3088 4622 ltaque

467 4645 649 4707 etiam
698 4650 815 4708 sub
868 4647 1062 4708 divini
1115 4648 1612 4709 interminatione
1665 4648 1876 4709 iudicii
1929 4648 2160 4711 eisdem
2211 4649 2625 4710 cardinalibus
2676 4649 3088 4730 praecipimus

471 4752 685 4814 itidem
731 4770 789 4815 et
836 4755 1226 4831 mandamus,
1276 4771 1342 4816 ut
1386 4756 1449 4816 in
1488 4755 1792 4835 suffragiis
1826 4753 2113 4832 ferendis,
2146 4775 2212 4815 ac
2244 4755 2375 4816 aliis
2408 4756 2705 4817 omnibus
2738 4771 2797 4816 et
2827 4755 3086 4836 singulis

468 4860 833 4923 electionem
866 4864 1343 4943 quomodolibet
1375 4863 1915 4939 concernentibus,
1956 4863 2164 4923 solum
2201 4864 2408 4924 Deum
2442 4883 2584 4945 prae
2618 4863 2811 4925 oculis
2845 4864 3084 4923 haben-

467 4983 577 5046 tes,
607 4983 666 5028 et
699 4988 827 5030 non
858 4990 989 5046 sua,
1021 4970 1128 5030 sed
1165 4990 1323 5051 quae
1347 4970 1576 5031 Christi
1608 4985 1773 5048 sunt,
1806 4985 2192 5050 quaerentes,
2217 4969 2518 5049 religiose,
2538 4971 2774 5030 sincere
2796 4985 2854 5030 et
2874 4969 3083 5048 libere,
