<?xml version="1.0" encoding="UTF-8"?>
<!DOCTYPE html PUBLIC "-//W3C//DTD XHTML 1.0 Transitional//EN"
    "http://www.w3.org/TR/xhtml1/DTD/xhtml1-transitional.dtd">
<html xmlns="http://www.w3.org/1999/xhtml" xml:lang="en" lang="en">
 <head>
  <title>
</title>
<meta http-equiv="Content-Type" content="text/html;charset=utf-8" />
  <meta name='ocr-system' content='tesseract 3.04.00' />
  <meta name='ocr-capabilities' content='ocr_page ocr_carea ocr_par ocr_line ocrx_word'/>
</head>
<body>
  <div class='ocr_page' id='page_1' title='image "./fontesiuriscano00unkngoog/fontesiuriscano00unkngoog_0525.png"; bbox 0 0 3684 5416; ppageno 0'>
   <div class='ocr_carea' id='block_1_1' title="bbox 355 1705 403 1736">
    <p class='ocr_par' dir='ltr' id='par_1_1' title="bbox 355 1705 403 1736">
     <span class='ocr_line' id='line_1_1' title="bbox 355 1705 403 1736; baseline -0.021 0"><span class='ocrx_word' id='word_1_1' title='bbox 355 1705 403 1736; x_wconf 84' lang='lat' dir='ltr'><strong>to</strong></span> 
     </span>
    </p>
   </div>
   <div class='ocr_carea' id='block_1_2' title="bbox 353 2291 398 2334">
    <p class='ocr_par' dir='ltr' id='par_1_2' title="bbox 353 2291 398 2334">
     <span class='ocr_line' id='line_1_2' title="bbox 353 2291 398 2334; baseline 0 0"><span class='ocrx_word' id='word_1_2' title='bbox 353 2291 398 2334; x_wconf 80' lang='lat'><strong>¹5</strong></span> 
     </span>
    </p>
   </div>
   <div class='ocr_carea' id='block_1_3' title="bbox 346 2832 399 2864">
    <p class='ocr_par' dir='ltr' id='par_1_3' title="bbox 346 2832 399 2864">
     <span class='ocr_line' id='line_1_3' title="bbox 346 2832 399 2864; baseline -0.038 0"><span class='ocrx_word' id='word_1_3' title='bbox 346 2832 399 2864; x_wconf 77' lang='lat'><strong>20</strong></span> 
     </span>
    </p>
   </div>
   <div class='ocr_carea' id='block_1_4' title="bbox 344 3366 395 3409">
    <p class='ocr_par' dir='ltr' id='par_1_4' title="bbox 344 3366 395 3409">
     <span class='ocr_line' id='line_1_4' title="bbox 344 3366 395 3409; baseline 0 0"><span class='ocrx_word' id='word_1_4' title='bbox 344 3366 395 3409; x_wconf 79' lang='lat'><strong>²5</strong></span> 
     </span>
    </p>
   </div>
   <div class='ocr_carea' id='block_1_5' title="bbox 347 3899 399 3942">
    <p class='ocr_par' dir='ltr' id='par_1_5' title="bbox 347 3899 399 3942">
     <span class='ocr_line' id='line_1_5' title="bbox 347 3899 399 3942; baseline 0 -14"><span class='ocrx_word' id='word_1_5' title='bbox 347 3899 399 3942; x_wconf 74' lang='lat'><strong>30</strong></span> 
     </span>
    </p>
   </div>
   <div class='ocr_carea' id='block_1_6' title="bbox 346 4432 395 4475">
    <p class='ocr_par' dir='ltr' id='par_1_6' title="bbox 346 4432 395 4475">
     <span class='ocr_line' id='line_1_6' title="bbox 346 4432 395 4475; baseline 0.082 -4"><span class='ocrx_word' id='word_1_6' title='bbox 346 4432 395 4475; x_wconf 72' lang='lat'><strong>‘45</strong></span> 
     </span>
    </p>
   </div>
   <div class='ocr_carea' id='block_1_7' title="bbox 344 4967 397 5008">
    <p class='ocr_par' dir='ltr' id='par_1_7' title="bbox 344 4967 397 5008">
     <span class='ocr_line' id='line_1_7' title="bbox 344 4967 397 5008; baseline 0 -11"><span class='ocrx_word' id='word_1_7' title='bbox 344 4967 397 5008; x_wconf 76' lang='lat'><strong>40</strong></span> 
     </span>
    </p>
   </div>
   <div class='ocr_carea' id='block_1_8' title="bbox 1522 375 3072 451">
    <p class='ocr_par' dir='ltr' id='par_1_8' title="bbox 1522 375 3072 451">
     <span class='ocr_line' id='line_1_8' title="bbox 1522 375 3072 451; baseline 0.001 -21"><span class='ocrx_word' id='word_1_8' title='bbox 1522 375 1691 431; x_wconf 88' lang='lat' dir='ltr'><strong>Curia</strong></span> <span class='ocrx_word' id='word_1_9' title='bbox 1730 392 1990 431; x_wconf 88' lang='lat' dir='ltr'><strong>romana.</strong></span> <span class='ocrx_word' id='word_1_10' title='bbox 2961 378 3072 451; x_wconf 81' lang='lat'><strong>489</strong></span> 
     </span>
    </p>
   </div>
   <div class='ocr_carea' id='block_1_9' title="bbox 451 557 3070 1068">
    <p class='ocr_par' dir='ltr' id='par_1_9' title="bbox 451 557 3070 1068">
     <span class='ocr_line' id='line_1_9' title="bbox 452 557 3070 643; baseline 0.003 -26"><span class='ocrx_word' id='word_1_11' title='bbox 452 575 612 636; x_wconf 91' lang='lat' dir='ltr'><strong>quae</strong></span> <span class='ocrx_word' id='word_1_12' title='bbox 658 557 736 617; x_wconf 91' lang='lat' dir='ltr'><strong>ad</strong></span> <span class='ocrx_word' id='word_1_13' title='bbox 785 558 1051 619; x_wconf 92' lang='lat' dir='ltr'><strong>domum</strong></span> <span class='ocrx_word' id='word_1_14' title='bbox 1096 578 1272 619; x_wconf 88' lang='lat' dir='ltr'><strong>suam</strong></span> <span class='ocrx_word' id='word_1_15' title='bbox 1317 559 1689 632; x_wconf 82' lang='lat' dir='ltr'><strong>transmittit,</strong></span> <span class='ocrx_word' id='word_1_16' title='bbox 1725 575 1783 620; x_wconf 91' lang='lat' dir='ltr'><strong>et</strong></span> <span class='ocrx_word' id='word_1_17' title='bbox 1815 558 1881 620; x_wconf 92' lang='lat' dir='ltr'><strong>in</strong></span> <span class='ocrx_word' id='word_1_18' title='bbox 1912 560 2293 622; x_wconf 85' lang='lat' dir='ltr'><strong>comestione</strong></span> <span class='ocrx_word' id='word_1_19' title='bbox 2325 581 2438 622; x_wconf 91' lang='lat' dir='ltr'><strong>sua</strong></span> <span class='ocrx_word' id='word_1_20' title='bbox 2471 579 2662 623; x_wconf 87' lang='lat' dir='ltr'><strong>unam</strong></span> <span class='ocrx_word' id='word_1_21' title='bbox 2697 562 3070 643; x_wconf 82' lang='lat' dir='ltr'><strong>aquariciam</strong></span> 
     </span>
     <span class='ocr_line' id='line_1_10' title="bbox 453 663 3069 750; baseline 0.003 -27"><span class='ocrx_word' id='word_1_22' title='bbox 453 663 676 741; x_wconf 90' lang='lat' dir='ltr'><strong>clareti,</strong></span> <span class='ocrx_word' id='word_1_23' title='bbox 710 680 770 725; x_wconf 91' lang='lat' dir='ltr'><strong>et</strong></span> <span class='ocrx_word' id='word_1_24' title='bbox 800 664 983 727; x_wconf 91' lang='lat' dir='ltr'><strong>aliam</strong></span> <span class='ocrx_word' id='word_1_25' title='bbox 1017 665 1175 728; x_wconf 88' lang='lat' dir='ltr'><strong>vini:</strong></span> <span class='ocrx_word' id='word_1_26' title='bbox 1226 681 1285 727; x_wconf 90' lang='lat' dir='ltr'><strong>et</strong></span> <span class='ocrx_word' id='word_1_27' title='bbox 1315 666 1381 727; x_wconf 91' lang='lat' dir='ltr'><strong>in</strong></span> <span class='ocrx_word' id='word_1_28' title='bbox 1414 665 1511 727; x_wconf 92' lang='lat' dir='ltr'><strong>die</strong></span> <span class='ocrx_word' id='word_1_29' title='bbox 1547 667 1830 741; x_wconf 82' lang='lat' dir='ltr'><strong>Paschae,</strong></span> <span class='ocrx_word' id='word_1_30' title='bbox 1864 683 1920 728; x_wconf 91' lang='lat' dir='ltr'><strong>et</strong></span> <span class='ocrx_word' id='word_1_31' title='bbox 1954 667 2050 727; x_wconf 94' lang='lat' dir='ltr'><strong>die</strong></span> <span class='ocrx_word' id='word_1_32' title='bbox 2080 667 2264 729; x_wconf 88' lang='lat' dir='ltr'><strong>lunae</strong></span> <span class='ocrx_word' id='word_1_33' title='bbox 2300 684 2441 748; x_wconf 90' lang='lat' dir='ltr'><strong>post</strong></span> <span class='ocrx_word' id='word_1_34' title='bbox 2476 669 2723 744; x_wconf 81' lang='lat' dir='ltr'><strong>Pascha,</strong></span> <span class='ocrx_word' id='word_1_35' title='bbox 2776 686 2915 750; x_wconf 89' lang='lat' dir='ltr'><strong>post</strong></span> <span class='ocrx_word' id='word_1_36' title='bbox 2949 671 3069 730; x_wconf 89' lang='lat' dir='ltr'><strong>Ve-</strong></span> 
     </span>
     <span class='ocr_line' id='line_1_11' title="bbox 451 772 3070 858; baseline 0.002 -26"><span class='ocrx_word' id='word_1_37' title='bbox 451 792 657 853; x_wconf 86' lang='lat' dir='ltr'><strong>speras</strong></span> <span class='ocrx_word' id='word_1_38' title='bbox 707 772 785 833; x_wconf 90' lang='lat' dir='ltr'><strong>ad</strong></span> <span class='ocrx_word' id='word_1_39' title='bbox 836 786 1120 834; x_wconf 86' lang='lat' dir='ltr'><strong>sanctum</strong></span> <span class='ocrx_word' id='word_1_40' title='bbox 1151 772 1497 834; x_wconf 88' lang='lat' dir='ltr'><strong>Johannem</strong></span> <span class='ocrx_word' id='word_1_41' title='bbox 1546 774 1614 835; x_wconf 92' lang='lat' dir='ltr'><strong>in</strong></span> <span class='ocrx_word' id='word_1_42' title='bbox 1664 774 1729 834; x_wconf 89' lang='lat' dir='ltr'><strong>in</strong></span> <span class='ocrx_word' id='word_1_43' title='bbox 1778 774 1972 837; x_wconf 83' lang='lat' dir='ltr'><strong>Fonte</strong></span> <span class='ocrx_word' id='word_1_44' title='bbox 2024 795 2226 837; x_wconf 86' lang='lat' dir='ltr'><strong>unum</strong></span> <span class='ocrx_word' id='word_1_45' title='bbox 2271 777 2457 837; x_wconf 89' lang='lat' dir='ltr'><strong>barile</strong></span> <span class='ocrx_word' id='word_1_46' title='bbox 2505 777 2763 858; x_wconf 90' lang='lat' dir='ltr'><strong>plenum</strong></span> <span class='ocrx_word' id='word_1_47' title='bbox 2813 777 2976 847; x_wconf 86' lang='lat' dir='ltr'><strong>vin0,</strong></span> <span class='ocrx_word' id='word_1_48' title='bbox 3010 794 3070 837; x_wconf 92' lang='lat' dir='ltr'><strong>et</strong></span> 
     </span>
     <span class='ocr_line' id='line_1_12' title="bbox 453 878 3070 964; baseline 0.002 -26"><span class='ocrx_word' id='word_1_49' title='bbox 453 897 642 939; x_wconf 89' lang='lat' dir='ltr'><strong>unam</strong></span> <span class='ocrx_word' id='word_1_50' title='bbox 694 881 925 941; x_wconf 88' lang='lat' dir='ltr'><strong>bonam</strong></span> <span class='ocrx_word' id='word_1_51' title='bbox 970 878 1345 960; x_wconf 87' lang='lat' dir='ltr'><strong>aquariciam</strong></span> <span class='ocrx_word' id='word_1_52' title='bbox 1396 879 1638 962; x_wconf 85' lang='lat' dir='ltr'><strong>plenam</strong></span> <span class='ocrx_word' id='word_1_53' title='bbox 1672 881 1894 958; x_wconf 89' lang='lat' dir='ltr'><strong>clareti,</strong></span> <span class='ocrx_word' id='word_1_54' title='bbox 1927 896 1994 942; x_wconf 92' lang='lat' dir='ltr'><strong>ut</strong></span> <span class='ocrx_word' id='word_1_55' title='bbox 2025 883 2127 943; x_wconf 90' lang='lat' dir='ltr'><strong>det</strong></span> <span class='ocrx_word' id='word_1_56' title='bbox 2159 884 2424 944; x_wconf 89' lang='lat' dir='ltr'><strong>domino</strong></span> <span class='ocrx_word' id='word_1_57' title='bbox 2458 884 2657 964; x_wconf 84' lang='lat' dir='ltr'><strong>Papae</strong></span> <span class='ocrx_word' id='word_1_58' title='bbox 2689 901 2745 944; x_wconf 87' lang='lat' dir='ltr'><strong>et</strong></span> <span class='ocrx_word' id='word_1_59' title='bbox 2777 884 3070 945; x_wconf 91' lang='lat' dir='ltr'><strong>omnibus</strong></span> 
     </span>
     <span class='ocr_line' id='line_1_13' title="bbox 453 985 1661 1068; baseline 0.004 -24"><span class='ocrx_word' id='word_1_60' title='bbox 453 985 848 1048; x_wconf 83' lang='lat' dir='ltr'><strong>adstantibus.</strong></span> <span class='ocrx_word' id='word_1_61' title='bbox 916 985 975 1067; x_wconf 91' lang='lat' dir='ltr'><strong>[l.</strong></span> <span class='ocrx_word' id='word_1_62' title='bbox 1012 1007 1060 1047; x_wconf 88' lang='lat' dir='ltr'><strong>c.</strong></span> <span class='ocrx_word' id='word_1_63' title='bbox 1094 1006 1231 1068; x_wconf 88' lang='lat' dir='ltr'><strong>pag.</strong></span> <span class='ocrx_word' id='word_1_64' title='bbox 1272 986 1661 1067; x_wconf 80' lang='lat'>201--202.]</span> 
     </span>
    </p>
   </div>
   <div class='ocr_carea' id='block_1_10' title="bbox 1176 1231 2360 1302">
    <p class='ocr_par' dir='ltr' id='par_1_10' title="bbox 1176 1231 2360 1302">
     <span class='ocr_line' id='line_1_14' title="bbox 1176 1231 2360 1302; baseline 0.002 -14"><span class='ocrx_word' id='word_1_65' title='bbox 1176 1231 1309 1288; x_wconf 73' lang='lat'>2⁰4.</span> <span class='ocrx_word' id='word_1_66' title='bbox 1370 1232 1764 1289; x_wconf 74' lang='lat' dir='ltr'><strong>MAR’rlNUs</strong></span> <span class='ocrx_word' id='word_1_67' title='bbox 1805 1233 1874 1289; x_wconf 77' lang='lat' dir='ltr'><strong>V.</strong></span> <span class='ocrx_word' id='word_1_68' title='bbox 1927 1233 2360 1302; x_wconf 73' lang='lat' dir='ltr'><strong>(uu-1481.)</strong></span> 
     </span>
    </p>
   </div>
   <div class='ocr_carea' id='block_1_11' title="bbox 453 1391 3070 1608">
    <p class='ocr_par' dir='ltr' id='par_1_11' title="bbox 453 1391 3070 1608">
     <span class='ocr_line' id='line_1_15' title="bbox 454 1391 3069 1451; baseline 0.001 -3"><span class='ocrx_word' id='word_1_69' title='bbox 454 1391 757 1448; x_wconf 86' lang='lat' dir='ltr'><strong>Statuta</strong></span> <span class='ocrx_word' id='word_1_70' title='bbox 818 1405 885 1448; x_wconf 79' lang='lat' dir='ltr'><strong>et</strong></span> <span class='ocrx_word' id='word_1_71' title='bbox 943 1391 1484 1448; x_wconf 80' lang='lat' dir='ltr'><strong>ordinationes</strong></span> <span class='ocrx_word' id='word_1_72' title='bbox 1542 1395 2076 1450; x_wconf 85' lang='lat' dir='ltr'><strong>observandae</strong></span> <span class='ocrx_word' id='word_1_73' title='bbox 2130 1397 2216 1451; x_wconf 88' lang='lat' dir='ltr'><strong>ab</strong></span> <span class='ocrx_word' id='word_1_74' title='bbox 2269 1394 2778 1451; x_wconf 72' lang='lat' dir='ltr'><strong>Auditoribus</strong></span> <span class='ocrx_word' id='word_1_75' title='bbox 2833 1394 3069 1451; x_wconf 81' lang='lat' dir='ltr'><strong>Rotae</strong></span> 
     </span>
     <span class='ocr_line' id='line_1_16' title="bbox 453 1471 3070 1544; baseline 0.002 -19"><span class='ocrx_word' id='word_1_76' title='bbox 453 1471 861 1542; x_wconf 78' lang='lat' dir='ltr'><strong>Romanae,</strong></span> <span class='ocrx_word' id='word_1_77' title='bbox 918 1471 1527 1544; x_wconf 80' lang='lat' dir='ltr'><strong>Advocatisque,</strong></span> <span class='ocrx_word' id='word_1_78' title='bbox 1600 1474 2257 1530; x_wconf 75' lang='lat' dir='ltr'><strong>procuratoribus</strong></span> <span class='ocrx_word' id='word_1_79' title='bbox 2311 1487 2383 1530; x_wconf 91' lang='lat' dir='ltr'><strong>et</strong></span> <span class='ocrx_word' id='word_1_80' title='bbox 2437 1472 2843 1529; x_wconf 87' lang='lat' dir='ltr'><strong>Notariis</strong></span> <span class='ocrx_word' id='word_1_81' title='bbox 2884 1474 3070 1530; x_wconf 86' lang='lat' dir='ltr'><strong>eius</strong></span> 
     </span>
     <span class='ocr_line' id='line_1_17' title="bbox 1617 1553 1908 1608; baseline 0.003 -1"><span class='ocrx_word' id='word_1_82' title='bbox 1617 1553 1908 1608; x_wconf 87' lang='lat' dir='ltr'><strong>Curiae.</strong></span> 
     </span>
    </p>
   </div>
   <div class='ocr_carea' id='block_1_12' title="bbox 455 1673 3073 1832">
    <p class='ocr_par' dir='ltr' id='par_1_12' title="bbox 455 1673 3073 1832">
     <span class='ocr_line' id='line_1_18' title="bbox 670 1673 3073 1751; baseline 0.003 -25"><span class='ocrx_word' id='word_1_83' title='bbox 670 1673 699 1702; x_wconf 75' lang='lat'><strong>‘</strong></span> <span class='ocrx_word' id='word_1_84' title='bbox 757 1676 1030 1744; x_wconf 80' lang='lat' dir='ltr'><strong>Magnum</strong></span> <span class='ocrx_word' id='word_1_85' title='bbox 1070 1675 1389 1729; x_wconf 80' lang='lat' dir='ltr'><strong>Bullarium</strong></span> <span class='ocrx_word' id='word_1_86' title='bbox 1427 1676 1755 1730; x_wconf 81' lang='lat' dir='ltr'><strong>Romanum.</strong></span> <span class='ocrx_word' id='word_1_87' title='bbox 1814 1677 1990 1731; x_wconf 63' lang='lat' dir='ltr'><strong>lom.</strong></span> <span class='ocrx_word' id='word_1_88' title='bbox 2035 1677 2072 1730; x_wconf 87' lang='lat'><strong>1.</strong></span> <span class='ocrx_word' id='word_1_89' title='bbox 2126 1695 2180 1748; x_wconf 91' lang='lat' dir='ltr'><strong>p.</strong></span> <span class='ocrx_word' id='word_1_90' title='bbox 2223 1695 2520 1751; x_wconf 83' lang='lat'>300-303.</span> <span class='ocrx_word' id='word_1_91' title='bbox 2599 1678 2933 1750; x_wconf 85' lang='lat' dir='ltr'><strong>Bangen,</strong></span> <span class='ocrx_word' id='word_1_92' title='bbox 2972 1683 3073 1734; x_wconf 80' lang='lat' dir='ltr'><strong>Die</strong></span> 
     </span>
     <span class='ocr_line' id='line_1_19' title="bbox 455 1754 2834 1832; baseline 0.002 -23"><span class='ocrx_word' id='word_1_93' title='bbox 455 1754 725 1809; x_wconf 62' lang='lat' dir='ltr'><strong>romische</strong></span> <span class='ocrx_word' id='word_1_94' title='bbox 763 1756 958 1809; x_wconf 82' lang='lat' dir='ltr'><strong>Kurie.</strong></span> <span class='ocrx_word' id='word_1_95' title='bbox 999 1772 1055 1826; x_wconf 89' lang='lat' dir='ltr'><strong>p.</strong></span> <span class='ocrx_word' id='word_1_96' title='bbox 1096 1772 1197 1827; x_wconf 82' lang='lat'><strong>292</strong></span> <span class='ocrx_word' id='word_1_97' title='bbox 1240 1771 1361 1827; x_wconf 90' lang='lat' dir='ltr'><strong>seq.</strong></span> <span class='ocrx_word' id='word_1_98' title='bbox 1426 1755 1871 1819; x_wconf 78' lang='lat' dir='ltr'><strong>HinschiuS,</strong></span> <span class='ocrx_word' id='word_1_99' title='bbox 1911 1757 2313 1811; x_wconf 77' lang='lat' dir='ltr'><strong>Kirchenrecht.</strong></span> <span class='ocrx_word' id='word_1_100' title='bbox 2353 1759 2527 1813; x_wconf 83' lang='lat' dir='ltr'><strong>Tom.</strong></span> <span class='ocrx_word' id='word_1_101' title='bbox 2555 1758 2591 1812; x_wconf 91' lang='lat'><strong>1.</strong></span> <span class='ocrx_word' id='word_1_102' title='bbox 2631 1776 2686 1831; x_wconf 89' lang='lat' dir='ltr'><strong>p.</strong></span> <span class='ocrx_word' id='word_1_103' title='bbox 2716 1761 2834 1832; x_wconf 83' lang='lat'>396.</span> 
     </span>
    </p>
   </div>
   <div class='ocr_carea' id='block_1_13' title="bbox 454 1904 3071 1989">
    <p class='ocr_par' dir='ltr' id='par_1_13' title="bbox 454 1904 3071 1989">
     <span class='ocr_line' id='line_1_20' title="bbox 454 1904 3071 1989; baseline 0.002 -25"><span class='ocrx_word' id='word_1_104' title='bbox 454 1904 768 1985; x_wconf 53' lang='lat' dir='ltr'><strong>Martinus</strong></span> <span class='ocrx_word' id='word_1_105' title='bbox 801 1906 973 1988; x_wconf 84' lang='lat' dir='ltr'><strong>Papa</strong></span> <span class='ocrx_word' id='word_1_106' title='bbox 1009 1905 1068 1966; x_wconf 89' lang='lat' dir='ltr'><strong>V.</strong></span> <span class='ocrx_word' id='word_1_107' title='bbox 1105 1912 1210 1969; x_wconf 84' lang='lat' dir='ltr'><strong>etc.</strong></span> <span class='ocrx_word' id='word_1_108' title='bbox 1262 1906 1482 1967; x_wconf 83' lang='lat' dir='ltr'><strong>Servus</strong></span> <span class='ocrx_word' id='word_1_109' title='bbox 1515 1906 1837 1966; x_wconf 79' lang='lat' dir='ltr'><strong>Servorum</strong></span> <span class='ocrx_word' id='word_1_110' title='bbox 1871 1904 2016 1967; x_wconf 76' lang='lat' dir='ltr'><strong>Dei.</strong></span> <span class='ocrx_word' id='word_1_111' title='bbox 2064 1905 2171 1966; x_wconf 83' lang='lat' dir='ltr'><strong>Ad</strong></span> <span class='ocrx_word' id='word_1_112' title='bbox 2183 1913 2543 1989; x_wconf 79' lang='lat' dir='ltr'><strong>perpetuam</strong></span> <span class='ocrx_word' id='word_1_113' title='bbox 2578 1910 2676 1968; x_wconf 82' lang='lat' dir='ltr'><strong>rei</strong></span> <span class='ocrx_word' id='word_1_114' title='bbox 2701 1912 3071 1970; x_wconf 78' lang='lat' dir='ltr'><strong>memoriam.</strong></span> 
     </span>
    </p>
   </div>
   <div class='ocr_carea' id='block_1_14' title="bbox 451 2046 3073 3842">
    <p class='ocr_par' dir='ltr' id='par_1_14' title="bbox 454 2046 3073 2342">
     <span class='ocr_line' id='line_1_21' title="bbox 671 2046 3073 2132; baseline 0.001 -25"><span class='ocrx_word' id='word_1_115' title='bbox 671 2046 937 2108; x_wconf 87' lang='lat' dir='ltr'><strong>Romani</strong></span> <span class='ocrx_word' id='word_1_116' title='bbox 973 2046 1287 2110; x_wconf 79' lang='lat' dir='ltr'><strong>pontificis</strong></span> <span class='ocrx_word' id='word_1_117' title='bbox 1338 2046 1726 2128; x_wconf 91' lang='lat' dir='ltr'><strong>providentia</strong></span> <span class='ocrx_word' id='word_1_118' title='bbox 1758 2047 2221 2128; x_wconf 88' lang='lat' dir='ltr'><strong>circumspecta,</strong></span> <span class='ocrx_word' id='word_1_119' title='bbox 2252 2066 2733 2128; x_wconf 85' lang='lat' dir='ltr'><strong>nonnumquam</strong></span> <span class='ocrx_word' id='word_1_120' title='bbox 2762 2064 2930 2129; x_wconf 88' lang='lat' dir='ltr'><strong>gesta</strong></span> <span class='ocrx_word' id='word_1_121' title='bbox 2964 2069 3073 2132; x_wconf 91' lang='lat' dir='ltr'><strong>per</strong></span> 
     </span>
     <span class='ocr_line' id='line_1_22' title="bbox 454 2153 3073 2232; baseline 0.001 -18"><span class='ocrx_word' id='word_1_122' title='bbox 454 2172 618 2230; x_wconf 87' lang='lat' dir='ltr'><strong>eum,</strong></span> <span class='ocrx_word' id='word_1_123' title='bbox 653 2153 1133 2216; x_wconf 88' lang='lat' dir='ltr'><strong>rationabilibus</strong></span> <span class='ocrx_word' id='word_1_124' title='bbox 1166 2170 1224 2215; x_wconf 92' lang='lat' dir='ltr'><strong>et</strong></span> <span class='ocrx_word' id='word_1_125' title='bbox 1257 2154 1534 2216; x_wconf 86' lang='lat' dir='ltr'><strong>honestis</strong></span> <span class='ocrx_word' id='word_1_126' title='bbox 1565 2154 1969 2216; x_wconf 86' lang='lat' dir='ltr'><strong>suadentibus</strong></span> <span class='ocrx_word' id='word_1_127' title='bbox 2003 2154 2200 2217; x_wconf 88' lang='lat' dir='ltr'><strong>causis</strong></span> <span class='ocrx_word' id='word_1_128' title='bbox 2232 2155 2607 2232; x_wconf 87' lang='lat' dir='ltr'><strong>moderatur,</strong></span> <span class='ocrx_word' id='word_1_129' title='bbox 2641 2171 2698 2216; x_wconf 90' lang='lat' dir='ltr'><strong>et</strong></span> <span class='ocrx_word' id='word_1_130' title='bbox 2731 2172 3073 2218; x_wconf 89' lang='lat' dir='ltr'><strong>commutat</strong></span> 
     </span>
     <span class='ocr_line' id='line_1_23' title="bbox 455 2259 2537 2342; baseline 0.001 -22"><span class='ocrx_word' id='word_1_131' title='bbox 455 2259 515 2322; x_wconf 89' lang='lat' dir='ltr'><strong>in</strong></span> <span class='ocrx_word' id='word_1_132' title='bbox 549 2259 770 2321; x_wconf 89' lang='lat' dir='ltr'><strong>melius</strong></span> <span class='ocrx_word' id='word_1_133' title='bbox 804 2277 986 2341; x_wconf 93' lang='lat' dir='ltr'><strong>prout</strong></span> <span class='ocrx_word' id='word_1_134' title='bbox 1017 2260 1079 2322; x_wconf 90' lang='lat' dir='ltr'><strong>in</strong></span> <span class='ocrx_word' id='word_1_135' title='bbox 1113 2261 1394 2322; x_wconf 89' lang='lat' dir='ltr'><strong>Domino</strong></span> <span class='ocrx_word' id='word_1_136' title='bbox 1425 2262 1846 2342; x_wconf 87' lang='lat' dir='ltr'><strong>conspicimus</strong></span> <span class='ocrx_word' id='word_1_137' title='bbox 1877 2262 2203 2323; x_wconf 87' lang='lat' dir='ltr'><strong>salubriter</strong></span> <span class='ocrx_word' id='word_1_138' title='bbox 2234 2261 2537 2342; x_wconf 85' lang='lat' dir='ltr'><strong>expedire.</strong></span> 
     </span>
    </p>

    <p class='ocr_par' dir='ltr' id='par_1_15' title="bbox 451 2367 3072 3411">
     <span class='ocr_line' id='line_1_24' title="bbox 667 2367 3072 2451; baseline -0.001 -21"><span class='ocrx_word' id='word_1_139' title='bbox 667 2376 697 2436; x_wconf 83' lang='lat' dir='ltr'>S</span> <span class='ocrx_word' id='word_1_140' title='bbox 743 2389 790 2430; x_wconf 88' lang='lat'><strong>1.</strong></span> <span class='ocrx_word' id='word_1_141' title='bbox 852 2367 1068 2449; x_wconf 89' lang='lat' dir='ltr'><strong>Nuper</strong></span> <span class='ocrx_word' id='word_1_142' title='bbox 1113 2367 1163 2428; x_wconf 88' lang='lat' dir='ltr'><strong>si</strong></span> <span class='ocrx_word' id='word_1_143' title='bbox 1212 2368 1467 2449; x_wconf 87' lang='lat' dir='ltr'><strong>quidem</strong></span> <span class='ocrx_word' id='word_1_144' title='bbox 1518 2368 1794 2430; x_wconf 90' lang='lat' dir='ltr'><strong>videlicet</strong></span> <span class='ocrx_word' id='word_1_145' title='bbox 1840 2369 2034 2451; x_wconf 92' lang='lat' dir='ltr'><strong>pridie</strong></span> <span class='ocrx_word' id='word_1_146' title='bbox 2076 2369 2292 2431; x_wconf 92' lang='lat' dir='ltr'><strong>Nonas</strong></span> <span class='ocrx_word' id='word_1_147' title='bbox 2327 2368 2638 2429; x_wconf 83' lang='lat' dir='ltr'><strong>Februarii</strong></span> <span class='ocrx_word' id='word_1_148' title='bbox 2679 2368 3072 2429; x_wconf 83' lang='lat' dir='ltr'><strong>Pontificatus</strong></span> 
     </span>
     <span class='ocr_line' id='line_1_25' title="bbox 454 2473 3070 2556; baseline 0 -22"><span class='ocrx_word' id='word_1_149' title='bbox 454 2475 645 2536; x_wconf 89' lang='lat' dir='ltr'><strong>nostri</strong></span> <span class='ocrx_word' id='word_1_150' title='bbox 676 2480 871 2536; x_wconf 85' lang='lat' dir='ltr'><strong>Anno</strong></span> <span class='ocrx_word' id='word_1_151' title='bbox 904 2490 1091 2552; x_wconf 83' lang='lat' dir='ltr'><strong>sext0,</strong></span> <span class='ocrx_word' id='word_1_152' title='bbox 1142 2475 1448 2556; x_wconf 86' lang='lat' dir='ltr'><strong>quaedam</strong></span> <span class='ocrx_word' id='word_1_153' title='bbox 1481 2475 1971 2552; x_wconf 83' lang='lat' dir='ltr'><strong>constitutiones,</strong></span> <span class='ocrx_word' id='word_1_154' title='bbox 2010 2492 2070 2537; x_wconf 92' lang='lat' dir='ltr'><strong>et</strong></span> <span class='ocrx_word' id='word_1_155' title='bbox 2107 2475 2550 2552; x_wconf 88' lang='lat' dir='ltr'><strong>ordinationes,</strong></span> <span class='ocrx_word' id='word_1_156' title='bbox 2582 2495 2744 2555; x_wconf 89' lang='lat' dir='ltr'><strong>quae</strong></span> <span class='ocrx_word' id='word_1_157' title='bbox 2775 2473 3070 2536; x_wconf 81' lang='lat' dir='ltr'><strong>reforma-</strong></span> 
     </span>
     <span class='ocr_line' id='line_1_26' title="bbox 451 2581 3068 2658; baseline 0 -15"><span class='ocrx_word' id='word_1_158' title='bbox 451 2581 650 2644; x_wconf 89' lang='lat' dir='ltr'><strong>tiones</strong></span> <span class='ocrx_word' id='word_1_159' title='bbox 684 2581 1045 2644; x_wconf 86' lang='lat' dir='ltr'><strong>officialium</strong></span> <span class='ocrx_word' id='word_1_160' title='bbox 1066 2582 1387 2644; x_wconf 89' lang='lat' dir='ltr'><strong>Romanae</strong></span> <span class='ocrx_word' id='word_1_161' title='bbox 1419 2583 1644 2645; x_wconf 91' lang='lat' dir='ltr'><strong>Curiae</strong></span> <span class='ocrx_word' id='word_1_162' title='bbox 1676 2602 2051 2645; x_wconf 90' lang='lat' dir='ltr'><strong>concernere</strong></span> <span class='ocrx_word' id='word_1_163' title='bbox 2080 2582 2462 2658; x_wconf 89' lang='lat' dir='ltr'><strong>videbantur,</strong></span> <span class='ocrx_word' id='word_1_164' title='bbox 2495 2584 2557 2645; x_wconf 93' lang='lat' dir='ltr'><strong>in</strong></span> <span class='ocrx_word' id='word_1_165' title='bbox 2578 2583 2908 2645; x_wconf 83' lang='lat' dir='ltr'><strong>Audientia</strong></span> <span class='ocrx_word' id='word_1_166' title='bbox 2937 2582 3068 2644; x_wconf 89' lang='lat' dir='ltr'><strong>lite·</strong></span> 
     </span>
     <span class='ocr_line' id='line_1_27' title="bbox 452 2689 3068 2772; baseline -0 -21"><span class='ocrx_word' id='word_1_167' title='bbox 452 2708 658 2751; x_wconf 87' lang='lat' dir='ltr'><strong>rarum</strong></span> <span class='ocrx_word' id='word_1_168' title='bbox 691 2689 1205 2752; x_wconf 87' lang='lat' dir='ltr'><strong>contradictarum</strong></span> <span class='ocrx_word' id='word_1_169' title='bbox 1235 2690 1425 2753; x_wconf 88' lang='lat' dir='ltr'><strong>lectae</strong></span> <span class='ocrx_word' id='word_1_170' title='bbox 1458 2689 1725 2769; x_wconf 90' lang='lat' dir='ltr'><strong>fuerunt,</strong></span> <span class='ocrx_word' id='word_1_171' title='bbox 1757 2706 1815 2753; x_wconf 91' lang='lat' dir='ltr'><strong>et</strong></span> <span class='ocrx_word' id='word_1_172' title='bbox 1848 2690 2029 2752; x_wconf 88' lang='lat' dir='ltr'><strong>etiam</strong></span> <span class='ocrx_word' id='word_1_173' title='bbox 2064 2690 2427 2771; x_wconf 88' lang='lat' dir='ltr'><strong>publicatae.</strong></span> <span class='ocrx_word' id='word_1_174' title='bbox 2479 2690 2553 2753; x_wconf 88' lang='lat' dir='ltr'><strong>Et</strong></span> <span class='ocrx_word' id='word_1_175' title='bbox 2583 2689 2727 2772; x_wconf 87' lang='lat' dir='ltr'><strong>quia</strong></span> <span class='ocrx_word' id='word_1_176' title='bbox 2761 2689 3068 2752; x_wconf 87' lang='lat' dir='ltr'><strong>nonnulla</strong></span> 
     </span>
     <span class='ocr_line' id='line_1_28' title="bbox 458 2796 3072 2879; baseline -0 -21"><span class='ocrx_word' id='word_1_177' title='bbox 458 2796 722 2859; x_wconf 89' lang='lat' dir='ltr'><strong>nimium</strong></span> <span class='ocrx_word' id='word_1_178' title='bbox 769 2797 1045 2876; x_wconf 90' lang='lat' dir='ltr'><strong>rigorosa</strong></span> <span class='ocrx_word' id='word_1_179' title='bbox 1091 2796 1565 2859; x_wconf 86' lang='lat' dir='ltr'><strong>continebantur</strong></span> <span class='ocrx_word' id='word_1_180' title='bbox 1610 2796 1676 2859; x_wconf 90' lang='lat' dir='ltr'><strong>in</strong></span> <span class='ocrx_word' id='word_1_181' title='bbox 1724 2797 1861 2876; x_wconf 85' lang='lat' dir='ltr'><strong>illis,</strong></span> <span class='ocrx_word' id='word_1_182' title='bbox 1897 2817 2056 2879; x_wconf 90' lang='lat' dir='ltr'><strong>quae</strong></span> <span class='ocrx_word' id='word_1_183' title='bbox 2088 2797 2152 2859; x_wconf 92' lang='lat' dir='ltr'><strong>in</strong></span> <span class='ocrx_word' id='word_1_184' title='bbox 2185 2798 2464 2878; x_wconf 85' lang='lat' dir='ltr'><strong>ipsorum</strong></span> <span class='ocrx_word' id='word_1_185' title='bbox 2497 2797 2856 2860; x_wconf 87' lang='lat' dir='ltr'><strong>officialium</strong></span> <span class='ocrx_word' id='word_1_186' title='bbox 2889 2796 3072 2858; x_wconf 90' lang='lat' dir='ltr'><strong>nimis</strong></span> 
     </span>
     <span class='ocr_line' id='line_1_29' title="bbox 452 2903 3072 2986; baseline 0.001 -22"><span class='ocrx_word' id='word_1_187' title='bbox 452 2924 635 2982; x_wconf 85' lang='lat' dir='ltr'><strong>grave</strong></span> <span class='ocrx_word' id='word_1_188' title='bbox 668 2904 1086 2985; x_wconf 88' lang='lat' dir='ltr'><strong>dispendium,</strong></span> <span class='ocrx_word' id='word_1_189' title='bbox 1118 2920 1178 2966; x_wconf 92' lang='lat' dir='ltr'><strong>et</strong></span> <span class='ocrx_word' id='word_1_190' title='bbox 1211 2903 1656 2984; x_wconf 89' lang='lat' dir='ltr'><strong>praejudicium</strong></span> <span class='ocrx_word' id='word_1_191' title='bbox 1693 2906 2151 2982; x_wconf 88' lang='lat' dir='ltr'><strong>redundabant,</strong></span> <span class='ocrx_word' id='word_1_192' title='bbox 2186 2924 2287 2966; x_wconf 89' lang='lat' dir='ltr'><strong>eas</strong></span> <span class='ocrx_word' id='word_1_193' title='bbox 2307 2923 2416 2986; x_wconf 92' lang='lat' dir='ltr'><strong>per</strong></span> <span class='ocrx_word' id='word_1_194' title='bbox 2436 2920 2680 2967; x_wconf 89' lang='lat' dir='ltr'><strong>nostrae</strong></span> <span class='ocrx_word' id='word_1_195' title='bbox 2703 2903 3072 2985; x_wconf 89' lang='lat' dir='ltr'><strong>provisionis</strong></span> 
     </span>
     <span class='ocr_line' id='line_1_30' title="bbox 453 3010 3070 3093; baseline 0 -22"><span class='ocrx_word' id='word_1_196' title='bbox 453 3011 752 3089; x_wconf 83' lang='lat' dir='ltr'><strong>officium,</strong></span> <span class='ocrx_word' id='word_1_197' title='bbox 788 3011 1121 3091; x_wconf 88' lang='lat' dir='ltr'><strong>habitaque</strong></span> <span class='ocrx_word' id='word_1_198' title='bbox 1151 3031 1337 3093; x_wconf 89' lang='lat' dir='ltr'><strong>super</strong></span> <span class='ocrx_word' id='word_1_199' title='bbox 1368 3011 1463 3072; x_wconf 91' lang='lat' dir='ltr'><strong>his</strong></span> <span class='ocrx_word' id='word_1_200' title='bbox 1495 3011 1939 3073; x_wconf 90' lang='lat' dir='ltr'><strong>deliberatione</strong></span> <span class='ocrx_word' id='word_1_201' title='bbox 1970 3026 2228 3088; x_wconf 88' lang='lat' dir='ltr'><strong>matura,</strong></span> <span class='ocrx_word' id='word_1_202' title='bbox 2261 3010 2323 3073; x_wconf 93' lang='lat' dir='ltr'><strong>in</strong></span> <span class='ocrx_word' id='word_1_203' title='bbox 2345 3010 2565 3075; x_wconf 88' lang='lat' dir='ltr'><strong>melius</strong></span> <span class='ocrx_word' id='word_1_204' title='bbox 2585 3011 2877 3072; x_wconf 85' lang='lat' dir='ltr'><strong>duximus</strong></span> <span class='ocrx_word' id='word_1_205' title='bbox 2897 3029 3070 3072; x_wconf 89' lang='lat' dir='ltr'><strong>com-</strong></span> 
     </span>
     <span class='ocr_line' id='line_1_31' title="bbox 453 3117 3070 3200; baseline 0 -22"><span class='ocrx_word' id='word_1_206' title='bbox 453 3118 797 3179; x_wconf 89' lang='lat' dir='ltr'><strong>mutandas.</strong></span> <span class='ocrx_word' id='word_1_207' title='bbox 860 3118 994 3179; x_wconf 89' lang='lat' dir='ltr'><strong>Illas</strong></span> <span class='ocrx_word' id='word_1_208' title='bbox 1026 3117 1209 3199; x_wconf 89' lang='lat' dir='ltr'><strong>igitur</strong></span> <span class='ocrx_word' id='word_1_209' title='bbox 1242 3119 1730 3196; x_wconf 85' lang='lat' dir='ltr'><strong>constitutiones,</strong></span> <span class='ocrx_word' id='word_1_210' title='bbox 1763 3135 1823 3181; x_wconf 90' lang='lat' dir='ltr'><strong>et</strong></span> <span class='ocrx_word' id='word_1_211' title='bbox 1855 3118 2299 3195; x_wconf 77' lang='lat' dir='ltr'><strong>ordinationeS,</strong></span> <span class='ocrx_word' id='word_1_212' title='bbox 2331 3134 2400 3178; x_wconf 90' lang='lat' dir='ltr'><strong>ut</strong></span> <span class='ocrx_word' id='word_1_213' title='bbox 2431 3119 2835 3200; x_wconf 88' lang='lat' dir='ltr'><strong>praemittitur</strong></span> <span class='ocrx_word' id='word_1_214' title='bbox 2867 3118 3070 3199; x_wconf 85' lang='lat' dir='ltr'><strong>publi-</strong></span> 
     </span>
     <span class='ocr_line' id='line_1_32' title="bbox 454 3223 3070 3305; baseline 0.001 -22"><span class='ocrx_word' id='word_1_215' title='bbox 454 3240 633 3301; x_wconf 90' lang='lat' dir='ltr'><strong>catas,</strong></span> <span class='ocrx_word' id='word_1_216' title='bbox 668 3223 1025 3286; x_wconf 89' lang='lat' dir='ltr'><strong>auctoritate</strong></span> <span class='ocrx_word' id='word_1_217' title='bbox 1059 3225 1477 3304; x_wconf 87' lang='lat' dir='ltr'><strong>praesentium</strong></span> <span class='ocrx_word' id='word_1_218' title='bbox 1499 3224 1751 3305; x_wconf 89' lang='lat' dir='ltr'><strong>perinde</strong></span> <span class='ocrx_word' id='word_1_219' title='bbox 1773 3224 1985 3286; x_wconf 92' lang='lat' dir='ltr'><strong>haberi</strong></span> <span class='ocrx_word' id='word_1_220' title='bbox 2008 3224 2307 3304; x_wconf 91' lang='lat' dir='ltr'><strong>volentes,</strong></span> <span class='ocrx_word' id='word_1_221' title='bbox 2330 3246 2400 3287; x_wconf 88' lang='lat' dir='ltr'><strong>ac</strong></span> <span class='ocrx_word' id='word_1_222' title='bbox 2419 3226 2469 3286; x_wconf 87' lang='lat' dir='ltr'><strong>si</strong></span> <span class='ocrx_word' id='word_1_223' title='bbox 2490 3223 2555 3287; x_wconf 90' lang='lat' dir='ltr'><strong>in</strong></span> <span class='ocrx_word' id='word_1_224' title='bbox 2578 3226 2794 3287; x_wconf 86' lang='lat' dir='ltr'><strong>eadem</strong></span> <span class='ocrx_word' id='word_1_225' title='bbox 2814 3226 3070 3286; x_wconf 84' lang='lat' dir='ltr'><strong>audien-</strong></span> 
     </span>
     <span class='ocr_line' id='line_1_33' title="bbox 454 3330 3069 3411; baseline 0.001 -22"><span class='ocrx_word' id='word_1_226' title='bbox 454 3330 533 3391; x_wconf 86' lang='lat' dir='ltr'><strong>tia</strong></span> <span class='ocrx_word' id='word_1_227' title='bbox 564 3330 755 3391; x_wconf 90' lang='lat' dir='ltr'><strong>lectae</strong></span> <span class='ocrx_word' id='word_1_228' title='bbox 786 3346 844 3392; x_wconf 88' lang='lat' dir='ltr'><strong>et</strong></span> <span class='ocrx_word' id='word_1_229' title='bbox 881 3330 1221 3411; x_wconf 89' lang='lat' dir='ltr'><strong>publicatae</strong></span> <span class='ocrx_word' id='word_1_230' title='bbox 1259 3331 1511 3393; x_wconf 89' lang='lat' dir='ltr'><strong>minime</strong></span> <span class='ocrx_word' id='word_1_231' title='bbox 1546 3331 1896 3409; x_wconf 83' lang='lat' dir='ltr'><strong>extitissent,</strong></span> <span class='ocrx_word' id='word_1_232' title='bbox 1932 3348 1991 3392; x_wconf 92' lang='lat' dir='ltr'><strong>et</strong></span> <span class='ocrx_word' id='word_1_233' title='bbox 2023 3352 2058 3393; x_wconf 93' lang='lat' dir='ltr'><strong>a</strong></span> <span class='ocrx_word' id='word_1_234' title='bbox 2092 3332 2274 3393; x_wconf 90' lang='lat' dir='ltr'><strong>nobis</strong></span> <span class='ocrx_word' id='word_1_235' title='bbox 2295 3332 2645 3394; x_wconf 84' lang='lat' dir='ltr'><strong>nullatenus</strong></span> <span class='ocrx_word' id='word_1_236' title='bbox 2665 3347 3069 3394; x_wconf 89' lang='lat' dir='ltr'><strong>emanassent.</strong></span> 
     </span>
    </p>

    <p class='ocr_par' dir='ltr' id='par_1_16' title="bbox 452 3437 3073 3842">
     <span class='ocr_line' id='line_1_34' title="bbox 666 3437 3073 3519; baseline 0 -21"><span class='ocrx_word' id='word_1_237' title='bbox 666 3445 696 3506; x_wconf 77' lang='lat' dir='ltr'><strong>s</strong></span> <span class='ocrx_word' id='word_1_238' title='bbox 748 3457 803 3499; x_wconf 87' lang='lat'><strong>2.</strong></span> <span class='ocrx_word' id='word_1_239' title='bbox 866 3437 1277 3519; x_wconf 88' lang='lat' dir='ltr'><strong>Infrascriptas</strong></span> <span class='ocrx_word' id='word_1_240' title='bbox 1324 3438 1816 3517; x_wconf 86' lang='lat' dir='ltr'><strong>constitutiones,</strong></span> <span class='ocrx_word' id='word_1_241' title='bbox 1868 3454 1927 3499; x_wconf 95' lang='lat' dir='ltr'><strong>et</strong></span> <span class='ocrx_word' id='word_1_242' title='bbox 1976 3439 2402 3500; x_wconf 89' lang='lat' dir='ltr'><strong>ordinationes</strong></span> <span class='ocrx_word' id='word_1_243' title='bbox 2447 3455 2705 3515; x_wconf 90' lang='lat' dir='ltr'><strong>nostras,</strong></span> <span class='ocrx_word' id='word_1_244' title='bbox 2755 3439 2819 3498; x_wconf 91' lang='lat' dir='ltr'><strong>in</strong></span> <span class='ocrx_word' id='word_1_245' title='bbox 2856 3438 3073 3498; x_wconf 88' lang='lat' dir='ltr'><strong>eadem</strong></span> 
     </span>
     <span class='ocr_line' id='line_1_35' title="bbox 452 3542 3071 3626; baseline -0 -21"><span class='ocrx_word' id='word_1_246' title='bbox 452 3544 787 3606; x_wconf 86' lang='lat' dir='ltr'><strong>Audientia</strong></span> <span class='ocrx_word' id='word_1_247' title='bbox 839 3544 980 3625; x_wconf 86' lang='lat' dir='ltr'><strong>legi,</strong></span> <span class='ocrx_word' id='word_1_248' title='bbox 1026 3560 1083 3606; x_wconf 94' lang='lat' dir='ltr'><strong>et</strong></span> <span class='ocrx_word' id='word_1_249' title='bbox 1130 3545 1428 3626; x_wconf 86' lang='lat' dir='ltr'><strong>publicari</strong></span> <span class='ocrx_word' id='word_1_250' title='bbox 1476 3544 1790 3618; x_wconf 87' lang='lat' dir='ltr'><strong>volumus,</strong></span> <span class='ocrx_word' id='word_1_251' title='bbox 1838 3559 1900 3606; x_wconf 89' lang='lat' dir='ltr'><strong>et</strong></span> <span class='ocrx_word' id='word_1_252' title='bbox 1948 3543 2237 3605; x_wconf 87' lang='lat' dir='ltr'><strong>iubemus</strong></span> <span class='ocrx_word' id='word_1_253' title='bbox 2283 3563 2508 3624; x_wconf 87' lang='lat' dir='ltr'><strong>easque</strong></span> <span class='ocrx_word' id='word_1_254' title='bbox 2554 3542 2964 3626; x_wconf 91' lang='lat' dir='ltr'><strong>praecipimus</strong></span> <span class='ocrx_word' id='word_1_255' title='bbox 2997 3546 3071 3604; x_wconf 92' lang='lat' dir='ltr'><strong>ab</strong></span> 
     </span>
     <span class='ocr_line' id='line_1_36' title="bbox 452 3648 3070 3737; baseline -0 -25"><span class='ocrx_word' id='word_1_256' title='bbox 452 3651 748 3712; x_wconf 90' lang='lat' dir='ltr'><strong>omnibus</strong></span> <span class='ocrx_word' id='word_1_257' title='bbox 782 3651 1210 3737; x_wconf 76' lang='lat' dir='ltr'><strong>inviolabiliter</strong></span> <span class='ocrx_word' id='word_1_258' title='bbox 1244 3651 1568 3714; x_wconf 91' lang='lat' dir='ltr'><strong>observari.</strong></span> <span class='ocrx_word' id='word_1_259' title='bbox 1603 3652 1677 3712; x_wconf 90' lang='lat' dir='ltr'><strong>Et</strong></span> <span class='ocrx_word' id='word_1_260' title='bbox 1708 3651 1848 3712; x_wconf 90' lang='lat' dir='ltr'><strong>licet</strong></span> <span class='ocrx_word' id='word_1_261' title='bbox 1882 3650 2023 3713; x_wconf 89' lang='lat' dir='ltr'><strong>foel.</strong></span> <span class='ocrx_word' id='word_1_262' title='bbox 2047 3670 2163 3712; x_wconf 89' lang='lat' dir='ltr'><strong>rec.</strong></span> <span class='ocrx_word' id='word_1_263' title='bbox 2195 3651 2462 3712; x_wconf 89' lang='lat' dir='ltr'><strong>Joannes</strong></span> <span class='ocrx_word' id='word_1_264' title='bbox 2482 3650 2666 3712; x_wconf 86' lang='lat' dir='ltr'>XVII.</span> <span class='ocrx_word' id='word_1_265' title='bbox 2687 3667 2746 3713; x_wconf 91' lang='lat' dir='ltr'><strong>et</strong></span> <span class='ocrx_word' id='word_1_266' title='bbox 2765 3648 2950 3730; x_wconf 87' lang='lat' dir='ltr'><strong>Greg.</strong></span> <span class='ocrx_word' id='word_1_267' title='bbox 2970 3650 3070 3712; x_wconf 90' lang='lat' dir='ltr'><strong>Xl.</strong></span> 
     </span>
     <span class='ocr_line' id='line_1_37' title="bbox 457 3759 3067 3842; baseline 0 -23"><span class='ocrx_word' id='word_1_268' title='bbox 457 3760 725 3821; x_wconf 85' lang='lat' dir='ltr'><strong>Romani</strong></span> <span class='ocrx_word' id='word_1_269' title='bbox 760 3759 1089 3822; x_wconf 90' lang='lat' dir='ltr'><strong>Pontifices</strong></span> <span class='ocrx_word' id='word_1_270' title='bbox 1135 3761 1638 3842; x_wconf 89' lang='lat' dir='ltr'><strong>praedecessores</strong></span> <span class='ocrx_word' id='word_1_271' title='bbox 1685 3760 1876 3820; x_wconf 90' lang='lat' dir='ltr'><strong>nostri</strong></span> <span class='ocrx_word' id='word_1_272' title='bbox 1921 3759 2255 3821; x_wconf 87' lang='lat' dir='ltr'><strong>nonnullas</strong></span> <span class='ocrx_word' id='word_1_273' title='bbox 2286 3759 2774 3837; x_wconf 88' lang='lat' dir='ltr'><strong>constitutiones,</strong></span> <span class='ocrx_word' id='word_1_274' title='bbox 2809 3774 2868 3820; x_wconf 93' lang='lat' dir='ltr'><strong>et</strong></span> <span class='ocrx_word' id='word_1_275' title='bbox 2901 3759 3067 3820; x_wconf 91' lang='lat' dir='ltr'><strong>ordi-</strong></span> 
     </span>
    </p>
   </div>
   <div class='ocr_carea' id='block_1_15' title="bbox 452 3864 3172 3947">
    <p class='ocr_par' dir='ltr' id='par_1_17' title="bbox 452 3864 3172 3947">
     <span class='ocr_line' id='line_1_38' title="bbox 452 3864 3172 3947; baseline 0 -21"><span class='ocrx_word' id='word_1_276' title='bbox 452 3865 753 3945; x_wconf 86' lang='lat' dir='ltr'><strong>nationes,</strong></span> <span class='ocrx_word' id='word_1_277' title='bbox 807 3867 963 3928; x_wconf 89' lang='lat' dir='ltr'><strong>circa</strong></span> <span class='ocrx_word' id='word_1_278' title='bbox 1010 3868 1285 3947; x_wconf 88' lang='lat' dir='ltr'><strong>regimen</strong></span> <span class='ocrx_word' id='word_1_279' title='bbox 1320 3883 1379 3929; x_wconf 89' lang='lat' dir='ltr'><strong>et</strong></span> <span class='ocrx_word' id='word_1_280' title='bbox 1410 3867 1869 3929; x_wconf 87' lang='lat' dir='ltr'><strong>ordinationem</strong></span> <span class='ocrx_word' id='word_1_281' title='bbox 1902 3865 2280 3944; x_wconf 88' lang='lat' dir='ltr'><strong>officialium,</strong></span> <span class='ocrx_word' id='word_1_282' title='bbox 2315 3882 2373 3927; x_wconf 90' lang='lat' dir='ltr'><strong>et</strong></span> <span class='ocrx_word' id='word_1_283' title='bbox 2403 3865 2760 3928; x_wconf 85' lang='lat' dir='ltr'><strong>officiorum</strong></span> <span class='ocrx_word' id='word_1_284' title='bbox 2792 3864 3072 3941; x_wconf 89' lang='lat' dir='ltr'><strong>ejusdem</strong></span> <span class='ocrx_word' id='word_1_285' title='bbox 3161 3932 3172 3943; x_wconf 55' lang='grc'><strong>,</strong></span> 
     </span>
    </p>
   </div>
   <div class='ocr_carea' id='block_1_16' title="bbox 451 3972 3077 5018">
    <p class='ocr_par' dir='ltr' id='par_1_18' title="bbox 451 3972 3077 5018">
     <span class='ocr_line' id='line_1_39' title="bbox 452 3972 3075 4055; baseline -0.001 -20"><span class='ocrx_word' id='word_1_286' title='bbox 452 3973 677 4036; x_wconf 90' lang='lat' dir='ltr'><strong>Curiae</strong></span> <span class='ocrx_word' id='word_1_287' title='bbox 710 3973 1096 4036; x_wconf 89' lang='lat' dir='ltr'><strong>laudabiliter</strong></span> <span class='ocrx_word' id='word_1_288' title='bbox 1126 3973 1462 4046; x_wconf 86' lang='lat' dir='ltr'><strong>ediderint;</strong></span> <span class='ocrx_word' id='word_1_289' title='bbox 1513 3973 1656 4055; x_wconf 93' lang='lat' dir='ltr'><strong>quia</strong></span> <span class='ocrx_word' id='word_1_290' title='bbox 1690 3989 1897 4035; x_wconf 89' lang='lat' dir='ltr'><strong>tamen</strong></span> <span class='ocrx_word' id='word_1_291' title='bbox 1930 3973 2047 4035; x_wconf 92' lang='lat' dir='ltr'><strong>illis</strong></span> <span class='ocrx_word' id='word_1_292' title='bbox 2094 3974 2317 4035; x_wconf 90' lang='lat' dir='ltr'><strong>mundi</strong></span> <span class='ocrx_word' id='word_1_293' title='bbox 2349 3988 2658 4034; x_wconf 90' lang='lat' dir='ltr'><strong>crescente</strong></span> <span class='ocrx_word' id='word_1_294' title='bbox 2692 3972 2937 4049; x_wconf 90' lang='lat' dir='ltr'><strong>malitia,</strong></span> <span class='ocrx_word' id='word_1_295' title='bbox 2969 3990 3075 4034; x_wconf 91' lang='lat' dir='ltr'><strong>aut</strong></span> 
     </span>
     <span class='ocr_line' id='line_1_40' title="bbox 451 4079 3075 4159; baseline -0.001 -17"><span class='ocrx_word' id='word_1_296' title='bbox 451 4081 656 4142; x_wconf 90' lang='lat' dir='ltr'><strong>debite</strong></span> <span class='ocrx_word' id='word_1_297' title='bbox 700 4101 831 4142; x_wconf 91' lang='lat' dir='ltr'><strong>non</strong></span> <span class='ocrx_word' id='word_1_298' title='bbox 877 4096 1217 4158; x_wconf 87' lang='lat' dir='ltr'><strong>servantur,</strong></span> <span class='ocrx_word' id='word_1_299' title='bbox 1265 4096 1371 4142; x_wconf 92' lang='lat' dir='ltr'><strong>aut</strong></span> <span class='ocrx_word' id='word_1_300' title='bbox 1419 4081 1841 4142; x_wconf 89' lang='lat' dir='ltr'><strong>additionibus</strong></span> <span class='ocrx_word' id='word_1_301' title='bbox 1893 4081 2144 4142; x_wconf 90' lang='lat' dir='ltr'><strong>utilibus</strong></span> <span class='ocrx_word' id='word_1_302' title='bbox 2195 4081 2467 4159; x_wconf 84' lang='lat' dir='ltr'><strong>indigere</strong></span> <span class='ocrx_word' id='word_1_303' title='bbox 2520 4094 2882 4155; x_wconf 90' lang='lat' dir='ltr'><strong>noscuntur,</strong></span> <span class='ocrx_word' id='word_1_304' title='bbox 2940 4079 3075 4140; x_wconf 90' lang='lat' dir='ltr'><strong>Nos</strong></span> 
     </span>
     <span class='ocr_line' id='line_1_41' title="bbox 451 4186 3076 4270; baseline 0 -23"><span class='ocrx_word' id='word_1_305' title='bbox 451 4206 637 4269; x_wconf 92' lang='lat' dir='ltr'><strong>super</strong></span> <span class='ocrx_word' id='word_1_306' title='bbox 670 4188 764 4250; x_wconf 92' lang='lat' dir='ltr'><strong>his</strong></span> <span class='ocrx_word' id='word_1_307' title='bbox 797 4188 1183 4250; x_wconf 90' lang='lat' dir='ltr'><strong>intendentes</strong></span> <span class='ocrx_word' id='word_1_308' title='bbox 1215 4205 1402 4270; x_wconf 92' lang='lat' dir='ltr'><strong>prout</strong></span> <span class='ocrx_word' id='word_1_309' title='bbox 1435 4207 1505 4249; x_wconf 85' lang='lat' dir='ltr'><strong>ex</strong></span> <span class='ocrx_word' id='word_1_310' title='bbox 1538 4188 1747 4249; x_wconf 92' lang='lat' dir='ltr'><strong>debito</strong></span> <span class='ocrx_word' id='word_1_311' title='bbox 1786 4188 2106 4269; x_wconf 89' lang='lat' dir='ltr'><strong>pastoralis</strong></span> <span class='ocrx_word' id='word_1_312' title='bbox 2138 4188 2326 4249; x_wconf 88' lang='lat' dir='ltr'><strong>officii</strong></span> <span class='ocrx_word' id='word_1_313' title='bbox 2357 4188 2723 4267; x_wconf 84' lang='lat' dir='ltr'><strong>obligamur,</strong></span> <span class='ocrx_word' id='word_1_314' title='bbox 2755 4186 3076 4248; x_wconf 88' lang='lat' dir='ltr'><strong>salubriter</strong></span> 
     </span>
     <span class='ocr_line' id='line_1_42' title="bbox 454 4295 3075 4376; baseline 0 -22"><span class='ocrx_word' id='word_1_315' title='bbox 454 4295 775 4374; x_wconf 90' lang='lat' dir='ltr'><strong>providere</strong></span> <span class='ocrx_word' id='word_1_316' title='bbox 822 4295 1311 4374; x_wconf 84' lang='lat' dir='ltr'><strong>constitutiones,</strong></span> <span class='ocrx_word' id='word_1_317' title='bbox 1361 4310 1419 4356; x_wconf 92' lang='lat' dir='ltr'><strong>et</strong></span> <span class='ocrx_word' id='word_1_318' title='bbox 1466 4295 1890 4357; x_wconf 88' lang='lat' dir='ltr'><strong>ordinationes</strong></span> <span class='ocrx_word' id='word_1_319' title='bbox 1927 4296 2236 4357; x_wconf 88' lang='lat' dir='ltr'><strong>dictorum</strong></span> <span class='ocrx_word' id='word_1_320' title='bbox 2284 4296 2825 4376; x_wconf 89' lang='lat' dir='ltr'><strong>praedecessorum</strong></span> <span class='ocrx_word' id='word_1_321' title='bbox 2860 4309 3075 4356; x_wconf 90' lang='lat' dir='ltr'><strong>tenore</strong></span> 
     </span>
     <span class='ocr_line' id='line_1_43' title="bbox 455 4400 3075 4484; baseline -0.001 -21"><span class='ocrx_word' id='word_1_322' title='bbox 455 4403 874 4482; x_wconf 88' lang='lat' dir='ltr'><strong>praesentium</strong></span> <span class='ocrx_word' id='word_1_323' title='bbox 904 4403 1261 4464; x_wconf 90' lang='lat' dir='ltr'><strong>auctoritate</strong></span> <span class='ocrx_word' id='word_1_324' title='bbox 1297 4402 1651 4484; x_wconf 83' lang='lat' dir='ltr'><strong>Apostolica</strong></span> <span class='ocrx_word' id='word_1_325' title='bbox 1699 4402 2067 4464; x_wconf 89' lang='lat' dir='ltr'><strong>innovantes</strong></span> <span class='ocrx_word' id='word_1_326' title='bbox 2114 4421 2214 4463; x_wconf 88' lang='lat' dir='ltr'><strong>eas</strong></span> <span class='ocrx_word' id='word_1_327' title='bbox 2260 4422 2404 4464; x_wconf 92' lang='lat' dir='ltr'><strong>cum</strong></span> <span class='ocrx_word' id='word_1_328' title='bbox 2438 4401 2856 4463; x_wconf 90' lang='lat' dir='ltr'><strong>additionibus</strong></span> <span class='ocrx_word' id='word_1_329' title='bbox 2886 4400 3075 4463; x_wconf 88' lang='lat' dir='ltr'><strong>infra·</strong></span> 
     </span>
     <span class='ocr_line' id='line_1_44' title="bbox 453 4508 3076 4591; baseline -0 -22"><span class='ocrx_word' id='word_1_330' title='bbox 453 4509 687 4591; x_wconf 89' lang='lat' dir='ltr'><strong>scriptis</strong></span> <span class='ocrx_word' id='word_1_331' title='bbox 733 4529 887 4589; x_wconf 91' lang='lat' dir='ltr'><strong>quas</strong></span> <span class='ocrx_word' id='word_1_332' title='bbox 932 4510 1058 4570; x_wconf 90' lang='lat' dir='ltr'><strong>vim</strong></span> <span class='ocrx_word' id='word_1_333' title='bbox 1107 4525 1438 4590; x_wconf 92' lang='lat' dir='ltr'><strong>perpetuae</strong></span> <span class='ocrx_word' id='word_1_334' title='bbox 1471 4509 1924 4571; x_wconf 89' lang='lat' dir='ltr'><strong>constitutionis</strong></span> <span class='ocrx_word' id='word_1_335' title='bbox 1956 4509 2181 4570; x_wconf 87' lang='lat' dir='ltr'><strong>habere</strong></span> <span class='ocrx_word' id='word_1_336' title='bbox 2213 4509 2627 4587; x_wconf 77' lang='lat' dir='ltr'><strong>decernimuS‚</strong></span> <span class='ocrx_word' id='word_1_337' title='bbox 2665 4508 3076 4589; x_wconf 89' lang='lat' dir='ltr'><strong>praecipimus</strong></span> 
     </span>
     <span class='ocr_line' id='line_1_45' title="bbox 453 4614 3075 4695; baseline 0 -21"><span class='ocrx_word' id='word_1_338' title='bbox 453 4615 704 4676; x_wconf 84' lang='lat' dir='ltr'><strong>firmiter</strong></span> <span class='ocrx_word' id='word_1_339' title='bbox 738 4615 1065 4678; x_wconf 90' lang='lat' dir='ltr'><strong>observari.</strong></span> <span class='ocrx_word' id='word_1_340' title='bbox 1144 4615 1509 4677; x_wconf 87' lang='lat' dir='ltr'><strong>Mandantes</strong></span> <span class='ocrx_word' id='word_1_341' title='bbox 1543 4635 1613 4677; x_wconf 86' lang='lat' dir='ltr'><strong>ex</strong></span> <span class='ocrx_word' id='word_1_342' title='bbox 1648 4635 1817 4677; x_wconf 89' lang='lat' dir='ltr'><strong>nunc</strong></span> <span class='ocrx_word' id='word_1_343' title='bbox 1851 4614 2201 4678; x_wconf 90' lang='lat' dir='ltr'><strong>Venerabili</strong></span> <span class='ocrx_word' id='word_1_344' title='bbox 2240 4615 2402 4676; x_wconf 89' lang='lat' dir='ltr'><strong>fratri</strong></span> <span class='ocrx_word' id='word_1_345' title='bbox 2435 4631 2648 4677; x_wconf 91' lang='lat' dir='ltr'><strong>nostro</strong></span> <span class='ocrx_word' id='word_1_346' title='bbox 2680 4615 2897 4677; x_wconf 88' lang='lat' dir='ltr'><strong>Joanni</strong></span> <span class='ocrx_word' id='word_1_347' title='bbox 2930 4614 3075 4695; x_wconf 88' lang='lat' dir='ltr'><strong>Epi-</strong></span> 
     </span>
     <span class='ocr_line' id='line_1_46' title="bbox 453 4721 3074 4803; baseline 0 -22"><span class='ocrx_word' id='word_1_348' title='bbox 453 4741 645 4803; x_wconf 90' lang='lat' dir='ltr'><strong>scopo</strong></span> <span class='ocrx_word' id='word_1_349' title='bbox 692 4721 963 4784; x_wconf 90' lang='lat' dir='ltr'><strong>Ostiensi</strong></span> <span class='ocrx_word' id='word_1_350' title='bbox 996 4722 1059 4784; x_wconf 88' lang='lat' dir='ltr'><strong>S.</strong></span> <span class='ocrx_word' id='word_1_351' title='bbox 1095 4725 1168 4785; x_wconf 88' lang='lat' dir='ltr'><strong>R.</strong></span> <span class='ocrx_word' id='word_1_352' title='bbox 1205 4724 1269 4784; x_wconf 85' lang='lat' dir='ltr'><strong>E.</strong></span> <span class='ocrx_word' id='word_1_353' title='bbox 1303 4722 1832 4792; x_wconf 84' lang='lat' dir='ltr'><strong>VicecancellariO,</strong></span> <span class='ocrx_word' id='word_1_354' title='bbox 1880 4738 1937 4783; x_wconf 91' lang='lat' dir='ltr'><strong>et</strong></span> <span class='ocrx_word' id='word_1_355' title='bbox 1984 4722 2048 4783; x_wconf 91' lang='lat' dir='ltr'><strong>in</strong></span> <span class='ocrx_word' id='word_1_356' title='bbox 2098 4722 2476 4785; x_wconf 89' lang='lat' dir='ltr'><strong>Cancellaria</strong></span> <span class='ocrx_word' id='word_1_357' title='bbox 2509 4722 2864 4803; x_wconf 88' lang='lat' dir='ltr'><strong>Apostolica</strong></span> <span class='ocrx_word' id='word_1_358' title='bbox 2900 4722 3074 4782; x_wconf 84' lang='lat' dir='ltr'><strong>Prae-</strong></span> 
     </span>
     <span class='ocr_line' id='line_1_47' title="bbox 451 4828 3073 4912; baseline -0.002 -20"><span class='ocrx_word' id='word_1_359' title='bbox 451 4832 691 4905; x_wconf 85' lang='lat' dir='ltr'><strong>sidenti,</strong></span> <span class='ocrx_word' id='word_1_360' title='bbox 725 4850 1071 4912; x_wconf 90' lang='lat' dir='ltr'><strong>eorumque</strong></span> <span class='ocrx_word' id='word_1_361' title='bbox 1094 4831 1572 4909; x_wconf 76' lang='lat' dir='ltr'><strong>successoribuS,</strong></span> <span class='ocrx_word' id='word_1_362' title='bbox 1595 4846 1903 4911; x_wconf 89' lang='lat' dir='ltr'><strong>quatenus</strong></span> <span class='ocrx_word' id='word_1_363' title='bbox 1939 4830 2070 4891; x_wconf 90' lang='lat' dir='ltr'><strong>illas</strong></span> <span class='ocrx_word' id='word_1_364' title='bbox 2103 4828 2322 4891; x_wconf 84' lang='lat' dir='ltr'><strong>faciant</strong></span> <span class='ocrx_word' id='word_1_365' title='bbox 2354 4828 2710 4909; x_wconf 90' lang='lat' dir='ltr'><strong>diligentius</strong></span> <span class='ocrx_word' id='word_1_366' title='bbox 2745 4828 3073 4888; x_wconf 88' lang='lat' dir='ltr'><strong>observari.</strong></span> 
     </span>
     <span class='ocr_line' id='line_1_48' title="bbox 456 4934 3077 5018; baseline -0.002 -16"><span class='ocrx_word' id='word_1_367' title='bbox 456 4938 638 5015; x_wconf 93' lang='lat' dir='ltr'><strong>Quae</strong></span> <span class='ocrx_word' id='word_1_368' title='bbox 685 4955 754 5000; x_wconf 91' lang='lat' dir='ltr'><strong>ut</strong></span> <span class='ocrx_word' id='word_1_369' title='bbox 800 4940 1089 5002; x_wconf 91' lang='lat' dir='ltr'><strong>attentius</strong></span> <span class='ocrx_word' id='word_1_370' title='bbox 1136 4942 1540 5001; x_wconf 84' lang='lat' dir='ltr'><strong>observentur</strong></span> <span class='ocrx_word' id='word_1_371' title='bbox 1592 4938 1937 5014; x_wconf 79' lang='lat' dir='ltr'><strong>statuimuS,</strong></span> <span class='ocrx_word' id='word_1_372' title='bbox 1975 4938 2148 5018; x_wconf 89' lang='lat' dir='ltr'><strong>quod</strong></span> <span class='ocrx_word' id='word_1_373' title='bbox 2196 4937 2425 5018; x_wconf 83' lang='lat' dir='ltr'><strong>singuli</strong></span> <span class='ocrx_word' id='word_1_374' title='bbox 2472 4935 2647 4996; x_wconf 88' lang='lat' dir='ltr'><strong>Sedis</strong></span> <span class='ocrx_word' id='word_1_375' title='bbox 2687 4934 3077 5016; x_wconf 88' lang='lat' dir='ltr'><strong>Apostolicae</strong></span> 
     </span>
    </p>
   </div>
  </div>
 </body>
</html>
