3684 5416
568 1501 614 1531 to

569 2037 612 2080 ¹5

563 2573 616 2604 20

567 3111 614 3153 25

568 3646 619 3690 30

568 4180 618 4223 35

671 329 738 384 88
1297 331 1561 388 Potestas
1602 332 1982 389 ecclesiastica
2022 347 2079 389 et
2115 332 2422 405 imperium
2462 334 2639 389 civile.

671 509 951 588 αἰρεσιν,
994 509 1287 574 ἕκαστον
1317 511 1846 593 κεκελεύκειμεν,
1880 517 2023 590 τοῖς
2052 532 2126 576 τε
2159 514 2615 592 Χριστιανοῑς,
2649 516 2768 593 τῆς
2802 514 3136 594 αἱρέσεως
3166 517 3274 579 καὶ

672 619 791 694 τῆς
824 618 1198 697 θρησκείας
1230 622 1349 697 τῆς
1382 619 1643 681 ἑαυτῶν
1674 618 1792 699 τὴν
1822 620 2037 683 πίστιν
2068 622 2443 702 φυλάττειν.
2506 665 2558 704 3.
2594 622 2737 685 ἀλλ’
2776 621 3014 702 ἐπειδὴ·
3038 624 3275 686 πολλαὶ

671 722 785 787 καὶ
830 724 1152 806 διάφοροι
1204 725 1505 804 αἱρέσεις
1553 728 1626 788 ἐν
1670 726 1895 807 ἐκείνῃ
1927 729 2004 806 τῆ
2039 730 2441 810 ἀντιγραφῇ,
2477 730 2559 792 ἐν’
2582 726 2623 810 ᾗ
2654 733 2798 807 τοῖς
2830 730 3064 808 αὐτοῖς
3094 745 3273 793 ouve-

672 829 945 911 χωρήθη
979 833 1018 910 ἡ
1052 832 1324 910 τοιαύτη
1359 833 1661 908 ἐξουσία,
1698 833 1994 896 ἐδόκουν
2023 836 2554 913 προστεθεῖσθαι
2586 837 2849 917 σαφῶς,
2880 837 3084 918 τυχὸν
3114 837 3275 914 ἴσως

672 936 846 1016 τινὲς
879 940 1100 1002 αὐτῶν
1132 941 1264 1021 μετ’
1290 939 1527 1018 ὀλίγον
1558 939 1694 1003 ἀπὸ
1727 943 1847 1019 τῆς
1879 940 2195 1020 τοιαύτης
2228 943 2776 1023 παραφυλάξεως
2796 943 3271 1022 ἀνεκρούοντο.

883 1051 1048 1112 Cum
1096 1049 1351 1111 feliciter
1381 1066 1508 1112 tam
1540 1070 1658 1130 ego
1691 1052 2144 1114 Constantinus
2177 1058 2500 1132 Augustus
2533 1057 2722 1134 q'uam
2757 1054 2937 1115 etiam
2971 1074 3089 1134 ego
3121 1054 3276 1116 Lici-

671 1156 814 1217 nius
847 1162 1169 1237 Augustus
1215 1157 1383 1240 apud
1417 1158 1851 1220 Mediolanum
1904 1160 2418 1222 convenissemus
2447 1176 2634 1241 atque
2668 1160 2973 1239 universa,
3006 1181 3168 1243 quae
3198 1162 3274 1223 ad

671 1264 1005 1325 commoda
1037 1266 1511 1326 etsecuritatem
1547 1266 1860 1347 publicam
1892 1267 2287 1347 pertinerent,
2322 1266 2389 1328 in
2421 1283 2672 1328 tractatu
2707 1269 3095 1345 haberemus,
3130 1270 3276 1330 haec

672 1371 830 1432 inter
862 1387 1111 1451 caetera,
1146 1391 1306 1452 quae
1338 1372 1703 1434 videbamus
1737 1373 2021 1454 pluribus
2053 1373 2418 1436 hominibus
2450 1374 2795 1455 profutura,
2842 1376 2938 1437 vel
2970 1376 3036 1436 in
3067 1375 3279 1456 primis

672 1478 1017 1539 ordinanda
1063 1498 1194 1539 esse
1240 1479 1638 1559 credidimuS,
1689 1481 1922 1561 quibus
1970 1481 2301 1543 divinitatis
2347 1482 2706 1543 reverentia.
2730 1482 3180 1560 continebatur,
3215 1498 3282 1543 ut

671 1587 962 1648 daremus
993 1602 1053 1648 et
1082 1586 1451 1648 Christianis
1484 1602 1543 1648 et
1575 1587 1873 1648 omnibus
1904 1588 2161 1649 liberam
2185 1603 2547 1669 potestatem
2569 1589 2875 1669 sequendi
2894 1589 3279 1669 religionem,

672 1712 863 1773 quam
894 1693 1164 1773 quisque
1196 1696 1510 1772 voluisset,
1564 1715 1696 1776 quo
1730 1695 2032 1776 quicquid
2068 1695 2197 1775 (est)
2232 1697 2562 1758 divinitatis
2594 1697 2661 1758 in
2692 1698 2837 1758 sede
2869 1697 3130 1776 caelesti,
3166 1717 3281 1760 no-

671 1800 765 1860 bis
811 1816 996 1882 atque
1042 1803 1339 1864 omnibus
1385 1802 1496 1883 qui
1541 1805 1658 1863 sub
1708 1818 2003 1884 potestate
2050 1818 2255 1864 nostra
2302 1819 2448 1864 sunt
2487 1803 2826 1880 constituti,
2874 1803 3180 1885 placatum
3214 1825 3284 1865 ac

672 1907 1014 1988 propitium
1046 1909 1238 1989 possit
1271 1908 1545 1970 existere.
1582 1908 1792 1989 ltaque
1828 1909 1950 1970 hoc
1982 1909 2313 1970 consilium
2347 1908 2577 1970 salubri
2608 1929 2678 1970 ac
2696 1910 3031 1972 rectissima
3049 1910 3282 1973 ratione

674 2012 1023 2075 ineundum
1071 2034 1203 2075 esse
1237 2016 1638 2093 credidimuS,
1675 2032 1741 2077 ut
1774 2014 1931 2077 nulli
1965 2016 2230 2076 omnino
2266 2015 2614 2078 facultatem
2646 2017 3075 2097 abnegandam
3107 2034 3284 2100 puta-

673 2139 903 2200 remus,
952 2121 1060 2201 qui
1106 2122 1203 2183 vel
1249 2123 1667 2185 observationi
1715 2123 2216 2185 Christianorum
2265 2123 2364 2184 vel
2397 2122 2452 2183 ei
2485 2124 2766 2203 religioni
2801 2141 3072 2187 mentem
3106 2145 3283 2187 suam

672 2223 940 2307 dederat,
991 2248 1180 2310 quam
1229 2229 1360 2311 ipse
1406 2229 1522 2290 sibi
1569 2229 1952 2310 aptissimam
1999 2249 2129 2290 esse
2175 2229 2448 2306 sentiret,
2499 2246 2568 2291 ut
2600 2232 2792 2311 possit
2825 2233 3006 2294 nobis
3038 2251 3283 2294 summa

672 2335 975 2416 divinitas,
1011 2335 1189 2397 cuius
1221 2336 1506 2415 religioni
1539 2337 1745 2398 liberis
1776 2337 2090 2398 mentibus
2123 2338 2554 2416 obsequimur,
2605 2337 2667 2398 in
2701 2339 2996 2400 omnibus
3018 2339 3283 2401 ‘solitum

673 2442 949 2504 favorem
994 2462 1184 2504 suum
1230 2443 1841 2522 benivolentiamque
1890 2458 2212 2522 praestare.
2279 2442 2491 2517 Quare
2524 2443 2677 2505 scire
2710 2444 3085 2506 dicationem
3110 2462 3283 2507 tuam

671 2550 964 2611 convenit
1009 2550 1308 2631 placuisse
1358 2550 1557 2626 nobis,
1603 2565 1670 2610 ut
1715 2549 1940 2611 amotis
1970 2549 2270 2611 omnibus
2301 2550 2567 2612 omnino
2600 2551 3092 2628 condicionibuS‚
3123 2572 3283 2633 quae

673 2658 844 2739 prius
876 2657 1112 2739 scriptis
1146 2660 1223 2719 ad
1257 2657 1537 2719 officium
1571 2673 1753 2719 tuum
1788 2657 1945 2719 datis
1976 2676 2162 2739 super
2182 2656 2680 2721 Christianorum
2703 2659 2961 2721 nomine
2982 2658 3284 2740 [contine-

673 2768 916 2841 bantur,
963 2780 1023 2825 et
1054 2784 1213 2845 quae
1247 2784 1502 2845 prorsus
1533 2764 1774 2826 sinistra
1808 2781 1869 2826 et
1899 2784 1933 2825 a
1965 2780 2175 2825 nostra
2207 2765 2532 2826 clementia
2563 2765 2776 2827 aliena‘
2794 2766 2948 2847 esse]
2989 2768 3283 2828 videban-

672 2886 790 2948 tur,
844 2868 934 2950 [ea
985 2888 1439 2950 removeantur,
1493 2870 1570 2951 et]
1620 2890 1791 2932 nunc
1838 2872 2024 2933 libere
2073 2892 2142 2933 ac
2173 2872 2532 2954 simpliciter
2564 2893 2731 2935 unus
2763 2875 3032 2956 quisque
3064 2893 3282 2937 eorum

674 2979 783 3060 qui
817 2978 1079 3039 eandem
1128 2979 1548 3039 observandae
1583 2978 1906 3057 religionis
1939 2978 2439 3040 Christianorum
2472 2998 2695 3058 gerunt
2730 2982 3106 3043 voluntatem
3140 2981 3282 3043 citra

676 3085 868 3146 ullam
901 3086 1400 3166 inquietudinem
1434 3105 1502 3146 ac
1524 3086 1868 3148 molestiam
1893 3087 1987 3147 sui
2010 3087 2069 3148 id
2096 3086 2303 3167 ipsum
2325 3089 2648 3149 observare
2672 3089 3070 3150 contendant.
3106 3088 3283 3164 Quae

673 3192 1074 3256 sollicitudini
1120 3210 1260 3255 tuae
1314 3193 1667 3275 plenissime
1714 3192 2118 3272 significanda
2165 3213 2297 3254 esse
2344 3192 2740 3272 credidimus,
2793 3214 2921 3274 quo
2956 3196 3138 3257 scires
3170 3214 3285 3256 nos

675 3301 926 3361 liberam
974 3316 1158 3382 atque
1203 3301 1550 3361 absolutam
1599 3300 1896 3361 colendae
1942 3299 2259 3380 religionis
2306 3320 2454 3361 suae
2490 3300 2837 3362 facultatem
2870 3301 3068 3363 isdem
3102 3302 3283 3365 Chri-

675 3407 883 3467 stianis
917 3408 1178 3468 dedisse.
1215 3407 1409 3483 Quod
1444 3426 1589 3467 cum
1622 3407 1821 3468 isdem
1855 3416 1890 3467 ‘a
1924 3407 2105 3468 nobis
2139 3406 2450 3467 indultum
2483 3426 2613 3468 esse
2636 3406 2970 3487 pervideas,
2992 3409 3286 3488 intellegit

676 3515 898 3577 dicatio
943 3532 1047 3577 tua
1093 3516 1275 3577 etiam
1323 3515 1454 3576 aliis
1502 3513 1819 3594 religionis
1853 3535 1999 3576 suae
2033 3514 2129 3575 vel
2163 3513 2585 3575 observantiae
2618 3530 2977 3595 potestatem
3009 3516 3287 3577 similiter

675 3639 947 3704 apertam
993 3639 1052 3684 et
1100 3623 1354 3684 liberam
1403 3643 1517 3704 pro
1566 3622 1770 3702 quiete
1804 3622 2104 3703 temporis
2136 3622 2328 3683 nostri
2362 3619 2534 3700 [esse]
2570 3640 2948 3699 concessam,
2984 3638 3051 3682 ut
3081 3623 3145 3683 in
3179 3641 3286 3682 co·

672 3731 863 3791 lendo
895 3730 1068 3810 quod
1119 3730 1383 3810 quisque
1437 3729 1748 3808 delegerit,
1800 3730 2019 3789 habeat
2068 3728 2321 3789 liberam
2359 3728 2724 3789 facultatem.
2788 3726 3006 3807 [Quod
3038 3750 3072 3790 a
3106 3730 3287 3791 nobis

674 3837 903 3899 factum
936 3853 1044 3913 est,
1082 3853 1146 3897 ut
1180 3856 1383 3917 neque
1416 3832 1731 3916 cuiquam]
1769 3835 1996 3897 honori
2030 3855 2233 3916 neque
2267 3835 2559 3915 cuiquam
2593 3834 2875 3913 religioni
2905 3832 3286 3915 [detractum]

676 3944 907 4023 aliquid
957 3965 990 4004 a
1036 3945 1214 4005 nobis
1267 3942 1603 4022 [videatur].
1667 3948 1874 4023 Atque
1928 3943 2048 4003 hoc
2096 3942 2350 4023 insuper
2395 3942 2460 4002 in
2493 3961 2756 4023 persona
2789 3941 3289 4004 Christianorum

676 4051 1075 4111 statuendum
1110 4070 1242 4112 esse
1276 4051 1653 4129 censuimuS,
1689 4051 1892 4130 quod,
1928 4049 1977 4109 si
2013 4050 2226 4110 eadem
2263 4049 2416 4125 loca,
2451 4049 2525 4109 ad
2561 4068 2718 4128 quae
2751 4064 2925 4109 antea
2957 4050 3289 4111 convenire

678 4173 1070 4234 consuerant,
1119 4158 1193 4219 de
1241 4158 1470 4238 quibus
1518 4158 1696 4219 etiarn
1746 4156 1904 4217 datis
1949 4157 2025 4218 ad
2072 4156 2346 4218 officium
2383 4152 2564 4217 tuum
2597 4155 2808 4216 litteris
2841 4172 3000 4217 certa
3033 4157 3289 4217 antehac

678 4266 876 4327 forma
911 4264 1109 4326 fuerat
1141 4266 1605 4345 comprehensa.
1671 4266 1881 4326 Priore
1929 4281 2207 4345 tempore
2241 4262 2432 4343 aliqui
2468 4263 2560 4323 vel
2593 4283 2626 4323 a
2660 4262 2809 4323 fisco
2842 4278 3054 4325 nostro
3084 4263 3182 4323 vel
3212 4265 3287 4323 ab

677 4372 797 4433 alio
846 4391 1232 4452 quocunque
1281 4373 1568 4433 videntur
1616 4392 1748 4432 esse
1799 4371 2071 4451 mercati,
2122 4370 2336 4431 eadem
2372 4369 2736 4432 Christianis
2772 4369 2901 4430 sine
2937 4370 3198 4451 pecunia
3231 4386 3291 4430 et

677 4479 809 4539 sine
862 4478 986 4540 ulla
1037 4480 1213 4560 pretii
1267 4479 1585 4560 petitione,
1633 4480 1976 4560 postposita
2028 4479 2198 4540 omni
2252 4477 2613 4539 frustatione
2661 4492 2846 4556 atque
2893 4475 3289 4554 ambiguitate

677 4587 1018 4665 restituant,
1067 4587 1175 4667 qui
1220 4587 1402 4648 etiam
1450 4588 1624 4647 dono
1660 4586 1912 4647 fuerunt
1946 4586 2281 4661 consecuti,
2318 4585 2532 4645 eadem
2566 4584 2844 4644 similiter
2876 4583 3071 4644 isdem
3104 4582 3287 4643 Chri—

569 4717 624 4756 40
678 4693 885 4753 stianis
918 4693 1290 4771 quantocius
1323 4694 1604 4771 reddant,
1639 4680 1824 4753 etiam
1854 4691 1952 4752 vel
1984 4692 2069 4769 hi,
2106 4692 2215 4771 qui
2250 4705 2535 4752 emerunt
2566 4690 2661 4750 vel
2696 4690 2803 4769 qui
2838 4690 3010 4750 dono
3044 4689 3290 4749 fuerunt

681 4799 1012 4877 consecuti,
1062 4800 1111 4859 si
1158 4800 1479 4880 petiverint
1526 4800 1601 4859 de
1634 4814 1840 4860 nostra
1875 4797 2289 4860 benivolentia
2322 4796 2574 4876 aliquid,
2624 4796 2919 4857 vicarium
2953 4795 3286 4876 postulent,

681 4927 811 4987 quo
845 4924 904 4968 et
938 4906 1082 4988 ipsis
1116 4924 1223 4986 per
1257 4921 1530 4966 nostram
1566 4905 1954 4968 clementiam
1990 4908 2365 4968 consulatur.
2397 4904 2579 4979 Quae
2604 4904 2817 4965 omnia
2837 4903 3083 4983 corpori
3105 4901 3287 4964 Chri-
