3684 5416
503 1704 548 1734 '0

501 2237 543 2280 ¹5

495 2763 546 2793 20

496 3329 545 3373 ²5

495 3865 545 3907 ‘30

495 4399 543 4441 35

607 328 708 400 368
1757 331 2078 386 Ordinatio.

604 531 840 572 annum
889 513 1104 572 saltem
1151 512 1214 571 in
1261 532 1339 572 eo
1386 532 1513 573 non
1561 512 1683 573 sint
1729 515 1966 591 versati,
2003 515 2077 574 ad
2114 513 2391 575 altiorem
2422 516 2705 592 gradum,
2741 518 2855 579 nisi
2889 520 3056 581 aliud
3092 520 3223 602 epi-

604 636 795 699 scopo
828 618 1118 707 videatur,
1152 619 1525 680 adscendere
1557 638 1682 681 non
1717 621 2161 701 permittantur.
2204 622 2346 682 Duo
2368 622 2516 683 sacri
2549 623 2797 685 ordines
2832 644 2963 686 non
2996 628 3221 688 eodem

603 724 720 799 die,
770 724 949 786 etiarn
1001 726 1400 804 regularibuS,
1449 727 1883 801 conferantur;
1938 728 2266 808 privilegiis
2313 748 2383 789 ac
2424 730 2678 790 indultis
2713 733 3031 810 quibusvis
3065 754 3217 795 con-

602 832 787 892 cessis
819 852 949 893 non
983 833 1369 893 obstantibus
1403 834 1902 915 quibuscunque.
1971 833 2033 914 [l.
2068 856 2115 896 c.
2152 857 2286 917 pag.
2326 835 2491 916 20¹.]

1352 1077 1476 1132 140.
1529 1078 2031 1134 PONTIFIGALE
2072 1080 2473 1135 ROMANUM.

819 1230 846 1256 ‘
899 1231 1212 1299 Pontificale
1266 1232 1569 1284 Romanum
1623 1232 1913 1285 Clementis
1975 1234 2110 1286 VIII.
2154 1235 2302 1286 Pont.
2343 1235 2495 1286 Max.
2536 1237 2671 1287 ivssv
2725 1238 3020 1289 restitutum
3060 1242 3221 1306 atque

601 1312 812 1363 editvm.
853 1310 1070 1364 Romae
1111 1328 1254 1382 1595.
1297 1328 1347 1381 p.
1390 1328 1597 1383 9-—103
1638 1331 1878 1386 53—573
1919 1332 2004 1388 73.

1505 1455 1589 1508 De
1619 1454 1915 1509 ordinibus
1946 1455 2326 1510 conferendis.

821 1613 833 1624 .
873 1614 885 1626 .
924 1613 936 1625 .
982 1563 1268 1647 Tempora
1300 1569 1758 1629 ordinationum
1792 1575 1972 1629 sunt:
2004 1568 2275 1629 Sabbata
2309 1572 2372 1629 in
2405 1569 2687 1630 omnibns
2719 1577 2980 1649 quatuor
3000 1577 3221 1651 tempo—

606 1672 793 1733 ribus.
838 1673 1169 1734 Sabbatum
1205 1681 1345 1734 ante
1375 1674 1772 1736 Dominicam
1809 1677 1882 1736 de
1914 1676 2241 1749 Passione,
2277 1684 2337 1736 et
2366 1676 2698 1737 Sabbatum
2733 1684 3024 1737 sanctum.

819 1778 1199 1854 Clericatus,
1247 1802 1349 1842 seu
1383 1786 1597 1862 prima
1639 1781 1691 1843 T
1680 1803 1935 1856 onsura,
1983 1803 2360 1865 quocumque
2407 1786 2529 1856 die,
2576 1784 2752 1857 hora,
2798 1790 2859 1843 et
2886 1783 3040 1855 loco,
3072 1804 3220 1843 con-

583 1889 764 1963 ferri
775 1893 998 1967 potest.

817 1995 1100 2056 Minores
1146 2018 1283 2057 vero
1331 1997 1609 2057 Ordines
1640 2004 1911 2078 possunt
1952 1998 2099 2057 dari
2140 1998 2409 2076 singulis
2456 1996 2833 2069 Dominicis,
2878 2003 2939 2056 et
2959 1999 3223 2075 festinis

603 2101 815 2161 diebus
849 2102 1195 2181 duplicibus
1199 2151 1218 2177 ‚
1252 2104 1636 2184 ubicumque,
1671 2107 1738 2164 in
1771 2125 1948 2164 mane
1981 2110 2199 2163 tamen.

818 2210 1189 2271 Ordinandi
1233 2232 1434 2272 omnes
1488 2212 1707 2271 debent
1753 2215 1815 2272 in
1853 2211 2137 2271 Ecclesia
2185 2231 2249 2270 se
2286 2217 2713 2291 praesentare,
2764 2230 2898 2270 cum
2946 2216 3222 2281 tonsura,

601 2314 835 2389 habitu,
869 2324 928 2376 et
944 2321 1333 2398 paramentis
1367 2318 1610 2378 Ordini
1637 2339 1745 2378 suo
1778 2317 2302 2391 conuenientibus,
2322 2324 2382 2377 et
2399 2317 2675 2377 candelis
2710 2319 2774 2375 in
2796 2337 2980 2376 manu
3002 2337 3220 2375 accen-

602 2427 707 2485 sis.
771 2423 855 2484 Et
896 2445 1029 2483 cum
1065 2447 1100 2484 a
1134 2428 1373 2485 notario
1407 2424 1702 2506 Episcopi
1744 2429 2051 2486 nominati
2071 2428 2347 2503 fiterint,
2395 2424 2821 2504 respondeant,
2854 2422 3106 2483 Adsum.
3164 2428 3223 2481 et

600 2532 900 2591 accedant
955 2533 1040 2591 ad
1093 2532 1290 2592 locum
1337 2533 1775 2605 ordinationis,
1826 2533 2152 2593 secundum
2194 2534 2469 2592 ordinem
2504 2532 2956 2611 descriptionis.
2990 2564 3075 2574 —
3108 2575 3121 2588 .
3156 2576 3169 2588 .
3204 2575 3219 2590 .

607 2637 661 2718 [l.
696 2658 744 2697 c.
780 2659 955 2720 pagg.
992 2637 1247 2718 9—1o.]

1303 2731 1410 2791 De
1459 2729 1988 2790 ordinatione
2038 2729 2531 2808 Presbyteri.

817 2918 829 2931 .
853 2918 865 2931 .
889 2918 902 2931 .
927 2871 1054 2930 Pro
1088 2872 1476 2931 ordinatione
1500 2872 2001 2951 Presbyterorum
2028 2879 2335 2952 parentur
2368 2871 2564 2931 oleum
2589 2869 3177 2931 cathecumenorum
3192 2892 3220 2940 ,-

605 2975 795 3035 Calix
827 2998 964 3036 cum
995 2980 1158 3050 vino,
1207 2985 1267 3037 et
1295 2999 1453 3058 aqua
1472 3003 1498 3048 ,·
1533 2978 1782 3051 Patena,
1816 2986 1877 3039 et
1905 2978 2104 3039 hostia
2139 2979 2398 3058 desuper
2419 2980 2626 3058 posita
2644 3000 2673 3049 ,·
2711 2976 2980 3036 medulla
2999 2979 3216 3057 paniS,

603 3089 663 3141 et
705 3083 903 3143 bacile
947 3105 1081 3144 cum
1129 3084 1373 3144 buccali
1384 3094 1509 3166 pro
1560 3087 1840 3147 manibus
1874 3085 2223 3158 abluendis,
2273 3104 2424 3166 quas
2459 3083 2699 3162 singuli
2732 3084 2817 3144 ad
2845 3104 2993 3144 suas
3042 3090 3215 3162 map-

593 3190 779 3267 pulas
812 3197 1147 3271 extergunt.

814 3297 1121 3360 Diaconis
1168 3302 1498 3373 ordinati'S,
1533 3302 1812 3379 Pontifex
1858 3302 1942 3361 ad
1983 3302 2308 3360 sedendum
2358 3302 2421 3358 in
2456 3299 2598 3359 sede
2630 3317 2762 3370 sua,
2795 3298 2893 3358 vel
2922 3297 3215 3374 infaldi-

601 3406 817 3474 stori0,
863 3408 926 3466 in
962 3408 1156 3488 plano
1204 3410 1370 3467 iuxta
1417 3429 1607 3468 cornu
1641 3407 1954 3488 Epistolae
1998 3407 2259 3479 accedit,
2306 3413 2366 3466 et
2393 3412 2682 3465 cantatur
2723 3403 2997 3478 Tractus,
3031 3423 3217 3484 usque

600 3513 685 3572 ad
726 3513 1006 3575 ultimum
1055 3536 1292 3576 versum
1340 3516 1642 3575 exclusive
1658 3539 1686 3585 ,·
1732 3514 1830 3574 vel
1873 3517 1933 3574 si
1976 3517 2062 3574 sit
2093 3517 2266 3593 infra
2299 3520 2576 3573 octauam
2613 3512 3023 3583 Pentecostes,
3064 3509 3116 3571 T
3107 3532 3215 3570 ra-

601 3628 755 3694 ctus,
805 3628 865 3680 et
907 3623 1259 3702 Sequentia,
1307 3644 1493 3701 usque
1543 3622 1611 3681 al
1636 3621 1912 3681 vltimnm
1946 3641 2206 3694 versum,
2240 3620 2564 3680 exclusiue.
2628 3618 2887 3678 Interim
2922 3618 3219 3677 accedunt

602 3729 719 3787 duo
765 3728 1076 3809 capellani
1117 3751 1251 3790 cum
1300 3729 1484 3794 libro,
1519 3736 1580 3788 et
1607 3728 1863 3788 candela
1895 3734 2037 3792 ante
2070 3728 2456 3807 Pontificem,
2490 3729 2604 3806 qui
2631 3746 2703 3785 ex
2735 3747 2800 3784 eo
2835 3724 2989 3804 legit
3018 3726 3214 3804 ipsum

610 3831 914 3909 Tractum,
966 3842 1025 3895 et
1055 3837 1461 3917 Sequentiam,
1510 3856 1691 3915 osque
1722 3837 1806 3895 ad
1834 3836 2110 3895 vltimum
2146 3855 2345 3907 versu,
2379 3834 2702 3895 exclusiue.
2766 3831 3013 3891 Deinde
3046 3830 3217 3889 Pon-

601 3944 749 4020 tifex
779 3963 912 4003 cnm
947 3946 1134 4003 mitra
1168 3946 1501 4003 reuertitur
1533 3950 1672 4002 ante
1702 3943 1927 4017 altare,
1961 3943 2065 4002 vbi
2092 3944 2259 4002 sedet
2287 3952 2470 4023 super
2495 3941 2936 4015 faldistorium.

824 4049 982 4111 Tunc
1014 4049 1510 4110 Archidcaconus
1542 4056 1717 4109 vocat
1744 4050 2124 4109 ordinandos
2156 4070 2293 4108 voce
2327 4047 2742 4127 intelligibili,
2777 4047 3001 4106 dicens.

817 4159 1154 4231 Accedant,
1191 4157 1297 4237 qui
1331 4157 1660 4217 ordinandi
1695 4161 1850 4219 sunt
1883 4160 1956 4218 ad
1994 4158 2296 4217 Ordinem
2333 4157 2807 4236 PresbyteratuS.

815 4262 898 4322 Et
944 4283 1081 4322 mox
1125 4266 1484 4323 nominatim
1539 4264 1826 4344 leguntur
1864 4275 1981 4346 per
2026 4268 2355 4337 notarium,
2385 4270 2584 4344 prout
2627 4272 2813 4344 supra
2849 4264 3076 4322 dictum
3111 4268 3217 4334 est,

602 4371 774 4430 nulla
821 4377 1018 4429 tamen
1069 4371 1140 4429 de
1187 4370 1362 4430 titulo
1389 4373 1574 4448 sacta
1607 4375 1923 4432 mentione.
2006 4370 2168 4432 Tunc
2200 4372 2304 4431 illi
2333 4392 2496 4430 more
2530 4370 2953 4430 Diaconorum
2975 4371 3218 4451 parati,

600 4479 852 4550 amictu,
899 4476 1064 4550 alba,
1097 4478 1365 4557 cingulo,
1397 4479 1579 4551 stola,
1614 4485 1675 4538 et
1703 4480 2038 4560 manipulo,
2073 4485 2334 4538 tenentes
2355 4479 2644 4558 planetas
2678 4486 2862 4556 super
2895 4475 3213 4537 brachium

601 4587 922 4646 sinistrum
956 4586 1374 4666 complicatas,
1407 4592 1467 4645 et
1495 4589 1558 4645 in
1593 4607 1778 4645 manu
1815 4587 2062 4646 dextera
2095 4585 2409 4657 candelas,
2442 4607 2515 4644 ac
2546 4584 2866 4665 mappulas
2898 4581 3074 4643 albas
3096 4591 3218 4663 pro

600 4693 876 4771 ligandis
921 4693 1223 4765 manibus,
1273 4695 1357 4753 ad
1387 4693 1750 4772 Pontificem
1802 4695 2119 4764 accedunt,
2154 4700 2213 4752 et
2243 4713 2447 4753 coram
2482 4713 2548 4752 eo
2583 4694 2647 4751 in
2683 4692 2923 4750 modum
2961 4709 3221 4750 coronae

599 4820 663 4858 se
695 4800 1040 4881 disponunt.

825 4907 982 4969 Tune
1015 4907 1508 4968 Archidiaconns
1529 4914 1897 4986 praesentat
1924 4908 2301 4968 ordinandos
2336 4907 2658 4984 Pontifici,
2692 4909 2920 4967 dicens.
