3684 5416
309 971 343 1014 ’5

290 1513 350 1545 (0

294 2048 349 2091 *5

290 2799 357 2831 20

293 3368 356 3411 25

300 4622 363 4668 ‘35

1562 336 1852 407 Episcopi.
2913 332 3007 404 58¹.

390 537 627 601 autem,
676 521 967 602 inspectis
1015 522 1491 603 probationibus
1524 523 1811 602 utrinque
1844 523 2129 603 receptis,
2162 536 2222 581 et
2253 541 2412 600 quae
2444 523 2520 582 ab
2553 537 2814 601 utraque
2848 534 3015 600 parte

399 630 569 691 fuere
615 628 933 711 proposita
966 629 1223 710 plenius
1268 628 1608 706 intellectis,
1655 627 2059 706 decrevimus,
2107 642 2176 688 ut
2222 628 2287 689 in
2320 627 2590 689 ecclesiis
2622 648 2728 689 seu
2765 624 3013 709 capellis

398 752 541 798 tuae
577 736 896 814 dioecesis,
930 736 1006 796 ad
1042 735 1484 798 monasterium
1519 735 1725 816 ipsum
1757 734 2191 816 spectantibus,
2215 734 2441 795 habeas
2474 735 2834 797 canonicam
2867 736 3016 793 obe-

399 843 715 920 dientiam,
762 842 1210 904 subiectionem
1242 859 1298 903 et
1329 841 1749 919 reverentiam,
1795 841 2244 904 institutionem
2286 858 2341 903 et
2370 842 2848 918 destitutionem,
2882 859 3017 900 cor-

398 950 740 1011 rectionem
791 965 851 1011 et
901 950 1433 1028 reformationem,
1488 970 1558 1010 ac
1610 968 1934 1010 censuram
1989 948 2476 1026 ecclesiasticam,
2530 948 3018 1026 jurisdictionem

400 1076 659 1137 quoque
705 1076 1033 1119 causarum
1083 1057 1371 1118 omnium
1419 1057 1493 1117 ad
1543 1056 1752 1118 forum
1799 1055 2279 1118 ecclesiasticum
2311 1057 2386 1116 de
2419 1054 2551 1132 jure
2584 1055 3015 1137 spectantium,

402 1165 806 1249 poenitentias
839 1181 896 1226 et
929 1180 1462 1225 sacramentorum
1495 1163 1801 1238 omnium,
1849 1184 2009 1244 quae
2040 1166 2116 1224 ab
2150 1162 2444 1244 episcopo
2477 1179 2621 1223 sunt
2655 1160 3020 1242 recipienda,

401 1273 814 1350 collationem,
860 1272 1174 1353 synodum
1220 1288 1278 1332 et
1320 1271 1664 1352 synodatici
1710 1291 1819 1331 seu
1868 1270 2254 1332 cathedratici
2302 1270 2559 1331 nomine
2595 1269 2754 1329 duos
2786 1268 3020 1328 solidos

401 1381 696 1441 Lucensis
729 1386 1024 1454 monetae,
1057 1394 1272 1460 quarta
1306 1379 1792 1440 decimationum
1815 1393 1873 1439 et
1895 1378 2400 1455 mortuariorum,
2421 1377 2833 1437 visitationem
2856 1393 3019 1454 quo—

403 1506 524 1567 que
578 1506 868 1565 annuam,
925 1486 1023 1562 ita,
1074 1485 1247 1565 quod
1295 1505 1494 1565 quum
1543 1486 1618 1547 ad
1667 1505 1770 1545 eas
1815 1484 2148 1546 visitandas
2194 1485 2534 1560 accesseri8‚
2583 1502 2712 1543 non
2746 1479 3012 1562 amplius

403 1593 852 1675 procurationis
875 1593 1130 1655 nomine
1153 1593 1426 1674 requiras
1446 1595 1520 1653 ab
1543 1592 1646 1669 eis,
1680 1592 1796 1652 nisi
1830 1606 2157 1673 quantum,
2193 1592 2461 1672 pensatis
2495 1589 2881 1667 facultatibus
2914 1607 3017 1648 ea-

403 1702 686 1774 rundem,
718 1701 1032 1762 moderate
1066 1716 1356 1782 poterunt
1389 1701 1696 1777 exhibere,
1731 1719 1809 1759 ne
1845 1699 1986 1779 plus
2019 1698 2227 1759 ceteris
2259 1698 2507 1778 capellis
2541 1697 2817 1758 eiusdem
2841 1694 3014 1756 dioe-

404 1808 556 1870 cesis
591 1808 652 1868 in
688 1807 1225 1888 procurationibus
1258 1806 1566 1867 ullatenus
1598 1820 1953 1882 onerentur,
1985 1805 2059 1865 de
2090 1803 2406 1865 ecclesiam
2443 1805 2499 1864 S.
2521 1803 2709 1864 Pauli
2737 1804 2812 1863 de
2831 1802 3018 1863 Assi-

404 1919 502 1977 sia
534 1939 571 1976 a
594 1918 1058 1997 procurationis
1092 1936 1273 1976 onere
1290 1916 1546 1996 penitus
1579 1914 1932 1973 relevamus.
1973 1911 2078 1971 Tu
2112 1925 2319 1972 autem
2354 1909 2449 1969 his
2482 1908 2719 1969 iuribus
2753 1909 2815 1969 in
2849 1928 3022 1989 prae-

405 2023 539 2084 fatis
585 2022 856 2083 ecclesiis
896 2037 1225 2083 contentus
1258 2021 1569 2099 exsistens,
1607 2039 1737 2082 non
1770 2018 2037 2099 amplius
2069 2019 2144 2078 ab
2178 2016 2266 2077 eis
2297 2016 2500 2094 exigas
2535 2014 3022 2097 praetermode-

405 2144 607 2190 ratum
652 2128 972 2204 auxilium,
1021 2128 1193 2207 quod
1239 2128 1405 2188 iuxta
1454 2127 1717 2188 formam
1754 2123 2179 2186 Lateranensis
2226 2121 2488 2197 concilii,
2521 2121 2568 2180 si
2605 2121 2929 2181 manifesta
2963 2135 3020 2180 et

406 2236 781 2298 rationabilis
828 2254 1007 2296 causa
1056 2235 1364 2311 exstiterit,
1412 2253 1555 2295 cum
1590 2233 1831 2294 caritate
1868 2231 2334 2313 postulandum,
2366 2229 2520 2289 sicut
2553 2230 2628 2288 ab
2663 2227 2793 2288 aliis
2826 2226 3018 2288 eccle-

409 2344 513 2404 siis
546 2344 820 2404 eiusdem
857 2342 1154 2404 dioecesis
1186 2360 1300 2423 pro
1331 2341 1689 2403 necessitate
1720 2339 2015 2422 temporis
2048 2339 2446 2400 sustinemus,

1083 2607 1211 2662 237.
1266 2602 1706 2661 altmoluus
1744 2603 1861 2658 lx.
1899 2601 2334 2671 (leet-4241).

589 2769 1010 2840 Gregorius
1051 2769 1157 2822 IX.
1196 2767 1267 2821 in
1308 2784 1355 2822 c.
1404 2768 1480 2822 16.
1521 2767 1588 2820 X.
1629 2768 1695 2819 de
1726 2766 2060 2836 poenitentia
2097 2769 2152 2816 et
2185 2765 2608 2818 remissionibus.
2647 2760 2716 2814 V.
2760 2759 2845 2834 38.

624 2896 653 2924 ¹⁸
708 2877 869 2964 Corio.
910 2896 1014 2947 iur.
1053 2912 1172 2948 can.
1214 2893 1302 2950 ed.
1343 2891 1781 2961 Friedberg.
1820 2890 1994 2943 Tom.
2023 2889 2086 2942 11.
2127 2888 2238 2942 col.
2265 2887 2387 2960 889.

412 3020 734 3092 Episcopus
772 3033 827 3075 et
866 3020 971 3085 alii,
999 3021 1069 3074 de
1099 3018 1306 3090 quibus
1333 3018 1391 3073 in
1417 3017 1595 3079 litera,
1623 3028 1870 3087 possunt
1896 3015 2017 3071 sine
2044 3014 2266 3069 licentia
2294 3012 2657 3085 superiorum
2685 3009 2791 3065 sibi
2818 3007 3027 3078 eligere

1346 3097 1651 3171 providum
1681 3097 2099 3153 confessorem.

626 3225 721 3285 Ne
768 3244 879 3304 pro
926 3224 1218 3285 dilatione
1267 3221 1681 3303 poenitentiae
1730 3218 2069 3300 periculum
2119 3214 2439 3277 immineat
2484 3214 2852 3291 animarum,
2887 3232 3028 3292 per-

417 3331 718 3392 mittimus
750 3331 1056 3412 episcopis
1091 3344 1149 3390 et
1180 3328 1312 3390 aliis
1344 3326 1788 3409 superioribus,
1821 3344 1934 3386 nec
1968 3342 2100 3384 non
2133 3323 2480 3384 minoribus
2513 3319 2792 3402 praelatis
2824 3338 3032 3379 exem-

416 3438 552 3519 ptis.
603 3455 672 3500 ut
716 3439 897 3499 etiam
948 3453 1181 3519 praeter
1226 3435 1322 3497 sui
1374 3433 1707 3516 superioris
1753 3431 2063 3492 licentiam
2099 3429 2427 3512 providum
2462 3443 2520 3488 et
2552 3427 2884 3487 discretum
2917 3424 3032 3484 sibi

416 3546 652 3628 possint
686 3546 905 3625 eligere
940 3543 1379 3604 confessorem.

1070 3805 1199 3860 238.
1257 3799 1767 3858 INNOCENTIUS
1807 3799 1914 3855 lv.
1953 3795 2385 3866 (lm-1254).

455 3964 955 4022 Innocentius
996 3965 1103 4018 IV.
1144 3963 1213 4017 in
1255 3960 1611 4016 Concilio
1649 3955 2162 4029 Lugdunensi,
2202 3973 2248 4010 c.
2287 3975 2338 4024 4.
2378 3954 2436 4009 in
2477 3954 2588 4007 V10.
2628 3954 2696 4006 de
2733 3953 3000 4005 sententia

913 4045 1510 4109 excommunicationis,
1547 4042 1907 4111 suspensionis
1944 4043 2002 4091 et
2033 4039 2325 4092 interdicti.
2364 4036 2433 4089 V.
2484 4053 2497 4087 1
2521 4053 2561 4088 1.

634 4189 663 4217 ⁶
716 4189 927 4261 Corpus
964 4190 1069 4241 iur.
1108 4204 1229 4239 can.
1270 4186 1360 4239 ed.
1400 4181 1834 4251 Friedberg.
1875 4181 2049 4238 Tom.
2091 4180 2152 4232 11.
2193 4178 2302 4232 col.
2353 4194 2501 4248 1094.
2553 4173 2851 4233 Hefele,
2895 4172 3034 4225 Con-

418 4268 900 4338 ciliengcschichte.
939 4268 1113 4321 Tom.
1154 4265 1222 4318 V.
1263 4281 1317 4335 p.
1367 4282 1496 4335 1105
1537 4280 1657 4334 seq.

419 4394 690 4465 Episcopi
729 4393 945 4448 nullam
981 4389 1266 4445 interdicti
1291 4388 1380 4443 vel
1406 4383 1800 4458 suspensionis
1826 4383 2125 4438 incurrunt
2149 4381 2513 4449 sententiam,
2541 4379 2645 4435 nisi
2671 4378 2730 4433 in
2751 4375 3035 4432 sententia

1204 4469 1317 4525 sint
1342 4466 1609 4540 expressi.
1652 4467 1719 4520 H.
1750 4466 1802 4519 d.
1832 4466 2037 4520 Joann.
2066 4464 2249 4517 Andr.

636 4596 801 4673 Quia
848 4594 1270 4676 periculosum
1314 4604 1404 4652 est
1451 4588 1755 4671 episcopis
1788 4603 1846 4648 et
1879 4604 2102 4648 eorum
2132 4582 2553 4664 superioribus
2588 4594 2837 4662 propter
2870 4598 3041 4640 exse-

419 4704 738 4767 cutionem
785 4700 1154 4784 pontificalis
1198 4697 1402 4775 officii,
1452 4696 1624 4777 quod
1675 4694 2029 4775 frequenter
2074 4691 2396 4767 incumbit,
2443 4688 2607 4749 utin
2641 4687 2854 4768 aliquo
2889 4704 3036 4746 casu

416 4810 724 4875 interdicti
754 4809 851 4870 vel
882 4805 1303 4890 suspensionis
1334 4804 1643 4866 incurrant
1675 4800 2041 4862 sententiam
2070 4799 2206 4880 ipso
2241 4783 2419 4870 facto,
2456 4814 2573 4855 nos
2594 4790 3032 4854 deliberatione

411 4918 678 5001 „provida
724 4916 1014 4978 duximus
1059 4912 1479 4990 statuendum,
1511 4926 1580 4972 ut
1611 4908 1883 4992 episcopi
1918 4922 1978 4969 et
2009 4906 2107 4968 alii
2142 4904 2490 4987 superiores
2524 4899 2771 4983 praelati
2806 4896 3038 4959 nullius
