3684 5416
482 1560 533 1595 10

487 2094 532 2138 15

483 2701 536 2734 20

486 3273 536 3317 25

486 3807 541 3855 30

489 4342 538 4389 35

486 4881 544 4925 ⁴0

583 391 686 445 260
1208 391 1471 445 Potestas
1509 389 1889 446 ecclesiastica
1928 403 1984 446 et
2021 391 2324 462 imperium
2363 391 2539 447 civile.

796 573 860 634 11.
924 573 1024 635 Sic
1067 589 1276 662 autem
1321 574 1517 635 inesse
1562 575 1935 656 apostolicae
1968 575 2111 636 Sedi
2146 578 2220 636 ab
2253 576 2411 636 Petri
2443 576 2917 638 Successoribus
2952 577 3183 640 Christi

586 681 833 743 Vicariis
865 700 1073 742 rerum
1106 681 1532 764 Spiritualium
1562 683 1811 764 plenam
1844 698 2224 765 potestatem,
2262 699 2328 743 ut
2360 682 2545 744 simul
2577 685 2818 745 valeant
2848 700 3034 765 atque
3066 685 3184 746 im-

584 805 751 851 mota
783 788 1119 850 consistant
1148 804 1392 850 sanctae
1423 790 1857 852 oecumenicae
1890 790 2129 871 Synodi
2160 789 2654 852 Constantiensis
2686 813 2720 852 a
2742 792 2899 854 Sede
2931 808 3181 874 aposto-

582 896 696 958 lica
742 898 1158 977 comprobata,
1205 897 1469 978 ipsoque
1514 898 1950 959 Romanorum
1983 897 2355 961 Pontificum
2400 918 2468 960 ac
2512 898 2699 960 totius
2729 898 3035 960 Ecclesiae
3070 919 3189 960 usu

583 1002 961 1080 confirmata,
993 1019 1175 1083 atque
1207 1006 1282 1064 ab
1315 1003 1564 1066 ecclesia
1586 1003 1921 1083 Gallicana,
1956 1020 2249 1086 perpetua
2283 1005 2577 1084 religione
2612 1006 2916 1067 custodita
2949 1006 3193 1068 decreta

584 1111 661 1171 de
692 1109 1047 1171 auctoritate
1079 1109 1508 1171 Conciliorum
1538 1110 1941 1190 generalium,
1977 1131 2137 1191 quae
2167 1111 2440 1172 sessione
2472 1127 2688 1193 quarta
2721 1128 2779 1172 et
2800 1111 3014 1193 quinta
3035 1132 3191 1174 con-

584 1218 886 1291 tinentur;
952 1236 1064 1279 nec
1110 1214 1355 1296 probari
1399 1235 1431 1275 a
1466 1215 1776 1277 Gallicana
1808 1216 2098 1294 Ecclesia,
2147 1218 2255 1298 qui
2303 1237 2525 1279 eorum
2570 1218 2981 1294 decretorum,
3016 1219 3193 1299 quasi

586 1324 807 1384 dubiae
840 1323 962 1384 sint
994 1321 1369 1383 auctoritatis
1400 1342 1469 1382 ac
1501 1322 1707 1383 minus
1740 1325 2094 1405 approbata,
2130 1327 2321 1385 robur
2352 1323 2705 1404 infringant,
2737 1342 2843 1386 aut
2875 1326 2952 1386 ad
2983 1326 3192 1387 solum

586 1430 925 1492 schismatis
957 1446 1220 1511 tempus,
1256 1429 1520 1490 Concilii
1552 1429 1707 1490 dicta
1741 1431 2171 1512 detorqueant.

799 1537 885 1598 111.
953 1537 1120 1598 Hinc
1168 1536 1560 1617 Apostolicae
1628 1538 1941 1616 potestatis
1991 1558 2178 1599 usum
2239 1539 2698 1601 moderandum
2745 1559 2855 1622 per
2904 1541 3197 1602 Canones

587 1644 818 1727 Spiritu
852 1645 905 1704 D
925 1644 991 1705 ei
1040 1643 1327 1705 conditos
1373 1659 1430 1704 et
1466 1643 1656 1705 totius
1688 1644 1908 1705 mundi
1941 1644 2272 1706 reverentia
2306 1662 2728 1708 consecratos:
2777 1648 2975 1709 valere
3010 1647 3190 1708 etiam

586 1752 849 1831 regulaS,
881 1769 1085 1811 mores
1117 1766 1175 1811 et
1204 1750 1474 1811 instituta
1507 1772 1541 1811 a
1574 1770 1765 1830 regno
1798 1765 1858 1811 et
1890 1751 2139 1812 ecclesia
2174 1750 2485 1813 Gallicana
2524 1770 2782 1835 recepta,
2819 1755 3191 1834 patrumque

589 1858 888 1921 terminos
921 1877 1170 1919 manere
1200 1857 1636 1930 inconcussos;
1684 1874 1871 1938 atque
1904 1858 1966 1919 id
2000 1859 2301 1938 pertinere
2333 1860 2411 1920 ad
2441 1860 2912 1942 amplitudinem
2944 1875 3194 1941 aposto—

588 1965 736 2027 licae
768 1963 963 2042 Sedis,
1011 1978 1078 2023 ut
1109 1977 1329 2025 statuta
1362 1979 1420 2024 et
1452 1963 1929 2025 consuetudines
1959 1980 2162 2025 tantae
2195 1965 2369 2027 Sedis
2401 1982 2460 2027 et
2491 1967 2886 2028 ecclesiarum
2919 1985 3184 2028 consen-

589 2073 763 2134 sione
795 2070 1087 2148 firmatae,
1121 2069 1430 2152 propriam
1462 2070 1849 2132 stabilitatem
1881 2072 2219 2133 obtineant.

802 2179 900 2241 IV.
948 2178 1015 2238 ln
1064 2177 1205 2238 fidei
1249 2197 1506 2259 quoque
1546 2178 2016 2258 quaestionibus
2048 2179 2403 2260 praecipuas
2436 2180 2680 2241 Summi
2714 2179 3023 2242 pontificis
3056 2199 3190 2240 esse

589 2302 809 2368 parteS,
858 2262 1113 2366 eiusque
1145 2284 1385 2345 decreta
1417 2284 1493 2344 ad
1524 2304 1744 2345 omnes
1776 2300 1835 2345 et
1865 2286 2140 2365 singulas
2173 2286 2455 2348 ecclesias
2487 2287 2811 2368 pertinere,
2845 2307 2958 2348 nec
2988 2304 3193 2347 tamen

589 2392 1029 2455 irreformabile
1092 2410 1223 2452 esse
1283 2391 1603 2470 iudicium,
1667 2392 1783 2452 nisi
1849 2392 2151 2454 Ecclesiae
2214 2412 2556 2455 consensus
2618 2394 2949 2455 accesserit.
3030 2391 3087 2472 [l.
3140 2412 3191 2453 c.

589 2521 724 2583 pag.
772 2496 1154 2578 127—128.]

589 2678 668 2757 b)
717 2678 1308 2762 Episcoporum
1355 2694 1425 2739 et
1472 2678 2024 2760 praelatorum
2059 2677 2369 2741 Galliae
2410 2677 2882 2740 retractatio
2916 2699 2966 2739 a.
3013 2679 3197 2757 1692.

805 2823 972 2884 Cum
1010 2821 1074 2881 in
1106 2821 1227 2882 hoc
1257 2821 1510 2881 tandem
1541 2820 1866 2882 exultantis
1901 2820 2203 2882 Ecclesiae
2238 2821 2515 2882 felicitate
2547 2821 2826 2903 ingentes
2858 2819 3193 2881 Christiani

593 2950 815 2993 omnes
862 2944 1147 3010 paternae
1180 2927 1597 3008 providentiae
1631 2928 1974 2989 Sanctitatis
2006 2944 2237 2990 vestrae
2271 2928 2502 2990 fructus
2536 2928 2892 3009 percipiant,
2927 2927 3198 2988 facilem-

593 3057 716 3118 que
748 3037 813 3097 in
847 3036 1053 3097 sinum
1087 3033 1467 3095 Clementiae
1500 3049 1730 3095 vestrae
1762 3035 2000 3095 aditum
2033 3036 2447 3116 experiantur;
2502 3034 2654 3095 nihil
2699 3034 2969 3095 accidere
3002 3035 3196 3095 mole-

593 3145 746 3206 stius
778 3142 996 3225 potuit,
1029 3160 1220 3222 quam
1251 3142 1425 3222 quod
1457 3160 1532 3202 eo
1568 3161 1738 3203 nunc
1769 3142 1910 3204 loco
1946 3161 2041 3201 res
2074 3158 2315 3203 nostrae
2347 3143 2485 3219 sint,
2521 3158 2587 3203 ut
2619 3142 2818 3204 aditus
2839 3143 2902 3203 in
2923 3142 3197 3203 Gratiam

594 3249 936 3312 Sanctitatis
986 3265 1215 3309 vestrae
1264 3248 1443 3309 nobis
1489 3249 1785 3311 hactenus
1832 3248 2201 3310 interclusus
2232 3249 2528 3311 videatur.
2592 3249 2791 3311 Cuius
2824 3250 3078 3330 quidem
3110 3248 3196 3309 rei

594 3379 738 3422 cum
785 3378 920 3421 eam
952 3357 1141 3419 fuisse
1173 3357 1477 3419 rationem
1510 3358 1984 3440 perceperimuS,
2030 3359 2202 3439 quod
2235 3378 2350 3419 nos
2382 3358 2548 3421 Cleri
2581 3357 2881 3419 Gallicani
2915 3355 3201 3418 Comitiis

592 3487 761 3529 anno
805 3468 966 3529 1682
1015 3465 1256 3527 Parisiis
1301 3466 1539 3542 habitis,
1584 3465 2078 3539 interfuerimus;
2128 3467 2190 3527 id
2236 3466 2398 3527 circo
2444 3467 2521 3527 ad
2567 3466 2752 3547 pedes
2799 3461 3200 3525 Beatitudinis

591 3591 823 3635 vestrae
875 3572 1183 3655 provoluti
1236 3572 1614 3654 profitemur,
1660 3588 1718 3633 et
1764 3572 2165 3650 declaramus,
2213 3592 2327 3634 nos
2371 3573 2771 3633 vehementer
2815 3571 3091 3652 quidem,
3140 3584 3198 3629 et

592 3701 776 3763 supra
806 3681 869 3741 id
901 3681 1071 3761 quod
1106 3679 1225 3740 dici
1257 3694 1473 3760 potest,
1505 3699 1576 3740 ex
1608 3680 1792 3741 corde
1826 3679 2034 3741 dolere
2068 3680 2143 3741 de
2176 3683 2359 3741 rebus
2390 3679 2572 3758 gestis
2605 3679 2670 3739 in
2703 3678 2985 3741 Comitiis
3019 3696 3192 3758 prae·

594 3789 785 3865 dictis,
833 3807 991 3868 quae
1023 3786 1336 3849 Sanctitati
1380 3802 1613 3847 vestrae
1646 3786 1907 3867 eiusque
1940 3787 2519 3848 Praedecessoribus
2550 3805 2950 3867 summopere
2985 3783 3195 3865 displi-

594 3911 874 3958 cuerunt.
942 3899 1031 3955 Ac
1077 3894 1339 3976 proinde
1385 3893 1693 3975 quidquid
1725 3894 1800 3954 de
1833 3894 1962 3955 istis
1994 3894 2280 3957 Comitiis
2324 3893 2479 3955 circa
2511 3892 2994 3954 Ecclesiasticam
3028 3906 3199 3972 pote-

594 4019 827 4079 statem,
873 4018 932 4063 et
964 4000 1348 4063 Pontificiam
1391 4000 1815 4063 auctoritatem
1863 4002 2178 4062 decretum
2222 4000 2456 4061 censeri
2502 4000 2722 4082 potuit,
2762 4008 2879 4080 pro
2926 4019 3045 4060 non
3091 3998 3198 4057 de-

593 4118 756 4172 creto
800 4109 1109 4182 habemuS,
1155 4114 1214 4168 et
1254 4107 1594 4169 habendum
1641 4129 1768 4168 esse
1813 4108 2214 4169 declaramus,
2303 4106 2479 4183 Quin
2522 4107 2650 4169 imo
2684 4127 2717 4167 a
2751 4120 2958 4167 mente
2994 4121 3198 4166 nostra

594 4217 869 4278 alienum
903 4215 1087 4275 fuisse
1119 4231 1412 4276 testamur
1444 4214 1789 4296 quidquam
1822 4216 2171 4294 decernere,
2206 4231 2266 4276 et
2285 4215 2569 4276 Ecclesiis
2601 4213 2922 4296 praedictis
2957 4211 3199 4292 praeiu-

594 4323 828 4384 dicium
859 4322 1113 4383 inferre:
1149 4323 1424 4403 Prompti
1458 4323 1714 4403 insuper
1746 4323 1810 4382 in
1841 4322 2313 4404 profundissimi
2344 4322 2647 4402 obsequii,
2682 4322 2856 4403 quod
2891 4317 3197 4381 Sanctitati

596 4444 828 4490 vestrae
861 4428 1239 4510 profitemur,
1271 4443 1329 4490 et
1358 4429 1656 4489 demissae
1688 4429 2056 4490 reverentiae
2089 4429 2338 4511 pignus,
2370 4429 2450 4491 ita
2484 4448 2601 4489 nos
2631 4448 2859 4509 gerere,
2895 4443 2963 4487 ut
2994 4426 3071 4486 de
3092 4424 3198 4484 de-

597 4536 719 4597 bita
764 4550 990 4614 nostra,
1037 4554 1228 4615 quam
1273 4536 1349 4596 ad
1383 4550 1730 4596 extremum
1759 4535 1917 4596 vitae
1949 4536 2236 4617 spiritum
2267 4535 2577 4597 Sanctitati
2610 4551 2840 4596 vestrae
2872 4531 3196 4614 impensis—

596 4644 751 4704 sime
784 4642 1249 4724 praestabimuS,
1283 4642 1719 4722 obedientiam,
1768 4659 1826 4703 et
1859 4644 1933 4704 de
1968 4660 2179 4705 nostro
2213 4662 2325 4725 pro
2353 4643 2596 4705 tuendis
2628 4642 2933 4703 Ecclesiae
2967 4639 3201 4701 iuribus

597 4752 750 4826 ze10,
797 4749 952 4811 nihil
1001 4769 1279 4829 unquam
1327 4749 1518 4830 possit
1564 4750 1910 4811 desiderari.
1974 4750 2086 4811 His
2131 4750 2335 4831 itaque
2382 4750 2659 4832 perlectis
2706 4748 2931 4810 nostris
2962 4745 3202 4808 Litteris

598 4876 936 4939 speramuS,
985 4873 1042 4917 et
1073 4855 1467 4917 Sanctitatem
1499 4872 1760 4918 vestram
1794 4857 2143 4918 humillime
2176 4859 2571 4935 obtestamur,
2608 4872 2673 4918 ut
2705 4875 2818 4917 nos
2849 4855 2914 4915 in
2948 4852 3201 4933 gratiam

600 4964 1216 5044 benevolentiamque
1267 4965 1519 5025 tandem
1565 4980 1840 5046 receptos
1873 4963 2176 5043 EcclesiiS,
2211 4965 2286 5025 ad
2321 4984 2475 5044 quas
2506 4964 2637 5024 Rex
2672 4978 2879 5024 noster
2910 4958 3201 5023 Christia-
