3684 5416
255 1550 311 1581 ΙΟ

257 2100 309 2143 ι5

255 2635 317 2667 20

277 4239 330 4283 35

1328 379 1576 435 Ecclesia
1605 378 2014 452 antiquissima.
2905 381 2976 452 69

369 562 687 643 σβητοῦν·
742 560 971 636 ἔδοξε,
1022 562 1251 642 πάσης
1299 559 1644 642 ζητήσεως
1699 565 1938 627 sublata
1986 565 2347 646 quaestione
2380 582 2439 627 et
2469 564 2973 644 contradictione,

366 666 915 747 περιαιρεθείσης
950 667 1063 731 καὶ
1094 667 1501 748 ἀντιλογίας,
1538 667 1645 730 οῧ-
1700 672 1926 733 eodem
1973 690 2148 734 more
2180 672 2496 751 agendum
2529 691 2660 732 esse
2693 670 2977 733 fratribus

368 793 503 851 τως
547 775 740 853 ἄγειν
766 773 879 837 καὶ
910 773 1074 854 τοὺς
1106 773 1457 858 ἀδελφοὺς
1486 772 1649 852 τοὺς
1701 777 1992 854 Orientis,
2023 797 2151 858 quo
2185 779 2378 841 modo
2410 794 2602 858 agunt
2621 777 2887 840 Romani
2920 793 2979 838 et

371 882 447 942 έν
476 883 553 961 τῇ
588 882 886 962 ἀνατολῇ
919 881 1014 959 ὡς
1046 884 1294 963 ἄγουσι
1339 879 1649 967 Ῥωμαῖοι
1702 884 2104 946 Alexandrini
2148 900 2332 966 atque
2378 884 2596 946 caeteri
2636 904 2876 963 omnes,
2910 899 2980 945 ut

370 986 486 1049 καὶ
547 986 1040 1067 Ἀλεξανδρεῖς
1097 988 1212 1052 καὶ
1284 988 1347 1052 οἱ
1431 988 1650 1052 λοιποὶ
1703 991 1911 1053 cuncti
1961 992 2026 1053 in
2078 1011 2202 1052 una
2252 990 2371 1069 die,
2427 990 2717 1053 unanima
2772 1006 2978 1052 mente

369 1094 647 1173 πάντες,
722 1094 899 1174 πρὸς
959 1097 1037 1159 τὸ
1091 1097 1351 1175 πάντας
1413 1098 1488 1159 ἐν
1536 1098 1651 1180 μιᾷ
1703 1118 1951 1161 sursum
2003 1098 2276 1160 emittant
2309 1117 2518 1179 preces
2549 1097 2614 1159 in
2647 1096 2746 1159 illa
2778 1112 2980 1160 sancta

370 1202 596 1283 ἡμέρᾳ
643 1200 1019 1286 ὁμοφώνως
1072 1204 1483 1286 ἀναπέμπειν
1525 1203 1650 1281 τὰς
1701 1206 1800 1268 die
1833 1205 2113 1268 Pascatis.

374 1309 582 1387 εὐχὰς
626 1313 704 1389 τῆ
752 1310 918 1391 ἁγίᾳ
959 1310 1184 1393 ἡμέρᾳ
1219 1313 1340 1374 τοῦ
1372 1311 1645 1390 Πάσχα.
1790 1313 1869 1374 Et
1913 1312 2410 1393 subscripserunt
2461 1312 2569 1392 qui
2619 1313 2695 1372 ab
2728 1311 2982 1372 Oriente

374 1415 512 1478 Καὶ
563 1415 976 1500 ὑπέγραψαν
1024 1416 1088 1479 οἱ
1137 1420 1257 1498 τῆς
1306 1418 1649 1497 ἀνατολῆς
1702 1434 1890 1495 erant,
1935 1438 2012 1481 eo
2058 1418 2232 1499 quod
2278 1439 2311 1479 a
2358 1418 2610 1480 caeteris
2654 1433 2826 1479 erant
2859 1418 2982 1479 dis-

372 1522 467 1600 ὡς
487 1521 992 1605 ὸιαφωνοῦντες
1005 1524 1180 1603 πρὸς
1195 1522 1358 1602 τοὺς
1372 1525 1646 1600 ἄλλους.
1701 1526 2051 1588 sentientes,

1040 1722 1508 1805 Symbolum
1556 1722 1892 1784 Nicaeni
1941 1721 2314 1785 Concilii.

463 1858 885 1943 Πιστεύομεν
917 1860 1014 1938 εἰς
1043 1860 1167 1923 ἕνα
1186 1859 1374 1924 Θεὸν
1392 1862 1655 1941 πατέρα
1800 1862 2131 1924 Credimus
2164 1864 2226 1924 in
2265 1883 2464 1926 unum
2488 1864 2713 1941 Deum,
2749 1864 2988 1925 Patrem

372 1967 924 2046 παντοκράτορα,
970 1968 1237 2030 πάντων
1281 1968 1553 2047 ὁρατῶν
1581 1989 1657 2031 τε
1710 1971 2232 2052 omnipotentem,
2267 1971 2554 2032 omnium
2575 1971 2910 2034 visibilium
2930 1986 2989 2032 et

372 2071 488 2135 καὶ
534 2074 855 2152 ἀοράτων
886 2074 1181 2154 ποιητήν.
1228 2074 1367 2138 Καὶ
1401 2077 1499 2155 εἰς
1532 2075 1657 2139 ἕνα
1709 2075 2113 2138 invisibilium
2179 2074 2496 2147 factorem;
2564 2093 2622 2137 et
2668 2076 2733 2137 in
2784 2095 2986 2139 unum

372 2179 639 2258 Κύριον
685 2178 956 2259 Ἰησοῦν
986 2180 1307 2261 Χριστὸν,
1339 2182 1460 2245 τὸν
1490 2181 1658 2245 Υἱὸν

374 2289 498 2350 τοῦ
532 2285 742 2363 Θεοῦ,
790 2289 1205 2368 γεννηθέντα
1249 2291 1329 2351 ἐκ
1365 2291 1487 2353 τοῦ
1519 2291 1658 2352 Ila·

375 2394 565 2473 τρὸς,
611 2398 967 2478 μονογενῆ,
1020 2397 1363 2459 τουτέστιν
1413 2398 1491 2459 έκ
1539 2398 1659 2476 τῆς

376 2501 623 2579 οὐσίας
654 2504 776 2565 τοῦ
796 2502 1097 2581 Πατρὸς,
1132 2501 1319 2566 Θεὸν
1349 2505 1427 2566 ἐκ
1447 2501 1659 2576 Θεοῦ,

375 2609 526 2689 φῶς
575 2610 654 2671 ἐκ
696 2608 947 2691 φωτὸς,
981 2608 1169 2673 Θεὸν
1218 2608 1543 2690 ἀληθινὸν
1584 2610 1663 2672 ἐκ

377 2714 568 2780 Θεοῦ
631 2716 987 2795 ἀληθινοῦ,
1051 2718 1466 2799 γεννηθέντα
1485 2767 1499 2792 ,
1577 2717 1662 2778 οὐ

374 2824 762 2903 ποιηθέντα,
792 2822 1166 2905 ὁμοούσιον
1195 2824 1287 2906 τῷ
1312 2822 1554 2902 Πατρὶ,
1576 2822 1658 2886 δι’

379 2928 466 2992 οῦ
515 2930 601 2993 τὰ
644 2931 866 2993 πάντα
897 2931 1193 3008 ἐγένετο,
1243 2931 1327 2993 τά
1360 2951 1434 2994 τε
1466 2933 1542 2993 έν
1572 2931 1663 3012 τῷ

1714 2183 2065 2246 Dominum
2084 2183 2287 2244 Iesum
2310 2183 2648 2260 Christum,
2681 2198 2897 2245 natum
2917 2202 2990 2244 ex

1712 2292 1904 2368 Patre,
1950 2289 2367 2369 unigenitum,
2415 2291 2535 2351 hoc
2580 2304 2670 2350 est
2720 2309 2794 2349 ex
2841 2290 2989 2349 sub-

1713 2397 1928 2458 stantia
1975 2396 2183 2474 Patris,
2234 2397 2440 2458 Deum
2484 2414 2702 2457 verum
2745 2396 2821 2456 de
2854 2395 2991 2456 Deo

1715 2524 1885 2582 vem,
1933 2519 2169 2584 natum,
2218 2524 2348 2566 non
2395 2504 2644 2581 factum,
2678 2504 2993 2564 homoou-

1716 2610 1878 2688 sion,
1943 2610 2064 2672 hoc
2127 2626 2215 2671 est
2277 2610 2558 2672 eiusdem
2608 2628 2752 2671 cum
2803 2608 2995 2670 Patris

1718 2717 2074 2795 substantia,
2109 2737 2217 2799 per
2237 2737 2426 2799 quem
2447 2718 2658 2779 omnia
2678 2717 2832 2778 facta
2851 2732 2997 2778 sunt

1719 2844 1879 2906 quae
1924 2824 1990 2886 in
2035 2825 2210 2887 coelo
2257 2841 2316 2886 et
2360 2845 2520 2906 quae
2553 2825 2616 2885 in
2646 2840 2835 2900 terra;
2888 2823 2996 2905 qui

1719 2948 1971 3014 propter
2017 2950 2134 2992 nos
2179 2932 2466 2994 homines
2508 2947 2567 2993 et
2598 2947 2849 3013 propter
2880 2950 2996 2992 no-

381 3036 658 3117 οῦρανῷ
690 3037 805 3100 καὶ
836 3038 922 3100 τὰ
952 3037 1058 3100 ἐπὶ
1087 3041 1208 3117 τῆς
1237 3040 1392 3117 γῆς·
1425 3035 1545 3099 τὸν
1576 3035 1658 3100 δι’
1716 3055 1904 3100 stram
1925 3039 2188 3100 salutem
2208 3038 2540 3117 descendit,
2571 3053 2628 3099 et
2648 3038 2999 3100 incarnatus

381 3143 561 3226 ἡμᾶς
606 3141 770 3221 τοὺς
815 3142 1224 3223 ἀνθρώπους
1254 3143 1369 3207 καὶ
1401 3142 1517 3206 διὰ
1546 3143 1666 3224 τὴν

381 3249 719 3331 ἡμετέραν
731 3250 1074 3330 σωτηρίαν
1088 3250 1540 3326 καθελθόντα,
1551 3251 1666 3314 καὶ

383 3357 836 3435 σαρκωθέντα
865 3357 979 3420 καὶ
1024 3356 1666 3438 ἐνανθρωπήσαντα,

380 3463 695 3528 παθόντα
709 3514 723 3539 ,
785 3464 899 3527 καὶ
958 3465 1356 3528 ἀναστάντα
1401 3467 1480 3546 τῇ
1543 3464 1667 3544 τρί-

383 3592 463 3652 τῃ
503 3572 743 3653 ἡμέρᾳ,
781 3570 896 3634 καὶ
934 3570 1316 3634 ἀνελθόντα
1366 3571 1463 3649 εἰς
1507 3569 1670 3649 τοὺς

386 3677 757 3756 οὐρανούς,
789 3677 903 3741 καὶ
936 3679 1011 3740 ἐν
1030 3677 1224 3758 δεξιᾷ
1242 3680 1365 3741 τοῦ
1386 3677 1673 3757 Πατρὸς

385 3784 798 3869 καθήμενον,
865 3783 981 3848 καὶ
1045 3785 1416 3868 ἐρχόμενον
1473 3785 1674 3846 πάλιν

385 3898 613 3973 κρῖναι
644 3894 905 3971 ζῶντας
935 3891 1052 3956 καὶ
1072 3891 1383 3972 νεκρούς.
1416 3891 1554 3955 Καὶ
1577 3892 1675 3970 εἰς

384 4002 467 4064 τὸ
501 4002 786 4082 Πνεῦμα
815 3999 894 4062 τὸ
927 3996 1198 4079 Ἀγιον.

479 4105 670 4185 Τοὺς
720 4105 803 4170 δὲ
847 4107 1182 4186 λέγοντας
1231 4107 1332 4170 ὅτι
1379 4104 1463 4186 ῆν
1510 4104 1675 4168 πότε

392 4215 514 4279 ὅτε
560 4216 692 4277 οὐκ
739 4213 843 4294 ῆν,
889 4213 1005 4277 καὶ
1049 4214 1203 4293 πρὶν
1246 4212 1673 4294 γεννηθῆναι,

391 4323 523 4385 οὐκ
566 4320 669 4401 ῆν,
714 4320 827 4384 καὶ
875 4322 976 4384 ὅτι
1022 4321 1098 4396 ἐξ
1129 4323 1257 4383 οῦκ
1289 4318 1505 4383 ὄντων
1536 4319 1673 4399 ἐγέ-

390 4450 571 4504 νετο,
622 4429 666 4509 ἢ
718 4429 793 4503 ἐξ
844 4428 1088 4507 ἑτέρας
1136 4427 1583 4504 ὑποστάσεως
1634 4426 1673 4505 ἢ

396 4536 643 4613 οῦσίας
662 4537 1063 4618 φάσκοντας
1083 4534 1272 4610 εἶναι,
1307 4534 1348 4614 ἢ
1368 4533 1674 4613 τρεπτὸν,

396 4643 439 4722 ἦ
489 4641 865 4706 ἀλλοιωτὸν
912 4641 1036 4704 τὸν
1077 4639 1248 4703 Υἱὸν
1295 4642 1417 4703 τοῦ
1463 4638 1674 4715 Θεοῦ,

284 4773 342 4813 4ο
397 4747 688 4826 τούτους
718 4747 1192 4832 ἀναθεματίζει
1210 4745 1543 4826 καθολικὴ
1563 4746 1676 4809 καὶ

399 4852 816 4934 ἀποστολικὴ
852 4853 1234 4934 Ἐκκλησία.

1720 3161 1827 3225 est,
1862 3162 1920 3208 et
1952 3146 2148 3208 homo
2183 3145 2392 3224 factus,
2429 3165 2646 3227 passus
2677 3161 2786 3224 est,
2819 3160 2877 3206 et
2907 3163 2999 3205 re·

1721 3252 1981 3315 surrexit
2011 3252 2182 3314 tertia
2201 3253 2321 3330 die,
2357 3252 2634 3313 ascendit
2652 3251 2714 3313 in
2736 3249 3001 3327 coelum,

1723 3359 1893 3421 unde
1936 3373 2235 3421 venturus
2280 3375 2370 3421 est
2413 3359 2683 3420 iudicare
2726 3359 2899 3421 vivos
2945 3375 3002 3419 ει

1723 3481 2036 3540 mortuos;
2071 3482 2128 3526 et
2159 3466 2224 3527 in
2257 3465 2557 3547 Spiritum
2588 3465 2904 3527 Sanctum.

1821 4107 1946 4168 Eos
1990 4121 2198 4168 autem
2238 4104 2346 4187 qui
2379 4104 2626 4166 dicunt:
2678 4104 2821 4165 Erat
2850 4117 3005 4164 tem-

1729 4234 1846 4297 pus
1892 4214 2145 4296 quando
2176 4205 2323 4274 'non
2370 4227 2511 4290 erat,
2556 4227 2616 4272 et
2645 4210 3005 4293 priusquam

1730 4337 2080 4383 nasceretur
2111 4337 2241 4380 non
2274 4333 2418 4395 erat,
2450 4332 2508 4379 et
2538 4317 2684 4398 quia
2717 4336 2792 4377 ex
2823 4314 3010 4376 nullis

1729 4427 2205 4490 subsistentibus
2251 4426 2450 4488 factus
2501 4441 2609 4504 est,
2643 4439 2750 4486 aut
2794 4443 2865 4484 ex
2897 4422 3011 4483 alia

1728 4535 2070 4597 substantia
2129 4534 2227 4594 vel
2290 4533 2551 4594 essentia
2615 4531 2833 4592 dicunt
2881 4549 3011 4591 esse

1729 4635 2037 4720 τρεπτὸν,
2088 4641 2210 4703 hoc
2259 4656 2348 4700 est
2397 4638 2858 4701 convertibilem
2909 4653 3013 4697 aut

1730 4749 2095 4811 mutabilem
2116 4747 2345 4809 Filium
2361 4747 2497 4824 Dei,
2521 4747 2637 4807 hos
2657 4745 3012 4807 anathema-

1731 4856 1873 4916 tizat
1919 4855 2214 4917 catholica
2260 4869 2319 4915 et
2362 4852 2694 4936 apostolica
2729 4850 3013 4913 Ecclesia.
