3684 5416
554 1539 603 1571 lo

557 2081 604 2125 ι5

558 3197 609 3242 25

559 3768 613 3814 30

560 4333 612 4380 35

652 367 758 435 646
1523 373 1767 429 Ordines
1808 387 1866 430 et
1904 375 2407 444 congregationes,

868 551 1017 634 Cap.
1050 553 1135 613 111.
1184 555 1403 616 Clerici
1440 555 1661 619 faciant
1685 558 1967 621 divinum
1989 560 2287 622 Officium
2326 562 2673 624 secundum
2699 563 2985 623 ordinem
3007 561 3271 622 Sanctae

653 657 968 721 Romanae
1002 661 1323 741 Ecclesiae,
1376 682 1630 746 excepto
1682 668 1992 747 psalteri0,
2045 688 2118 728 ex
2165 687 2294 748 quo
2344 670 2564 730 habere
2613 685 2901 750 poterunt
2948 668 3264 729 breviaria.

648 766 810 828 Laici
859 788 1005 830 vero
1056 769 1260 832 dicant
1309 772 1794 855 vigintiquatuor
1824 775 2008 836 Pater
2059 782 2262 837 noster
2309 795 2421 858 pro
2464 777 2788 852 matutino,
2825 795 2939 857 pro
2971 775 3266 837 laudibus

647 874 947 955 quinque,
993 896 1106 958 pro
1152 879 1367 959 prima,
1419 880 1613 959 tertia,
1661 897 1842 957 sexta,
1891 901 2077 958 nona,
2120 901 2232 965 pro
2265 883 2539 963 qualibet
2573 884 2827 945 istarum
2859 898 3117 964 septem,
3150 901 3270 962 pro

649 983 915 1063 vesperis
961 999 1165 1045 autem
1216 986 1568 1063 duodecim,
1616 1007 1730 1068 pro
1764 990 2178 1071 completorio
2211 1006 2463 1070 septem,
2497 1007 2554 1051 et
2585 1007 2763 1051 orent
2796 1008 2906 1071 pro
2941 988 3261 1049 defunctis.

651 1088 725 1150 Et
774 1089 1050 1150 ieiunent
1101 1111 1132 1151 a
1187 1092 1339 1153 festo
1387 1093 1694 1155 Omnium
1742 1096 2111 1158 Sanctorum
2173 1116 2370 1178 usque
2417 1098 2493 1158 ad
2541 1096 2931 1158 Nativitatem
2974 1094 3268 1165 Domini:

652 1213 923 1257 sanctam
955 1218 1102 1259 vero
1135 1200 1689 1279 quadragesimam,
1735 1222 1896 1283 quae
1930 1204 2141 1284 incipit
2180 1206 2253 1265 ab
2287 1203 2626 1285 Epiphania
2662 1202 2917 1264 Domini
2952 1220 3150 1282 usque
3185 1201 3264 1261 ad

654 1303 984 1364 continuos
1016 1306 1420 1388 quadraginta
1455 1308 1609 1385 dies,
1635 1329 1823 1389 quam
1863 1312 2174 1373 Dominus
2208 1332 2324 1373 suo
2356 1326 2565 1373 sancto
2597 1310 2831 1371 ieiunio
2866 1309 3266 1387 consecravit,

654 1410 764 1490 qui
810 1412 1148 1472 voluntarie
1198 1433 1335 1475 eam
1381 1415 1674 1494 ieiunant,
1723 1418 2026 1479 benedicti
2074 1418 2197 1480 sint
2228 1441 2261 1480 a
2297 1418 2590 1494 Domin0,
2626 1435 2683 1479 et
2716 1418 2822 1498 qui
2856 1416 3099 1491 nolunt,
3134 1434 3269 1475 non

656 1534 800 1579 sunt
846 1518 1132 1593 adstricti,
1178 1520 1285 1580 sed
1318 1521 1498 1583 aliam
1534 1543 1733 1603 usque
1768 1525 1845 1585 ad
1879 1525 2423 1586 Resurrectionem
2461 1525 2715 1586 Domini
2753 1523 3049 1585 ieiunent.
3117 1522 3272 1583 Aliis

658 1638 866 1685 autem
912 1627 1292 1706 temporibus
1342 1648 1472 1689 non
1506 1646 1831 1692 teneantur
1867 1632 2075 1693 fratres
2107 1633 2220 1694 nisi
2255 1631 2398 1693 feria
2430 1648 2591 1693 sexta
2626 1631 2938 1703 ieiunare;
2990 1645 3273 1708 tempore

659 1750 804 1792 vero
844 1732 1199 1795 manifestae
1245 1736 1615 1797 necessitatis
1664 1756 1794 1798 non
1827 1754 2154 1800 teneantur
2187 1738 2399 1800 fratres
2432 1739 2665 1800 ieiunio
2700 1736 3025 1818 corporali.
3090 1734 3271 1796 Con·

658 1837 796 1897 sulo
846 1858 1009 1915 ver0,
1059 1860 1291 1903 moneo
1342 1858 1401 1903 et
1447 1846 1735 1906 exhortor
1786 1845 1997 1906 fratres
2046 1866 2220 1907 meos
2273 1846 2334 1906 in
2382 1845 2659 1905 Domino
2703 1843 2837 1904 lesu
2886 1842 3152 1916 Christo,
3204 1856 3274 1902 ut

661 1946 917 2025 quando
965 1949 1194 2009 vadunt
1239 1969 1347 2030 per
1393 1952 1721 2026 mundum,
1770 1972 1899 2013 non
1946 1953 2199 2032 litigent,
2250 1972 2456 2032 neque
2490 1951 2867 2013 contendant
2901 1949 3116 2025 verbiS,
3154 1967 3274 2009 nec

660 2052 811 2113 alios
843 2053 1124 2115 iudicent.
1188 2055 1309 2117 Sed
1340 2056 1461 2118 sint
1494 2057 1687 2134 mites,
1736 2058 1970 2140 pacifici
2005 2076 2062 2120 et
2095 2059 2376 2137 modesti,
2409 2056 2710 2119 mansueti
2743 2072 2802 2117 et
2834 2055 3118 2130 humiles,
3153 2055 3275 2114 ho-

662 2175 830 2220 neste
875 2160 1200 2241 loquentes
1252 2164 1546 2226 omnibus
1575 2165 1731 2227 sicut
1764 2167 1953 2228 decet.
2019 2167 2088 2227 Et
2122 2186 2252 2228 non
2286 2168 2550 2227 debeant
2582 2165 2877 2245 equitare,
2914 2163 3028 2223 nisi
3065 2161 3276 2223 mani·

661 2264 809 2327 festa
855 2269 1208 2330 necessitate
1254 2270 1348 2331 vel
1395 2270 1744 2334 infirmitate
1789 2290 2109 2353 cogantur.
2176 2273 2243 2334 In
2278 2291 2740 2354 quamcumque
2773 2272 3035 2331 domum
3075 2268 3273 2329 intra-

661 2373 876 2450 verint,
911 2375 1178 2455 primum
1214 2377 1447 2439 dicant:
1487 2380 1606 2440 Pax
1627 2379 1772 2441 huic
1791 2380 2027 2441 domui.
2065 2381 2138 2441 Et
2169 2381 2515 2441 secundum
2548 2393 2836 2441 sanctum
2868 2374 3277 2454 Evangelium

663 2478 738 2538 de
770 2481 1064 2541 omnibus
1098 2483 1246 2543 cibis
1279 2484 1385 2564 qui
1420 2502 1817 2567 apponuntur
1851 2487 1938 2546 eis
1969 2486 2144 2547 liceat
2176 2488 2571 2547 manducare.

875 2623 1021 2705 Cap.
1056 2625 1151 2687 lV.
1204 2628 1517 2710 Praecipio
1564 2626 1816 2689 firmiter
1865 2628 2149 2689 fratribus
2196 2628 2515 2704 universis,
2551 2642 2617 2688 ut
2647 2626 2824 2688 nullo
2857 2626 3047 2687 modo
3080 2626 3278 2686 dena·-

664 2731 806 2810 rios,
839 2734 935 2793 vel
968 2735 1297 2814 pecuniam
1329 2737 1641 2818 recipiant,
1676 2757 1785 2820 per
1814 2758 1879 2798 se
1913 2737 2008 2798 vel
2044 2757 2151 2817 per
2183 2737 2603 2818 interpositam
2636 2755 2983 2817 personam.
3029 2735 3283 2797 Tamen

665 2858 775 2919 pro
822 2841 1284 2903 necessitatibus
1329 2842 1742 2922 infirmorum,
1791 2862 1849 2906 et
1881 2844 2011 2905 aliis
2045 2844 2329 2905 fratribus
2362 2842 2710 2918 induendis,
2745 2861 2851 2923 per
2882 2841 3111 2902 amicos
3144 2842 3278 2921 spi·
3349 2887 3352 2888 ν

664 2943 925 3023 rituales,
978 2946 1239 3009 ministri
1291 2965 1550 3026 tantum,
1601 2968 1657 3012 et
1704 2953 1993 3013 custodes
2040 2952 2362 3012 sollicitam
2409 2969 2620 3011 curam
2665 2965 2880 3028 gerant
2925 2948 3284 3009 secundum

663 3048 816 3128 loca,
852 3068 909 3111 et
941 3069 1238 3134 tempora,
1272 3072 1329 3116 et
1365 3057 1609 3134 frigidas
1643 3059 1946 3137 regiones,
1978 3058 2133 3119 sicut
2166 3057 2503 3119 necessitati
2535 3057 2801 3117 viderint
2831 3054 3131 3137 expedire.
3174 3055 3279 3115 Eo

666 3177 905 3238 semper
937 3160 1122 3232 salv0,
1158 3176 1244 3240 ut,
1277 3163 1434 3224 sicut
1466 3164 1700 3225 dictum
1734 3181 1841 3241 est,
1878 3165 2164 3226 denarios
2197 3165 2290 3225 vel
2324 3164 2651 3245 pecuniam
2688 3183 2818 3224 non
2852 3161 3167 3244 recipiant.

878 3301 1027 3383 Cap.
1062 3303 1131 3364 V.
1183 3304 1420 3367 Fratres
1463 3306 1568 3376 illi,
1613 3309 1840 3388 quibus
1886 3308 2143 3389 gratiam
2176 3307 2341 3367 dedit
2377 3305 2687 3367 Dominus
2719 3299 3062 3378 laborandi,
3093 3302 3280 3364 labo-

664 3424 797 3470 rent
829 3409 1085 3471 fideliter
1118 3426 1175 3472 et
1208 3412 1450 3484 devote,
1486 3413 1563 3474 ita
1598 3415 1790 3495 quod,
1826 3417 2078 3475 excluso
2108 3415 2251 3475 ocio
2283 3414 2523 3475 animae
2558 3412 2829 3486 inimiCO,
2862 3427 3103 3472 sanctae
3134 3430 3284 3472 ora-

663 3516 850 3577 tionis
882 3532 940 3577 et
972 3518 1317 3580 devotionis
1349 3521 1629 3601 spiritum
1664 3541 1789 3582 non
1822 3522 2200 3600 extinguant,
2249 3521 2347 3581 cui
2381 3521 2606 3581 debent
2639 3536 2874 3580 caetera
2908 3518 3279 3600 temporalia

666 3624 986 3684 deservire.
1053 3626 1145 3686 De
1194 3628 1473 3688 mercede
1520 3646 1663 3687 vero
1696 3627 1920 3688 laboris
1956 3647 2067 3709 pro
2098 3648 2161 3689 se
2195 3643 2253 3688 et
2283 3627 2408 3688 suis
2442 3625 2725 3688 fratribus
2757 3625 3104 3687 necessaria
3138 3645 3279 3686 cor-

665 3730 831 3812 poris
863 3732 1170 3812 recipiant,
1205 3750 1439 3813 praeter
1470 3734 1771 3806 denarios»,
1806 3734 1899 3794 vel
1933 3734 2281 3815 pecuniam,
2315 3749 2373 3794 et
2405 3734 2526 3793 hoc
2559 3731 2891 3802 humiliter,
2916 3731 3070 3791 sicut
3102 3731 3282 3792 decet

665 3858 875 3899 servos
911 3840 1022 3900 Dei
1057 3856 1113 3900 et
1146 3840 1517 3921 paupertatis
1550 3842 1966 3902 sanctissimae
2000 3857 2343 3902 sectatores.

879 3984 1027 4064 Cap.
1061 3984 1157 4047 VI.
1207 3984 1442 4044 Fratres
1476 3984 1629 4044 nihil
1663 3984 1775 4045 sibi
1810 3983 2229 4065 approprient,
2267 4002 2380 4043 nec
2412 3983 2697 4058 domum,
2745 4001 2857 4042 nec
2889 3981 3117 4056 locum,
3154 4001 3270 4041 nec

665 4090 933 4171 aliquam
968 4110 1114 4166 rem,
1147 4091 1251 4150 sed
1285 4107 1606 4171 tamquam
1641 4091 1946 4172 peregrini
1980 4106 2036 4151 et
2068 4091 2337 4151 advenae
2371 4089 2435 4150 in
2468 4089 2589 4149 hoc
2620 4088 2885 4164 saecu10,
2918 4087 2980 4147 in
3013 4106 3276 4168 pauper-

665 4212 783 4257 tate
832 4213 888 4257 et
938 4198 1277 4259 humilitate
1312 4198 1590 4259 Domino
1626 4198 2011 4274 famulantes,
2044 4197 2269 4257 vadant
2301 4216 2413 4277 pro
2444 4196 2834 4275 eleemosyna
2867 4193 3272 4255 confidenter.

667 4304 797 4364 Nec
829 4319 1068 4384 oportet
1102 4326 1207 4366 eos
1240 4305 1656 4384 verecundari,
1689 4305 1837 4386 quia
1875 4305 2184 4366 Dominus
2216 4323 2328 4385 pro
2363 4303 2543 4364 nobis
2574 4322 2638 4364 se
2672 4301 2810 4362 fecit
2841 4321 3175 4383 pauperem
3209 4301 3278 4361 in

669 4411 789 4471 hoc
836 4412 1093 4472 mundO.
1156 4412 1322 4472 Haec
1369 4427 1458 4472 est
1503 4412 1599 4473 illa
1633 4412 1934 4474 celsitudo
1969 4412 2292 4472 altissimae
2326 4409 2716 4492 paupertatis,
2754 4430 2912 4490 quae
2946 4428 3054 4468 vos
3089 4408 3267 4470 caris-

667 4520 858 4582 simos
906 4520 1113 4582 fratres
1161 4540 1351 4599 meos,
1400 4523 1691 4583 haeredes
1737 4538 1794 4583 et
1841 4541 2014 4601 reges
2060 4521 2233 4600 regni
2281 4519 2603 4580 coelorum
2650 4518 2926 4595 instituit,
2977 4536 3280 4598 pauperes

666 4631 850 4689 rebus
898 4628 1052 4707 fecit,
1100 4628 1423 4689 virtutibus
1467 4629 1835 4690 sublimavit.
1903 4628 2069 4689 Haec
2115 4628 2187 4687 sit
2234 4627 2434 4708 portio
2468 4641 2668 4686 vestra
2703 4645 2861 4706 quae
2894 4624 3172 4706 perducit
3206 4624 3269 4685 in

668 4754 891 4798 terram
936 4734 1289 4812 viventium,
1339 4736 1459 4813 cui,
1504 4735 1877 4796 dilectissimi
1926 4734 2156 4812 fratres,
2189 4734 2450 4795 totaliter
2482 4733 2889 4810 inhaerentes,
2924 4732 3075 4793 nihil
3107 4732 3276 4793 aliud

670 4863 781 4926 pro
830 4844 1083 4903 nornine
1132 4842 1389 4904 Domini
1438 4843 1629 4904 nostri
1676 4843 1807 4903 Iesu
1857 4842 2088 4905 Christi
2136 4843 2197 4902 in
2244 4856 2613 4923 perpetuum
2663 4842 2780 4900 sub
2829 4839 3005 4900 coelo
3051 4840 3272 4900 habere

670 4950 881 5011 velitis.
918 4951 990 5011 Et
1024 4951 1403 5030 ubicumque
1438 4965 1594 5021 sunt,
1630 4965 1688 5011 et
1719 4969 1783 5010 se
1818 4949 2163 5011 invenerint
2195 4948 2423 5028 fratres,
2457 4948 2790 5009 ostendant
2821 4968 2885 5007 se
2907 4946 3277 5007 domesticos
