3684 5416
481 1399 529 1431 10

480 1931 524 1975 ¹5

472 2468 526 2499 20

470 3143 520 3185 25

467 3747 521 3793 30

465 4283 517 4328 35

589 336 691 391 268

588 520 1020 600 dispositiones
1051 519 1473 582 desideramus
1505 541 1537 580 a
1573 518 1717 598 Maj.
1739 521 1862 582 Vra

587 626 717 688 fieri
748 641 959 709 utpote
982 627 1229 688 maximi
1249 626 1557 709 ponderis,
1577 646 1687 709 per
1707 647 1862 707 quas

584 732 954 794 confortabit
985 733 1255 796 reditum
1287 749 1594 812 nostrum,
1630 749 1689 794 et
1710 753 1862 795 con-

585 839 882 901 solabitur
914 859 1133 901 omnes
1166 843 1397 916 bonos;
1447 841 1556 921 qui
1588 840 1652 901 in
1686 860 1861 922 prae·

582 947 860 1008 sentibus
919 947 1387 1010 circumstantiis
1434 963 1593 1008 stant
1642 947 1707 1008 in
1758 967 1863 1008 ex-

584 1054 927 1134 pectatione
959 1074 1183 1134 magna
1215 1074 1358 1115 curn
1377 1053 1691 1116 anxietate.
1726 1056 1862 1116 Ma-

581 1180 710 1239 gno
757 1178 962 1222 autem
1007 1162 1187 1223 nobis
1231 1161 1451 1222 solatio
1483 1176 1593 1237 est,
1628 1160 1860 1221 collau-

582 1267 767 1328 dandi
801 1287 931 1329 non
962 1268 1175 1329 minus
1208 1268 1493 1349 pietatem
1515 1266 1658 1346 Maj.
1682 1268 1858 1344 Vrae,

582 1394 771 1455 quarn
816 1374 1003 1436 simul
1055 1376 1376 1456 publicum
1422 1374 1644 1436 edendi
1686 1374 1859 1434 testi-

583 1480 865 1542 monium
895 1483 973 1542 de
1005 1481 1140 1542 viva
1169 1481 1482 1560 religione,
1503 1500 1693 1562 quarn
1714 1499 1860 1542 curn

581 1607 823 1648 summa
845 1603 1054 1650 nostra
1073 1588 1497 1650 aedificatione
1519 1588 1859 1670 reperimus

579 1708 703 1754 tam
756 1694 822 1755 in
870 1695 979 1755 ista
1012 1695 1318 1776 Imperiali
1351 1697 1522 1775 urbe,
1575 1714 1763 1775 quarn
1797 1694 1860 1755 in

583 1800 917 1862 Provinciis
937 1801 1220 1863 Statuum
1244 1803 1558 1881 Eiusdem,
1576 1821 1685 1884 per
1706 1822 1859 1883 quas

580 1907 991 1969 transivimus,

672 2014 969 2094 Viennae,
1019 2037 1108 2078 ro.
1142 2017 1336 2097 April.
1383 2019 1562 2084 1782.

1309 2141 1450 2203 Pius
1483 2143 1595 2204 PP.
1627 2142 1724 2203 VI.

1215 338 1481 393 Potestas
1520 336 1899 392 ecclesiastica
1938 350 1996 392 et
2031 338 2333 410 imperium
2373 337 2549 393 civile.

1920 540 2211 603 possum,
2287 520 2568 603 religioni
2635 535 2693 580 et
2756 519 2953 581 Statui
3016 538 3190 592 meo;

1919 649 2100 711 spero
2145 647 2418 710 quoque,
2463 627 2524 688 id
2571 625 2968 688 Sanctitatem
3007 624 3192 687 Vram

1918 755 1950 796 e
2001 735 2155 797 datis
2204 735 2387 796 etiam
2437 753 2545 816 per
2594 752 2695 793 me
2739 732 3194 815 provisionibus

1918 840 2302 923 cognovisse.
2378 840 2635 902 Summa
2685 838 3030 900 consolatio
3079 858 3193 920 pro

1916 969 2017 1010 me
2050 963 2109 1010 et
2139 967 2253 1030 pro
2284 963 2415 1008 toto
2447 966 2591 1008 meo
2614 946 2851 1028 populo
2871 960 3195 1029 promanat

1917 1054 2153 1133 exinde,
2214 1054 2388 1134 quod
2452 1073 2582 1115 non
2636 1054 2844 1114 solum
2894 1053 3193 1115 Summus

1918 1160 2197 1223 Pontifex
2229 1179 2346 1221 nos
2378 1161 2794 1240 honoraverit,
2819 1175 2877 1220 et
2913 1159 3194 1221 aedifica-

1915 1268 2065 1329 verit
2107 1288 2215 1331 sua
2262 1267 2619 1348 praesentia,
2664 1268 2772 1328 sed
2806 1267 2980 1347 quod
3013 1266 3192 1328 etiarn

1914 1393 1978 1436 se
1999 1374 2410 1452 declaraverit,
2431 1389 2790 1436 contentum
2813 1393 2878 1434 se
2898 1393 3027 1435 esse
3047 1392 3190 1435 curn

1913 1497 2069 1544 statu
2102 1481 2415 1562 religionis
2447 1496 2505 1542 et
2545 1480 2968 1542 aedificatione
3002 1498 3191 1561 quam

1914 1605 2146 1651 tantam
2196 1587 2496 1670 comperit
2546 1587 2611 1648 in
2662 1587 2815 1647 meis
2860 1585 3193 1668 provinciis

1914 1697 2169 1758 transitu
2192 1715 2310 1756 suo
2332 1694 2664 1757 honoratis.
2696 1694 2858 1755 Istud
2880 1708 2986 1769 est,
3018 1692 3191 1773 quod

1914 1804 2172 1867 breviter
2191 1803 2408 1864 Eidem
2439 1801 2853 1884 respondendi
2887 1801 3192 1861 honorem

1913 1913 2134 1990 habeo,
2195 1910 2606 1972 assecurando
2665 1908 2967 1986 Eandem,
3020 1905 3191 1988 quod

1914 2017 2288 2099 praesidium
2332 2035 2402 2076 ac
2449 2015 2680 2097 puritas
2724 2034 2902 2076 verae
2946 2012 3190 2094 religio-

1914 2125 2008 2187 nis
2067 2143 2310 2205 semper
2375 2122 2620 2201 fuerint,
2681 2121 3011 2202 futuraque
3072 2120 3192 2182 sint

1913 2231 2113 2312 prima
2156 2250 2294 2291 mea
2341 2229 2616 2308 consilia,
2665 2232 2899 2310 absque
2932 2230 3064 2291 ullo
3094 2249 3189 2289 se-

1912 2336 2213 2398 cundario
2259 2336 2379 2399 fine
2427 2357 2537 2399 seu
2571 2356 2763 2397 vanae
2795 2335 3047 2415 gloriae,
3080 2354 3189 2397 seu

1912 2443 2138 2505 amoris
2200 2443 2461 2525 proprii,
2524 2463 2599 2504 eo
2664 2443 2873 2504 minus
2935 2442 3189 2504 alicuius

1909 2550 2247 2613 commodi.

2001 2657 2294 2736 Viennae,
2339 2678 2432 2739 13.
2465 2659 2640 2742 April
2683 2661 2865 2728 1782.

2730 2784 2956 2864 Joseph
2966 2804 3055 2844 us.

581 3011 652 3092 b)
720 3012 1195 3073 Declarationes
1240 3015 1499 3074 secundi
1537 3015 1780 3074 ordinis
1812 3014 1919 3074 Pii
1947 3014 2151 3095 Papae
2196 3013 2288 3075 VI.
2322 3000 2507 3095 super
2539 3015 2745 3075 eodem
2779 3020 3019 3090 merito,
3050 3036 3184 3076 cum

1311 3114 1621 3193 responsis
1653 3111 2072 3194 Imperatoris.
2116 3111 2244 3186 (Ex
2273 3111 2457 3184 Ital.)

576 3272 1120 3328 Declarationes
1161 3272 1419 3328 Summi
1459 3272 1852 3329 Pontificis.

664 3401 894 3464 Omnia
941 3422 1187 3483 semper
1216 3404 1615 3484 sperabamus
1647 3426 1680 3465 a
1712 3405 1852 3465 reli-

574 3508 777 3589 gione,
837 3512 912 3571 ab
964 3509 1195 3588 anim0,
1249 3525 1307 3570 et
1356 3531 1388 3571 a
1439 3510 1854 3591 singularibus

575 3617 823 3677 dotibus
858 3616 1003 3695 Maj.
1039 3618 1230 3678 Vrae:
1279 3632 1338 3677 et
1384 3637 1554 3679 nunc
1584 3618 1681 3678 ius
1713 3617 1853 3678 red-

573 3724 781 3785 dimus
813 3724 1136 3785 Nobismet
1180 3724 1326 3806 ipsis
1370 3742 1556 3805 super
1601 3724 1849 3804 iudicio,

573 3831 746 3911 quod
769 3846 1019 3892 eatenus
1037 3832 1485 3905 formabamus;
1509 3831 1635 3910 pari
1655 3832 1849 3894 modo

573 3937 893 3998 reddimus
934 3938 1002 3998 in
1034 3938 1311 3999 Domino
1346 3937 1852 4020 propensissimas

573 4061 628 4104 et
662 4044 906 4104 intimas
937 4060 1135 4124 grates
1169 4063 1282 4125 pro
1321 4044 1848 4127 explicationibus,

574 4170 729 4230 quas
762 4151 1049 4213 hesterno
1086 4172 1271 4213 mane
1315 4152 1683 4232 dignabatur
1719 4150 1851 4212 fieri

573 4256 784 4317 fecisse
818 4277 1005 4338 super
1038 4258 1153 4325 illis
1183 4258 1472 4337 articuliS,
1506 4259 1583 4319 de
1616 4258 1847 4339 quibus

574 4364 752 4425 nobis
785 4385 994 4426 sermo
1027 4382 1133 4425 est.

671 4494 719 4534 1.
787 4472 942 4533 Satis
994 4471 1103 4532 erit
1151 4471 1377 4552 itaque,
1432 4472 1481 4532 si
1534 4470 1676 4550 Maj.
1727 4473 1850 4533 Vra

571 4577 928 4657 dignaretur
992 4579 1297 4639 declarare
1348 4578 1467 4638 illis
1520 4578 1852 4640 Guberniis

571 4701 674 4745 aut
709 4684 1073 4761 Dicasteriis,
1124 4685 1200 4745 ad
1232 4705 1390 4764 quae
1423 4684 1646 4746 directa
1680 4684 1851 4746 fuere

571 4793 904 4873 respectiva
938 4792 1178 4852 decreta
1211 4807 1631 4852 controversa:
1677 4792 1848 4871 quod

572 4899 725 4959 circa
760 4898 1006 4959 Bullam
1027 4898 1400 4980 Unigenitus
1422 4896 1564 4976 Maj.
1589 4898 1709 4959 Vra
1731 4918 1850 4959 suo

2112 3273 2473 3345 Responsa
2512 3274 2985 3347 Imperatoris.

1998 3402 2063 3463 Si
2113 3403 2411 3465 Sanctitas
2461 3404 2585 3465 Vra
2635 3403 2928 3466 iustitiam
2987 3405 3185 3466 reddit

1910 3529 2083 3571 meae
2115 3510 2399 3590 religioni
2431 3526 2491 3573 et
2521 3530 2664 3573 meo
2699 3511 2904 3574 cordi:
2954 3512 3184 3573 Eadem

1908 3633 2043 3679 tuto
2090 3620 2338 3680 credere
2384 3634 2602 3699 potest,
2653 3636 3038 3700 quantopere
3069 3637 3184 3698 ego

1907 3740 2076 3806 parte
2110 3745 2182 3786 ex
2213 3745 2348 3786 mea
2380 3726 2693 3787 convictus
2714 3725 2829 3787 sim
2852 3742 2992 3808 post
3011 3743 3184 3786 corn-

1908 3848 2173 3912 paratam
2225 3833 2612 3913 personalem
2660 3833 2944 3896 notitiam
2984 3850 3185 3893 sacrae

1907 3958 1976 3999 ac
1991 3939 2354 4000 venerabilis
2372 3939 2661 4001 Eiusdem
2679 3958 2996 4021 personae,
3012 3938 3181 4020 quod

1907 4044 2120 4123 religio
2154 4062 2210 4106 et
2241 4064 2348 4106 cor
2380 4045 2720 4107 Sanctitatis
2743 4047 2900 4107 Vrae
2932 4064 3181 4126 praeva-

1905 4152 2025 4212 leat
2070 4150 2132 4211 in
2164 4150 2399 4212 Eadem
2447 4152 2793 4232 cuicunque
2826 4152 2998 4213 alteri
3031 4170 3181 4212 con-

1906 4257 2282 4331 siderationi,
2331 4279 2476 4320 cum
2523 4260 2753 4319 Eadem
2801 4278 2915 4321 nec
2947 4274 3180 4340 regnet,

1908 4364 2025 4426 nisi
2056 4381 2123 4425 ut
2155 4365 2229 4425 sit
2261 4365 2490 4426 Pastor.

1996 4472 2094 4532 Ad
2154 4493 2203 4533 1.
2288 4472 2437 4532 Non
2498 4490 2752 4551 possum
2810 4473 2952 4533 dare
3001 4472 3180 4534 aliam

1907 4578 2268 4659 quampiam
2329 4577 2640 4658 publicam
2702 4579 3179 4640 declarationem

1908 4703 2019 4765 pro
2066 4685 2462 4766 explanandis
2509 4684 2663 4746 meis
2711 4686 2985 4764 decretis,
3022 4705 3181 4766 quo-

1907 4790 2073 4852 niam
2107 4791 2319 4852 intime
2354 4811 2680 4873 persuasus
2711 4812 2872 4872 sum,
2919 4791 3016 4852 illa
3049 4811 3179 4853 esse

1908 4898 2084 4977 iusta,
2150 4898 2328 4977 clara,
2393 4914 2451 4959 et
2513 4898 2732 4979 pariter
2782 4897 3179 4979 congruentia
