3684 5416
593 1518 646 1552 to

594 2053 641 2097 ι5

590 2586 646 2621 20

591 3122 643 3166 ²5

593 3656 647 3703 30

592 4278 643 4324 35

593 4829 649 4875 ⁴0

692 350 762 421 98
1321 351 1587 406 Potestas
1626 351 2007 407 ecclesiastica
2046 364 2104 407 et
2138 351 2443 424 imperium
2483 351 2659 408 civile.

695 552 822 594 non
854 549 1057 615 parcet
1087 533 1308 596 oculus
1339 550 1484 595 tuus
1515 554 1700 616 super
1731 554 1877 596 eum
1910 550 1969 596 et
2000 555 2132 597 non
2165 535 2386 598 celabis
2418 556 2598 598 eum:
2651 535 3024 598 adnuntians
3055 537 3300 598 adnun-

694 639 870 700 tiabis
905 639 979 700 de
1011 638 1153 701 illo:
1187 660 1409 703 manus
1440 657 1543 702 tua
1578 641 1690 703 erit
1720 661 1910 724 super
1942 662 2087 703 eum
2120 641 2185 703 in
2218 643 2431 724 primis
2463 642 2801 705 interficere
2834 663 2980 705 eum
3000 659 3060 705 et
3078 663 3301 705 manus

696 744 902 807 omnis
933 747 1150 828 populi
1183 763 1519 829 postrem0‚
1553 763 1612 809 et
1641 748 2004 830 lapidabunt
2037 768 2182 811 eum
2215 765 2274 811 et
2308 750 2625 829 morietur,
2660 749 2963 831 quoniam
2995 749 3302 832 quaesiuit

695 869 970 916 auertere
1016 870 1074 916 te
1119 875 1153 915 a
1200 855 1457 918 domino
1502 871 1676 918 tuo».
1746 854 1949 936 [Deut.
1994 877 2088 937 ¹3·
2125 855 2382 937 6—-11.]
2447 877 2560 919 nec
2607 856 2734 921 filio
2779 857 2947 919 iubet
2991 857 3154 939 parci
3185 873 3302 918 nec

698 962 857 1023 fratri
893 977 952 1022 et
982 980 1093 1042 per
1123 978 1322 1023 amata
1353 963 1635 1043 coniugis
1668 966 1947 1025 membra
1977 964 2255 1044 gladium
2278 965 2595 1026 uindicem
2613 965 2814 1027 ducit:
2849 965 3118 1027 amicum
3138 984 3299 1045 quo-

694 1089 819 1149 que
865 1069 1114 1129 sublimi
1160 1070 1480 1131 seueritate
1515 1071 1905 1152 persequitur
1936 1087 1995 1133 et
2027 1072 2102 1132 ad
2136 1071 2542 1153 discerpenda
2573 1072 3009 1152 sacrilegorum
3043 1089 3302 1153 corpora

694 1175 903 1237 omnis
935 1175 1208 1257 populus
1238 1193 1538 1238 armatur:
1573 1177 1823 1251 integris
1856 1178 2041 1239 etiam
2074 1178 2442 1257 ciuitatibus,
2477 1177 2526 1240 si
2554 1179 2619 1241 in
2651 1179 2769 1241 isto
2789 1178 3013 1240 fuerint
3032 1178 3301 1241 facinore

695 1282 1131 1364 deprehensae,
1165 1282 1587 1346 decernuntur
1619 1284 1869 1347 excidia.
1932 1303 1991 1346 et
2021 1301 2089 1347 ut
2119 1286 2240 1346 hoc
2273 1285 2659 1367 prouidentia
2692 1300 2890 1347 uestra
2923 1285 3303 1347 manifestius

696 1388 904 1466 discat,
953 1388 1318 1451 constitutae
1363 1390 1515 1470 legis
1547 1391 1913 1452 sententiam
1949 1391 2276 1473 proferam.
2327 1391 2391 1453 in
2423 1393 2646 1454 eodem
2677 1392 2836 1455 libro
2868 1391 3120 1472 integris
3150 1391 3302 1453 ciui-

694 1495 918 1556 tatibus
963 1514 1229 1577 poenam
1262 1497 1560 1560 dominus
1593 1498 1707 1559 hac
1739 1517 1897 1560 uoce
1929 1498 2266 1574 constituit,
2316 1499 2399 1560 ait
2430 1499 2628 1561 enim:
2685 1515 2826 1560 «aut
2857 1498 2908 1560 si
2940 1498 3206 1559 audieris
3238 1497 3303 1559 in

695 1622 821 1664 una
854 1623 924 1664 ex
957 1601 1320 1681 ciuitatibus,
1357 1624 1509 1685 quas
1543 1604 1838 1667 dominus
1860 1605 2030 1666 Deus
2050 1621 2196 1667 tuus
2217 1606 2319 1667 dat
2337 1605 2444 1667 tibi
2466 1605 2804 1667 inhabitare
2825 1605 2966 1685 illic,
3002 1605 3298 1667 dicentes:

697 1729 910 1771 eamus
955 1725 1013 1771 et
1058 1710 1403 1772 seruiamus
1448 1711 1562 1772 diis
1606 1710 1736 1772 aliis
1768 1730 1932 1792 quos
1965 1730 2097 1774 non
2129 1712 2354 1774 nostis:
2403 1711 2777 1775 interficiens
2810 1713 3053 1773 necabis
3085 1730 3303 1775 omnes

697 1816 919 1898 quiqui
965 1832 1112 1878 sunt
1157 1817 1221 1878 in
1266 1817 1511 1878 ciuitate
1557 1819 1742 1879 caede
1787 1817 1974 1898 gladii
2019 1834 2078 1879 et
2110 1818 2404 1880 incendes
2436 1818 2749 1881 ciuitatem
2779 1819 2907 1899 igni
2939 1834 3000 1881 et
3031 1820 3143 1880 erit
3173 1819 3303 1880 sine

697 1923 1064 2003 habitaculo,
1112 1942 1243 1985 non
1287 1923 1710 1986 aedificabitur
1754 1923 1819 1985 in
1867 1939 2210 2004 aeternum,
2260 1940 2327 1986 ut
2372 1940 2682 1986 auertatur
2714 1924 3005 1986 dominus
3036 1926 3112 1986 ab
3144 1925 3303 1987 indi-

696 2030 989 2113 gnatione
1036 2030 1159 2092 irae
1189 2049 1367 2091 suae:
1410 2031 1420 2106 Ι
1463 2046 1520 2092 et
1553 2032 1721 2092 dabit
1752 2031 1861 2092 tibi
1893 2031 2375 2093 misericordiam
2416 2047 2475 2093 et
2508 2032 2895 2094 miserebitur
2926 2032 3015 2093 tui
3047 2047 3107 2095 et
3138 2033 3301 2094 mul·

695 2137 990 2219 tiplicabit
1033 2153 1111 2210 te,
1153 2136 1205 2199 si
1250 2136 1590 2198 exaudieris
1635 2156 1861 2199 uocem
1895 2137 2136 2200 domini
2168 2137 2284 2199 Dei
2316 2138 2405 2198 tui
2437 2153 2496 2200 et
2527 2139 2955 2200 obseruaueris
2988 2155 3303 2221 praecepta

695 2245 881 2306 eius.»
937 2242 1139 2324 [Deut.
1186 2265 1278 2325 ¹3·
1323 2243 1612 2326 13—19.]
1679 2245 2134 2308 misericordiae
2181 2266 2326 2307 suae
2378 2245 2580 2325 uobis,
2615 2245 3006 2308 sacratissimi
3043 2245 3304 2329 impera-

695 2368 880 2428 tores»,
913 2352 1082 2414 Deus
1112 2371 1399 2414 summus
1432 2352 1698 2434 praemia
1718 2352 2042 2435 pollicetur
2063 2369 2121 2414 et
2140 2351 2636 2435 amplificationis
2659 2353 2957 2414 maximae
2977 2370 3305 2433 augmenta

697 2459 998 2521 decernit:
1052 2458 1228 2520 facite
1262 2459 1467 2540 itaque
1500 2460 1677 2539 quod
1709 2460 1896 2538 iubet,
1939 2461 2244 2542 complete
2292 2462 2468 2542 quod
2516 2462 2829 2543 praecipit.
2893 2462 3160 2544 auspicia
3193 2483 3303 2524 ue-

697 2583 815 2628 stra
863 2566 1200 2628 maioribus
1232 2566 1542 2628 cumulata
1573 2583 1719 2628 sunt
1753 2567 1968 2629 donis:
2016 2567 2081 2630 in
2115 2567 2294 2629 initio
2325 2568 2468 2629 fidei
2502 2568 2682 2650 positi
2714 2568 2914 2630 diuini
2947 2568 3177 2631 fauoris
3210 2570 3305 2631 in-

696 2689 1003 2737 crementa
1035 2673 1337 2736 sensistis:
1371 2693 1725 2756 numquam
1745 2694 1864 2737 uos
1883 2694 2108 2739 manus
2130 2675 2245 2738 Dei
2265 2676 2622 2738 ueneranda
2643 2674 2927 2754 deseruit,
2959 2694 3305 2758 numquam

698 2783 879 2846 uobis
923 2781 1342 2844 laborantibus
1389 2782 1716 2862 denegauit
1762 2782 2092 2844 auxilium:
2155 2783 2320 2844 strati
2361 2798 2507 2844 sunt
2538 2783 3002 2844 aduersantium
3034 2782 3216 2846 cunei
3247 2799 3306 2845 et

698 2889 1053 2953 rebellantia
1099 2904 1240 2950 ante
1285 2905 1691 2971 conspectum
1747 2905 2026 2951 uestrum
2074 2910 2317 2972 semper
2347 2909 2514 2952 arma
2548 2890 2916 2969 ceciderunt,
2965 2886 3306 2952 missisunt

697 2997 946 3083 superbi
978 2999 1093 3059 sub
1126 2998 1348 3077 iugum
1378 2998 1598 3078 populi
1631 3014 1689 3059 et
1719 2997 1960 3060 Persica
1992 3014 2141 3061 uota
2174 2996 2463 3080 conlapsa
2484 3013 2629 3059 sunt
2648 3016 2762 3059 nec
2782 3012 2940 3058 stare
2961 2997 3069 3058 diu
3090 3013 3304 3060 contra

698 3128 817 3169 uos
848 3104 1046 3187 potuit
1077 3105 1253 3166 malis
1283 3104 1409 3165 suis
1441 3121 1692 3167 onerata
1723 3106 2070 3169 crudelitas.
2135 3105 2251 3167 Dei
2284 3105 2577 3167 uirtutem
2608 3105 2854 3186 utrique
2885 3104 3133 3167 diuerso
3165 3124 3303 3167 sen-

698 3213 854 3277 sistis
899 3226 1161 3275 euentu:
1230 3211 1409 3273 uobis
1455 3213 1729 3275 caelestis
1772 3213 2066 3275 uictoriae
2114 3232 2345 3275 corona
2377 3213 2618 3275 conlata
2650 3228 2760 3293 est,
2796 3210 3075 3273 felicitate
3108 3228 3305 3273 uestra

698 3336 905 3384 nostra
938 3318 1289 3379 releuantur
1320 3317 1740 3381 incommoda.
1805 3320 1958 3380 haec
2004 3319 2183 3380 uobis
2214 3317 2387 3380 Deus
2418 3337 2723 3396 summus,
2772 3317 3160 3381 sacratissimi
3190 3317 3303 3378 im·

699 3445 1026 3511 peratoreS,
1072 3446 1186 3507 pro
1234 3425 1352 3487 fide
1400 3442 1604 3487 uestra
1649 3427 1913 3489 reddidit
1959 3426 2246 3509 praemia,
2294 3424 2390 3486 his
2436 3443 2552 3485 uos
2598 3424 2842 3485 interim
2880 3438 3304 3485 remuneratos

697 3534 1041 3616 insignibus
1073 3534 1149 3594 ad
1182 3553 1398 3594 arcana
1431 3535 1821 3596 uenerandae
1854 3535 2007 3614 legis
2039 3532 2271 3594 inuitat.
2306 3551 2459 3614 pura
2479 3546 2705 3609 mente,
2738 3532 2965 3592 deuota
2985 3530 3305 3593 conscien—

697 3644 798 3722 tia,
834 3643 1193 3722 incorrupto
1225 3640 1436 3702 animo
1468 3640 1787 3702 clementia
1808 3657 2008 3702 uestra
2031 3639 2274 3700 caelum
2293 3657 2538 3720 semper
2558 3637 2822 3720 aspiciat,
2854 3657 2887 3698 a
2908 3637 3046 3698 Deo
3066 3655 3307 3718 semper

700 3764 971 3832 expectet
1000 3747 1318 3825 auxilium,
1367 3745 1596 3808 Christi
1630 3746 2057 3808 uenerandum
2091 3764 2329 3807 numen
2363 3744 2650 3827 imploret
2681 3759 2738 3804 et
2769 3762 2883 3825 pro
2914 3743 3107 3804 salute
3140 3743 3305 3805 orbis

697 3873 1000 3918 terrarum
1034 3875 1103 3916 ac
1133 3869 1335 3915 uestra
1368 3853 1616 3915 salutari
1652 3854 1787 3916 Deo
1821 3852 2117 3935 spiritales
2149 3850 2365 3913 offerat
2399 3851 2698 3913 uictimas
2731 3850 2818 3911 sic
2852 3849 3029 3912 uobis
3061 3849 3308 3911 feliciter

699 3978 920 4025 cuncta
954 3960 1342 4043 prouenient,
1379 3960 1690 4038 uictoriae,
1726 3959 2066 4041 opulentia,
2101 3979 2237 4040 pax,
2286 3957 2481 4041 copia,
2527 3958 2751 4019 sanitas
2783 3972 2843 4017 et
2873 3955 3192 4037 triumphi,
3239 3972 3308 4017 ut

701 4069 915 4131 diuina
948 4067 1256 4129 maiestate
1289 4067 1564 4149 prouecti
1598 4068 1813 4129 orbem
1847 4082 2038 4128 terrae
2071 4065 2229 4127 felici
2262 4065 2619 4146 gubernetis
2651 4062 2932 4145 imperi0.
2985 4061 3041 4143 [1.
3080 4083 3131 4125 c.
3164 4083 3304 4145 pag.

712 4172 1092 4255 129—-13o]

1689 4257 1782 4315 24.
1838 4255 2330 4313 THEMISTIUS.

917 4383 946 4413 ‘
985 4382 1423 4452 Themistii‚
1463 4385 1776 4439 Orationes.
1814 4382 1921 4437 Ed.
1949 4379 2295 4437 Dindorf.
2347 4378 2572 4452 Lipsiae
2609 4377 2755 4450 1832.
2783 4378 2899 4433 XII.
2926 4395 2979 4450 p.
3016 4376 3307 4450 184—197.

702 4470 748 4525 L
768 4487 803 4523 u
819 4485 849 4522 z
865 4486 894 4522 z
913 4485 943 4522 a
962 4480 984 4522 t
999 4467 1080 4538 ti,
1141 4466 1222 4520 Un
1249 4471 1586 4537 precursore
1621 4466 1764 4519 della
1801 4462 1995 4518 liberte&
2031 4463 2094 4516 di
2123 4465 2399 4534 coscienza
2422 4462 2767 4516 dimenticato
2803 4458 2882 4530 (in
2905 4463 3028 4515 Atti
3043 4461 3171 4514 dell’
3185 4460 3308 4514 Isti-

701 4555 817 4605 tuto
864 4552 1072 4604 Veneto.
1113 4545 1399 4602 Tom.111.
1439 4544 1564 4601 Ser.
1592 4545 1642 4602 6.
1682 4560 1736 4615 p.
1765 4544 2087 4614 2164—90).
2137 4540 2343 4597 Rufri
2365 4539 2461 4610 ni,
2500 4557 2546 4594 o.
2574 4562 2621 4593 c.
2660 4558 2714 4612 p.
2744 4557 2828 4612 3¹·

1338 4677 1451 4738 Ad
1498 4674 1916 4736 Valentem
1964 4673 2053 4734 de
2100 4670 2661 4753 religionibus.

916 4803 1234 4885 Sapienter
1264 4800 1447 4880 igitur
1478 4821 1512 4860 a
1543 4814 1601 4861 te
1635 4798 1954 4860 decretum
1985 4810 2095 4875 est,
2128 4812 2191 4857 vt
2222 4813 2412 4877 quam
2443 4794 2708 4876 quisque
2753 4793 3117 4876 religionem
3160 4810 3310 4875 pro-

704 4912 968 4974 babilem
1000 4910 1268 4986 duceret,
1303 4906 1379 4968 ad
1411 4926 1548 4968 eam
1579 4926 1645 4968 se
1678 4904 2058 4984 adiungeret,
2092 4902 2157 4964 in
2189 4920 2390 4983 eoque
2421 4901 2726 4963 animisui
2744 4899 3161 4981 tranquillitati
3180 4919 3308 4962 ser-
