3684 5416
1019 402 1283 456 Potestas
1322 398 1700 456 ecclesiastica
1742 412 1798 456 et
1835 398 2139 472 imperium
2179 395 2354 453 civile.
2892 389 2987 460 167

385 603 499 660 est;
533 585 599 646 in
633 605 763 665 quo
795 583 980 647 etiam
1013 585 1160 647 boni
1194 600 1251 646 et
1282 584 1551 646 humiles
1585 618 1669 629 -·
1702 584 1858 645 sicut
1888 583 1954 646 in
1975 583 2124 645 Saul
2155 597 2214 642 et
2247 580 2443 642 David
2478 576 2870 657 cognoscitur
2900 607 2988 618 -—

383 693 708 755 deteriores
760 693 933 756 fiunt.
997 694 1160 755 Nam
1212 694 1384 784 quod
1432 694 1509 754 de
1555 694 1888 775 apostolica
1933 693 2077 755 sede
2109 688 2601 773 praelibavimus,
2634 686 2699 746 in
2732 683 2988 746 decretis

380 799 535 861 beati
567 798 860 881 Symachi
892 818 1082 881 papae
1109 832 1197 843 -—
1230 798 1368 861 licet
1398 799 1819 880 experimento
1852 799 2121 861 sciamus
2156 830 2240 841 -
2274 796 2359 857 sic
2391 792 2773 856 continetur:
2811 789 2985 866 «Ille,

378 906 600 968 scilicet
633 908 846 967 beatus
878 905 1154 983 P(etrus)‚
1189 917 1520 989 perennem
1566 908 1923 967 meritorum
1977 907 2175 967 dotem
2228 925 2363 965 cum
2395 900 2772 962 haereditate
2803 900 2986 958 inno-

305 1037 326 1080 5
379 1016 615 1075 cenliae
659 1016 833 1075 misit
860 1015 948 1075 ad
962 1022 1282 1097 posteros»
1302 1038 1334 1088 ,·
1392 1030 1450 1074 et
1498 1029 1637 1095 post
1669 1032 1860 1096 pauca
1884 1035 1908 1073 .·
1960 1013 2166 1092 «Quis
2199 1013 2360 1072 enim
2394 1013 2672 1070 sanctum
2704 1024 2837 1066 esse
2866 1004 2987 1064 du-

380 1121 552 1193 bitet,
584 1140 759 1201 quem
791 1129 948 1202 apex
977 1126 1183 1181 tantae
1215 1122 1546 1202 dignitatis
1578 1121 1810 1182 attollit
1819 1144 1851 1194 ,·
1899 1123 1964 1181 in
1997 1140 2136 1200 qu0,
2167 1120 2228 1179 si
2255 1117 2461 1178 desint
2489 1114 2644 1175 bona
2676 1111 2987 1192 adquisita

367 1238 484 1310 per
515 1230 825 1301 meritum,
856 1229 1204 1306 sias-ficiunt,
1238 1249 1392 1309 quae
1423 1250 1460 1289 a
1493 1227 1615 1289 Ioci
1642 1229 1956 1289 decessore
1973 1231 2398 1308 praestantur.
2432 1222 2563 1282 Aut
2590 1222 2752 1280 enim
2786 1217 2989 1277 claros

374 1338 459 1398 ad
485 1335 637 1396 haec
645 1337 922 1416 fastigia
956 1338 1169 1415 erigit,
1201 1342 1311 1396 aut
1338 1356 1438 1396 eos
1470 1337 1580 1417 qui
1607 1337 1934 1415 eriguntur
1965 1335 2296 1396 illustrat.»
2358 1329 2503 1408 (Cfr.
2537 1348 2596 1390 n.
2632 1348 2663 1408 3
2685 1327 2751 1403 ι.)

591 1442 1007 1525 Quapropter,
1040 1461 1200 1522 quos
1233 1459 1438 1504 sancta
1459 1441 1720 1504 “ecclesia
1754 1463 1867 1504 sua
1899 1457 2121 1524 sponte
2141 1443 2217 1503 ad
2240 1439 2518 1519 regimen
2540 1435 2637 1496 vel
2657 1431 2988 1514 imperium

277 1571 326 1603 το
375 1551 712 1611 deliberato
758 1549 1016 1611 consilio
1060 1549 1333 1627 advocat,
1382 1569 1511 1612 non
1559 1570 1673 1632 pro
1718 1549 2062 1613 transitoria
2095 1549 2306 1630 gloria,
2355 1547 2461 1609 sed
2497 1564 2608 1627 pro
2642 1542 2987 1604 multorum

375 1660 588 1733 salute,
634 1657 950 1719 humiliter
993 1659 1355 1732 oboediant;
1411 1673 1468 1719 et
1500 1677 1748 1740 semper
1777 1672 2047 1731 caveant,
2093 1657 2266 1738 quod
2300 1658 2515 1717 beatus
2549 1648 2889 1729 Gregorius
2921 1647 2988 1708 in

375 1768 597 1828 eodem
643 1765 803 1827 libro
849 1765 1132 1847 pastorali
1176 1779 1457 1827 testatur:
1516 1765 1890 1847 ‹Apostatae
1928 1768 2147 1847 quippe
2179 1763 2396 1844 angelo
2428 1761 2657 1823 similis
2689 1759 2989 1838 efficitur,

375 1875 518 1934 dum
552 1872 727 1933 homo
758 1872 1109 1934 hominibus
1139 1893 1271 1933 esse
1303 1872 1532 1932 similis
1565 1871 1953 1951 dedignatur.
1987 1871 2098 1932 Sic
2118 1870 2279 1931 Saul
2291 1876 2441 1950 post
2469 1866 2840 1928 humilitatis
2858 1884 2987 1924 me-

375 1982 563 2040 ritum
615 1982 681 2039 in
727 1985 1020 2039 tumorem
1066 1977 1392 2059 superbiae
1423 1978 1687 2038 culmine
1704 1979 2037 2059 potestatis
2068 1978 2347 2037 excrevit.
2417 1974 2540 2035 Per
2583 1971 2987 2033 humilitatem

276 2103 319 2148 ¹5
373 2091 597 2170 quippe
617 2087 943 2169 praelatus
974 2093 1085 2161 est,
1106 2095 1223 2168 per
1255 2086 1604 2168 superbiam
1637 2086 2023 2167 reprobatuS,
2046 2085 2316 2145 Domino
2348 2087 2695 2154 attestante,
2727 2081 2836 2161 qui
2862 2081 2988 2139 ait:

378 2194 642 2255 «Nonne
686 2213 821 2253 cum
866 2212 1028 2253 esses
1058 2193 1364 2274 parvulus
1410 2195 1477 2253 in
1523 2191 1717 2253 oculis
1763 2194 1909 2259 tuis,
1953 2197 2139 2272 caput
2180 2195 2236 2250 te
2276 2190 2574 2249 constitui
2602 2189 2665 2248 in
2702 2185 2983 2247 tribubus

371 2300 664 2362 Israel?»
685 2300 726 2376 ¹)
759 2299 833 2359 Et
865 2299 1053 2381 paulo
1088 2299 1342 2360 inferius
1366 2320 1379 2360 :
1423 2299 1632 2359 «Miro
1652 2305 1851 2359 autem
1874 2299 2047 2359 modo
2068 2317 2202 2358 cum
2224 2295 2391 2378 apud
2407 2293 2802 2376 separvuluS,
2822 2292 2990 2373 apud

375 2409 718 2470 Dominum
752 2428 1034 2488 magnuS,
1067 2428 1202 2468 cum
1235 2428 1376 2468 vero
1407 2407 1575 2488 apud
1590 2426 1654 2467 se
1675 2425 1934 2485 magnus
1953 2407 2266 2486 apparuit,
2298 2403 2466 2485 apud
2480 2402 2814 2462 Dominum
2820 2409 2986 2481 par-

371 2518 762 2596 vulusfuit».
795 2513 1129 2594 Vigilanter
1160 2533 1415 2595 quoque
1450 2514 1771 2587 retineant,
1805 2514 1978 2593 quod
2002 2511 2315 2574 Dominus
2346 2510 2410 2571 in
2445 2507 2772 2587 euangelio
2805 2507 2982 2569 dicit:

270 2648 320 2681 ιο
378 2623 553 2703 «Ego
588 2622 860 2703 gloriam
907 2641 1100 2682 meam
1148 2641 1268 2683 non
1302 2642 1590 2703 quaero»,
1640 2637 1697 2681 et
1750 2619 1930 2700 «Qui
1957 2620 2089 2680 vult
2117 2621 2280 2680 inter
2311 2638 2414 2679 vos
2445 2637 2575 2678 esse
2597 2618 2865 2697 primus,
2903 2617 2991 2675 sit

369 2733 643 2791 omnium
664 2729 993 2807 servusfl).
1032 2730 1360 2791 Honorem
1383 2729 1498 2790 Dei
1533 2747 1776 2810 semper
1806 2747 1925 2790 suo
1959 2741 2366 2809 praeponant3
2404 2724 2711 2801 iustitiam,
2746 2721 2985 2783 unicui-

373 2857 499 2918 que
547 2855 737 2899 suum
769 2838 1071 2898 servando
1105 2838 1220 2913 ina,
1272 2838 1721 2918 amplectantur
1751 2852 1936 2916 atque
1969 2834 2351 2909 custodiant3
2405 2852 2533 2894 non
2567 2848 2706 2893 eant
2739 2831 2799 2893 in
2834 2849 2985 2891 con-

371 2943 513 3006 silio
548 2943 903 3024 impiorum,
935 2943 1042 3004 sed
1075 2943 1378 3023 religiosis
1409 2963 1652 3026 semper
1682 2943 2142 3024 adquiescendo
2175 2942 2360 3003 corde
2392 2941 2776 3001 adhaereant.
2824 2938 2983 2999 San-

371 3067 535 3112 ctam
570 3050 887 3111 ecelesiam
922 3069 1052 3111 non
1087 3065 1385 3131 quaerant
1417 3050 1573 3112 sicut
1606 3050 1885 3112 ancillam
1919 3049 2032 3112 sibi
2066 3049 2344 3111 subicere
2365 3048 2459 3109 vel
2480 3046 2844 3125 subiugare;
2877 3044 2984 3106 sed

269 3185 317 3229 25
370 3156 751 3240 permaxime
800 3157 1018 3218 oculos
1066 3157 1250 3235 illius,
1299 3156 1579 3218 videlicet
1613 3157 1871 3219 Domini
1914 3157 2276 3233 sacerdoteS,
2324 3155 2649 3237 magistros
2695 3168 2755 3214 et
2786 3168 2984 3234 patres

369 3265 898 3344 recognoscendO,
931 3264 1216 3325 decenter
1245 3265 1531 3325 studeant
1564 3265 1886 3325 honorare.
1949 3265 2112 3325 Nam
2147 3264 2195 3325 si
2230 3263 2499 3324 carnales
2533 3277 2731 3343 patres
2763 3278 2820 3321 et
2853 3277 2984 3320 ma-

370 3390 492 3433 tres
528 3372 834 3433 honorare
867 3371 1176 3448 iubemur,
1211 3388 1449 3452 quanto
1481 3372 1678 3451 magis
1710 3370 2091 3453 spirituales?
2126 3372 2198 3431 Et
2229 3372 2276 3431 si
2303 3370 2422 3446 ille,
2455 3369 2563 3449 qui
2583 3367 2808 3430 carnali
2829 3367 2981 3448 patri

371 3480 466 3539 vel
502 3478 679 3540 matri
711 3477 1108 3554 maledixerit,
1156 3493 1354 3539 morte
1387 3478 1782 3540 mulctandus
1815 3493 1924 3555 est,
1973 3478 2125 3558 quid
2161 3476 2279 3553 ille,
2328 3476 2433 3556 qui
2471 3475 2776 3536 maledicit
2807 3473 2971 3555 spiri—

371 3586 523 3649 tuali
572 3584 725 3667 patri
776 3583 870 3645 vel
904 3584 1100 3663 matri,
1149 3590 1455 3646 meretur?
1519 3585 1685 3660 Non,
1732 3584 1958 3645 carnali
1991 3602 2202 3645 amore
2235 3582 2434 3659 illecti,
2464 3581 2752 3643 studeant
2783 3580 2983 3641 filium

270 3718 321 3763 30
371 3710 562 3755 suum
607 3693 796 3774 gregi,
845 3710 957 3773 pro
1004 3711 1135 3772 quo
1167 3691 1450 3761 Christus
1496 3690 1862 3771 sanguinem
1896 3708 2082 3749 suum
2117 3687 2293 3764 fudit,
2342 3707 2732 3768 praeponere,
2763 3686 2814 3748 si
2849 3704 2981 3747 me-

369 3801 590 3863 liorem
638 3799 745 3863 illo
792 3814 851 3860 et
897 3798 1209 3861 utiliorem
1258 3815 1518 3880 possunt
1563 3798 1866 3869 invenire;
1932 3816 2029 3873 ne,
2065 3796 2205 3877 plus
2238 3795 2376 3857 Deo
2410 3794 2726 3874 diligendo
2759 3791 2980 3871 filium,

370 3907 717 3969 maximum
764 3922 1004 3968 sanctae
1051 3906 1336 3968 ecclesiae
1368 3906 1631 3967 inferant
1664 3904 2127 3967 detrimentum.
2179 3903 2459 3964 Patenter
2489 3902 2651 3963 enim
2687 3902 2889 3962 Deum
2925 3916 2983 3960 et

373 4015 751 4096 proximum,
795 4013 955 4075 sicut
998 4012 1401 4075 christianum
1450 4029 1710 4094 oportet,
1758 4031 1886 4075 non
1930 4030 2135 4074 amare
2181 4010 2589 4086 convincitur,
2634 4008 2745 4089 qui
2776 4022 2979 4068 tantae

371 4121 615 4183 utilitati
647 4136 900 4201 tamque
934 4119 1309 4181 necessariae
1341 4135 1580 4181 sanctae
1615 4120 1790 4181 matri
1824 4121 2130 4199 ecclesiae,
2167 4135 2354 4202 prout
2373 4117 2595 4179 melius
2616 4130 2836 4198 potest,
2871 4134 2979 4175 ne-

269 4252 318 4295 35
370 4226 546 4308 gligit
577 4226 914 4309 providere.
978 4227 1111 4287 Hac
1144 4246 1415 4307 namque
1446 4227 1665 4287 virtute
1700 4225 1762 4288 id
1793 4243 1884 4289 est
1917 4227 2158 4288 caritate
2180 4227 2474 4307 neglecta,
2511 4221 2810 4304 quicquid
2832 4220 2981 4283 boni

372 4333 591 4415 aliquis
625 4333 848 4411 fecerit,
879 4333 1053 4395 omni
1084 4334 1297 4394 salutis
1330 4334 1531 4394 fructu
1564 4334 1806 4395 carebit.
1858 4334 2029 4395 Haec
2060 4334 2268 4414 itaque
2302 4331 2614 4393 humiliter
2644 4330 2888 4410 agendo
2922 4343 2981 4389 et

372 4460 647 4503 amorem
683 4441 799 4502 Dei
832 4456 892 4501 et
922 4440 1186 4523 proximi
1218 4441 1374 4502 sicut
1405 4458 1645 4522 oportet
1675 4442 1997 4517 servandO,
2033 4456 2421 4523 praesumant
2452 4440 2528 4501 de
2559 4439 2723 4501 illius
2744 4438 2978 4500 miseri-

373 4547 598 4626 cordia,
633 4549 738 4628 qui
773 4547 955 4609 dixit:
997 4548 1285 4610 «Discite
1315 4570 1352 4608 a
1383 4570 1499 4623 me,
1532 4552 1675 4630 quia
1706 4552 1880 4610 mitis
1912 4569 2042 4608 sum
2076 4555 2136 4608 et
2152 4547 2404 4608 humilis
2425 4548 2645 4608 corde»
2664 4546 2728 4624 3).
2766 4546 2976 4622 Quem

372 4654 421 4715 si
469 4654 786 4717 humiliter
830 4654 1045 4717 imitati
1097 4655 1340 4730 fuerint,
1390 4657 1467 4717 de
1512 4673 1705 4736 regno
1741 4653 1942 4715 servili
1975 4670 2032 4715 et
2063 4654 2395 4715 transituro
2427 4655 2503 4716 ad
2540 4672 2805 4735 regnum
2838 4671 2978 4713 vere

268 4786 325 4828 40
372 4764 662 4827 libertatis
694 4780 752 4825 et
781 4765 1146 4828 aeternitatis
1177 4767 1541 4829 transibunt.
1612 4763 1669 4846 [1.
1703 4785 1752 4826 c.
1785 4764 1851 4826 ΙΙ.
1886 4785 2023 4846 pag.
2060 4761 2449 4845 453—465.]

594 4994 634 5058 ¹)
682 5008 722 5044 1.
750 4990 889 5062 Reg.
926 5009 1001 5062 ¹5·
1036 5010 1111 5062 17.
1190 4996 1237 5057 ἵ)
1275 4992 1452 5045 Marc.
1489 5009 1568 5045 10.
1596 5011 1714 5062 443
1755 4991 1966 5047 Psalm.
1996 4992 2034 5046 Ι.
2069 5011 2109 5046 1.
2187 4996 2236 5053 ³)
2275 4992 2475 5047 Matth.
2514 5009 2589 5046 ιι.
2619 5010 2703 5061 29.
