3684 5416
1546 401 1717 457 Curia
1755 418 2017 457 romana.
2986 420 3013 473 5
3031 421 3042 456 ι
3062 420 3098 474 7

479 585 632 663 bice,
677 602 735 647 et
780 585 1111 647 Chaldaice
1157 585 1515 660 edocentur,
1566 585 1801 646 eisdem
1834 585 2266 646 Cardinalibus
2310 583 2716 666 injungimus,
2765 599 2833 645 ut
2865 585 3095 646 horum

480 692 914 775 Collegiorum
947 692 1263 754 Alumnos
1309 692 1385 753 ad
1416 693 1731 753 literarum
1764 692 1965 753 studia
1998 691 2331 753 ardentiori
2365 692 2578 754 animo
2611 692 3094 774 complectenda,

483 802 657 883 quod
703 803 780 863 ad
835 801 979 863 fidei
1013 801 1369 863 Catholicae
1417 801 1945 883 propagationem,
1979 816 2038 862 et
2068 801 2381 862 literarum
2414 816 2874 876 ornamentum,
2909 816 2968 862 et
3000 801 3096 861 in-

480 911 660 989 genia
694 910 1029 971 excolenda
1066 910 1330 971 maxime
1366 908 1646 992 pertinet,
1699 923 2046 990 opportune
2083 927 2196 989 pro
2229 927 2449 970 eorum
2484 909 2699 990 pietate
2734 925 2792 970 et
2824 909 3099 990 pruden-

396 1034 423 1079 5
481 1015 580 1092 tia,
613 1015 786 1076 omni
820 1015 1094 1076 adhibito
1126 1016 1352 1092 studi0,
1387 1015 1631 1076 excitari
1666 1029 1901 1075 curent.
1953 1013 2239 1094 Denique
2271 1033 2416 1075 cum
2448 1014 2511 1074 in
2545 1014 2885 1095 praecipuis
2917 1013 3102 1076 Chri·

482 1123 660 1185 stiani
709 1122 895 1184 Orbis
942 1123 1215 1205 partibus
1266 1122 1488 1184 Sancta
1540 1122 1689 1183 haec
1719 1120 2077 1203 Apostolica
2111 1121 2321 1198 Sedes,
2354 1137 2424 1182 ut
2456 1121 2552 1203 pia
2585 1137 2797 1200 mater,
2832 1122 3100 1201 insignes

484 1231 782 1311 quasdam
834 1230 1293 1309 Universitates,
1346 1230 1410 1290 in
1462 1230 1695 1311 quibus
1745 1248 2056 1290 sacrarum
2106 1228 2439 1304 literarum,
2488 1228 2721 1307 legum,
2771 1244 2831 1289 et
2875 1228 3101 1290 artium

485 1338 996 1419 praestantissima
1029 1337 1230 1399 studia
1265 1337 1508 1415 florent,
1542 1336 1694 1397 olim
1728 1336 1793 1397 in
1825 1335 2100 1412 tutelam,
2135 1351 2191 1395 et
2224 1334 2572 1395 clientelam
2593 1334 2900 1416 receperit,
2921 1353 3098 1396 suam

482 1445 777 1506 nimirum
814 1444 1236 1522 parisiensem,
1273 1443 1721 1520 Oxoniensem,
1756 1443 2236 1517 Bononiensem,
2268 1441 2768 1519 Salamantinam,
2814 1458 2883 1503 ut
2914 1442 2978 1502 in
3012 1442 3098 1503 eis

371 1570 429 1602 ¹0
482 1552 709 1614 scilicet
742 1572 813 1612 ex
848 1550 1243 1633 Apostolicae
1278 1549 1455 1611 Sedis
1488 1549 1869 1631 protectione
1903 1551 2211 1610 bonarum
2241 1548 2464 1609 artium
2496 1547 2717 1625 studia,
2764 1563 2936 1609 tanto
2966 1567 3099 1609 ma-

484 1654 596 1732 jori
645 1675 788 1716 cum
837 1656 1041 1718 fructu
1077 1658 1525 1735 excolerentur,
1561 1676 1675 1717 nos
1708 1673 1765 1717 et
1795 1656 1928 1717 illas
1961 1656 2138 1737 ipsas,
2172 1672 2231 1717 et
2262 1672 2526 1716 caeteras
2558 1655 2909 1717 Catholicas
2943 1655 3099 1717 Uni-

482 1764 794 1825 versitates
847 1780 1096 1845 paterna
1160 1764 1592 1827 benevolentia
1655 1764 2154 1846 complectenteS,
2219 1781 2334 1824 nec
2394 1763 2588 1844 ipsam
2653 1761 3096 1843 Oxoniensem,

484 1886 793 1951 quantum
843 1871 907 1932 in
961 1872 1142 1932 nobis
1195 1887 1303 1950 est,
1356 1872 1718 1949 deferentes,
1765 1871 1874 1931 sed
1920 1890 1991 1931 ex
2038 1870 2258 1931 intimo
2304 1869 2491 1930 animi
2525 1869 2745 1930 affectu
2777 1871 2855 1931 ad
2889 1870 3096 1932 matris

482 1979 808 2060 gremium,
841 1995 899 2040 et
933 1980 1007 2040 ad
1041 1980 1201 2040 viam
1237 1979 1446 2040 salutis
1481 1994 1854 2055 revocanteS,
1900 1997 2248 2057 omnesque
2279 1978 2500 2039 intimo
2534 1976 2735 2038 cordis
2766 1977 3007 2056 affectu,
3041 1994 3099 2039 et

375 2121 424 2165 ¹5
482 2106 727 2147 summa
761 2086 1182 2148 benevolentia
1217 2101 1677 2167 prosequentes,
1710 2106 1780 2146 ac
1811 2088 1929 2146 sub
1960 2099 2165 2146 nostra
2198 2100 2258 2146 et
2290 2077 2444 2145 beati
2467 2085 2623 2145 Petri
2644 2086 3095 2172 Apostolorum

485 2193 782 2274 Principis
816 2194 1199 2274 protectione
1234 2193 1457 2255 iterum
1489 2192 1914 2274 suscipientes,
1947 2191 2150 2252 eidem
2171 2191 2651 2270 Congregationi
2686 2190 3091 2273 imponimuS,

486 2318 551 2362 ut
597 2301 959 2362 earumdem
997 2300 1502 2378 Universitatum,
1551 2317 1733 2380 atque
1779 2299 1855 2360 ad
1891 2318 1989 2359 eas
2023 2297 2464 2379 pertinentium
2501 2298 2893 2377 negotiorum
2928 2300 3095 2380 apud

484 2408 707 2469 Sedem
744 2406 1169 2487 Apostolicam
1220 2402 1433 2468 curam
1480 2423 1664 2485 gerat,
1709 2405 2081 2486 illarumque
2118 2404 2521 2482 necessitates,
2557 2403 2736 2464 nobis
2769 2403 3099 2466 Successo-

484 2515 777 2594 ribusque
825 2513 1048 2574 nostris
1095 2514 1314 2574 ordine
1361 2529 1639 2594 exponat,
1689 2529 1758 2573 ut
1790 2512 1877 2572 eis
1910 2531 1982 2572 ex
2016 2527 2262 2592 paterna
2295 2509 2582 2570 charitate
2615 2529 2804 2589 opem
2834 2527 2893 2571 et
2924 2510 3094 2572 auxi·

367 2654 430 2687 «ιο
482 2621 634 2682 lium
670 2621 885 2682 afferre
919 2620 1250 2697 valeamuS,
1283 2639 1513 2699 easque
1547 2619 1862 2680 interdum
1895 2637 2003 2699 per
2022 2617 2224 2678 literas
2242 2615 2460 2693 visitet,
2484 2631 2819 2696 nostroque
2843 2615 3096 2677 nomine

483 2729 818 2792 Catholicis
851 2727 994 2789 viris
1029 2727 1452 2808 Apostolicam
1490 2726 1987 2787 benedictionem
2019 2722 2419 2804 impertiatur,
2455 2722 2698 2803 illisque
2720 2739 2789 2783 ut
2810 2742 3100 2806 prospera

484 2852 699 2897 cuncta
731 2834 1033 2913 eveniant,
1067 2834 1199 2894 aliis
1230 2853 1377 2894 vero
1403 2833 1690 2914 spiritum
1722 2830 1961 2893 consilii
1994 2829 2271 2905 sanioriS,
2304 2851 2337 2890 a
2374 2830 2509 2890 Deo
2544 2828 2804 2910 Optimo
2825 2829 3099 2891 Maximo

484 2943 859 3024 deprecetur.

895 3085 1318 3165 Congregatio
1352 3082 1494 3157 XL,
1511 3091 1637 3165 pro
1670 3079 2247 3144 Consultationibus
2279 3077 2700 3159 Regulare‘um.

371 3295 425 3340 25
696 3264 825 3324 Nec
872 3283 1020 3324 sane
1072 3261 1279 3322 minus
1312 3261 1386 3321 de
1421 3260 1823 3339 Regularium
1859 3258 2199 3319 Ordinibus
2231 3257 2447 3319 soliciti
2480 3276 2716 3334 sumus,
2749 3256 2857 3336 qui
2891 3257 3102 3317 Eccle-

485 3373 605 3434 siae
640 3373 755 3433 Dei
803 3388 1103 3451 magnum
1155 3367 1581 3446 adjumentum
1635 3381 1815 3445 atque
1863 3380 2301 3426 ornamentum
2334 3364 2818 3443 omnitempore
2853 3364 3103 3442 praesti—

487 3494 709 3557 terunt,
759 3478 886 3538 imo
943 3495 1093 3536 vero
1143 3491 1538 3553 summopere
1586 3470 1923 3551 cupientes,
1970 3489 2186 3530 eorum
2234 3468 2518 3530 salutaria
2566 3467 2783 3543 studia,
2820 3486 3107 3547 progres-

489 3607 717 3667 susque
765 3587 838 3646 ad
891 3585 1179 3666 pietatem
1213 3598 1596 3662 promovere,
1635 3577 1744 3657 qui
1777 3597 1809 3638 e
1844 3576 2131 3636 fluctibus
2163 3574 2387 3635 saeculi
2421 3575 2485 3634 in
2520 3589 2772 3654 portum
2804 3572 3100 3652 regularis

489 3694 643 3754 vitae
691 3690 1127 3771 confugerunt,
1178 3691 1262 3750 ob
1310 3705 1447 3748 eam
1494 3703 1742 3745 causam
1793 3699 1861 3744 ut
1905 3682 2156 3743 remotis
2201 3680 2682 3761 impedimentis,
2729 3695 2787 3741 et
2820 3679 3105 3741 inanibus

374 3829 432 3873 30
487 3798 987 3861 contentionibus
1019 3795 1365 3878 amputatis,
1402 3795 1518 3854 sub
1551 3791 1723 3854 suavi
1759 3789 2100 3868 Religionis
2132 3787 2298 3868 jug0,
2320 3805 2377 3849 et
2396 3806 2655 3848 suorum
2679 3786 3103 3847 institutorum

490 3905 873 3966 observantia
908 3903 1113 3985 quiete
1148 3903 1369 3978 vivant,
1404 3915 1775 3980 gratumque
1811 3895 2130 3958 Altissimo
2165 3895 2529 3957 famulatum
2563 3894 2905 3954 exhibeant.

705 4022 734 4082 S
782 4034 825 4074 1.
877 4010 1178 4090 Quinque
1227 4009 1379 4070 alios
1410 4007 1769 4070 Cardinales
1817 4005 2182 4085 delegimus,
2232 4002 2463 4084 quibus
2496 4000 2844 4062 facultatem
2879 4018 3104 4061 conce-

489 4119 714 4196 dimus,
782 4136 845 4180 ut
899 4116 1324 4197 Regularium,
1377 4114 1834 4190 Claustralium,
1893 4111 2357 4185 Medicantium,
2409 4127 2540 4169 non
2593 4105 3103 4184 Mendicantium,

489 4225 1077 4306 Hospitalariorum,
1115 4239 1173 4283 et
1205 4221 1582 4297 Militarium,
1618 4217 2068 4300 possidentium
2100 4232 2160 4277 et
2192 4235 2324 4278 non
2348 4212 2817 4295 possidentium,
2838 4210 3113 4289 cujusvis

372 4360 426 4406 35
489 4332 749 4392 demum
781 4330 1034 4391 Ordinis
1068 4330 1210 4408 sint,
1247 4327 1696 4403 controversiiS,
1731 4324 2235 4401 dubitationibus,
2257 4320 2944 4401 consultationibusque
2966 4339 3112 4400 pro-

487 4439 698 4520 positis
733 4437 1163 4519 respondeant.
1216 4436 1452 4496 Causas
1484 4453 1630 4494 vero
1662 4453 1816 4513 quas
1850 4432 2009 4492 inter
2041 4431 2211 4512 ipsos
2243 4428 2561 4508 religiosos
2594 4426 2736 4489 oriri
2770 4427 3115 4507 contigerit,

477 4551 646 4633 ,juxta
681 4562 1230 4624 quarumcumque
1255 4541 1656 4621 Religionum
1689 4539 1984 4616 instituta,
2010 4555 2357 4616 eorumque
2391 4533 2882 4615 dispositionem,
2911 4533 3110 4614 Supe-

485 4653 675 4714 riores
721 4651 971 4713 illorum
1020 4649 1312 4710 definiant
1358 4664 1540 4728 atque
1585 4648 1934 4708 terminent.
2012 4645 2185 4705 Dum
2230 4658 2441 4704 autem
2486 4642 2642 4703 inter
2675 4641 3013 4721 Episcopos
3048 4654 3109 4699 et

486 4760 826 4842 Regulares
860 4757 1278 4821 dubitationes
1308 4754 1651 4832 inciderint,
1693 4774 1853 4834 quae
1887 4754 2004 4813 sub
2038 4751 2429 4812 decretorum
2462 4747 2730 4812 Concilii
2761 4745 3115 4808 Tridentini

365 4899 433 4939 -40
487 4868 896 4950 dispositione
928 4881 1033 4928 aut
1065 4863 1570 4946 interpretatione
1604 4860 2227 4942 comprehendantur,
2262 4878 2361 4919 eas
2395 4858 2471 4918 ad
2505 4856 2789 4918 eamdem
2822 4854 3110 4933 Congre-

485 4976 911 5056 gregationem
945 4971 1212 5036 Concilii
1262 4969 1589 5032 remittant.
1655 4968 1931 5030 Audiant
1976 4966 2189 5028 itidem
2222 4985 2291 5026 ac
2325 4963 2608 5025 decidant
2639 4960 2933 5045 praedicti
2966 4960 3121 5023 Car-
