3684 5416
343 1565 397 1596 10

338 2633 402 2665 20

336 3171 397 3215 25

334 3707 397 3752 30

333 4242 394 4287 35

451 464 499 470 —
1092 388 1347 442 Petestas
1387 386 1768 442 ecclesiastica
1807 399 1864 441 et
1900 387 2204 459 imperium
2245 387 2424 442 civile.
2992 408 3060 473 9}

448 571 571 632 tibi
613 571 770 633 dabo
813 571 1013 632 claves
1046 574 1231 651 regni
1256 572 1563 634 caelorum
1578 597 1612 648 ,·
1659 574 2074 654 quodcumque
2111 572 2409 654 ligaveris
2440 581 2624 654 super
2656 581 2910 646 terram,
2942 575 3066 634 erit

449 677 713 756 legratum
759 685 820 737 et
840 680 927 738 ·in
973 678 1188 752 caelis,
1237 685 1299 739 et
1325 680 1740 760 quodcumque
1769 680 2026 741 solveris
2056 690 2240 762 super
2269 687 2524 754 terram,
2556 683 2683 741 erit
2708 680 2971 741 solutum
3004 686 3068 740 et

449 790 514 843 et
553 785 619 844 in
663 784 871 845 caelis.
934 784 1168 845 Mirum
1213 801 1304 847 est
1348 786 1472 848 hoc
1514 786 1692 847 valde
1738 801 1797 847 et
1827 785 2171 867 gloriosum
2204 786 2269 847 in
2300 784 2677 863 terraligare
2711 801 2769 847 et
2800 785 3062 862 solvere,

450 888 603 951 etin
636 889 806 952 caelo
835 890 1092 971 ligatum
1124 908 1184 953 et
1213 892 1489 954 solutum
1522 912 1672 954 esse.

678 1017 696 1057 1
723 1017 770 1058 t.
808 1000 879 1058 Et
911 999 1065 1059 dum
1097 998 1247 1060 haec
1279 1000 1662 1081 praedicante
1694 1003 1874 1062 beato
1907 999 2218 1061 Silvestrio
2250 996 2650 1080 'agnoscerem
2673 1015 2732 1061 et
2753 998 3065 1061 beneficiis

449 1103 640 1183 ipsius
673 1103 830 1164 beati
864 1104 1017 1165 Petri
1048 1104 1317 1186 integrae
1350 1126 1450 1168 me
1482 1106 1722 1169 sanitati
1752 1108 2029 1189 comperi
2063 1107 2430 1178 restitutum,
2467 1107 2614 1169 utile
2648 1108 3064 1169 iudicavimus

454 1228 575 1270 una
623 1230 771 1272 cum
802 1212 1098 1273 omnibus
1132 1214 1353 1275 nostris
1384 1215 1725 1296 satrapibus
1756 1230 1815 1276 et
1846 1215 2138 1276 universo
2171 1211 2411 1292 senatu,
2446 1214 2845 1295 optimatibus
2880 1213 3063 1274 etiam

451 1332 511 1377 et
560 1334 785 1378 cuncto
833 1320 1070 1399 populo
1101 1319 1414 1399 Romano,
1463 1320 1692 1400 gloriae
1740 1322 1981 1403 imperii
2032 1321 2222 1383 nostri
2268 1320 2626 1400 subiacenti,
2676 1336 2765 1400 ut,
2813 1321 2967 1381 sicut
3000 1321 3063 1380 in

450 1422 623 1484 terris
653 1423 913 1485 vicarius
943 1423 1052 1486 filii
1084 1426 1182 1487 dei
1216 1446 1350 1487 esse
1382 1427 1622 1489 videtur
1654 1429 2041 1501 constitutus,
2077 1427 2259 1489 etiam
2287 1444 2347 1488 et
2366 1424 2710 1508 pontifices,
2744 1427 2853 1508 qui
2873 1425 3066 1507 ipsius

453 1530 748 1612 principis
790 1533 1216 1613 apostolorum
1258 1550 1483 1613 gerunt
1527 1535 1707 1612 vices,
1756 1535 2130 1616 principatus
2161 1550 2521 1616 potestatem
2553 1534 2838 1615 amplius,
2872 1552 3063 1614 quam

451 1653 691 1700 terrena
722 1639 1051 1722 imperialis
1082 1656 1328 1702 nostrae
1361 1641 1698 1703 serenitatis
1729 1643 2145 1704 mansuetudo
2179 1642 2403 1703 habere
2425 1641 2665 1703 videtur
2685 1659 3061 1716 concessam,

452 1765 490 1805 a
521 1746 702 1807 nobis
735 1762 1074 1828 nostroque
1108 1748 1371 1829 imperio
1402 1749 1752 1822 obtineant;
1785 1750 2080 1832 eligentes
2110 1749 2292 1811 nobis
2324 1749 2530 1831 ipsum
2549 1748 2891 1831 principem
2913 1767 3063 1830 apo·

452 1852 760 1914 stolorum
789 1853 885 1915 vel
916 1854 1048 1915 eius
1082 1854 1338 1916 vicarios
1370 1855 1583 1917 firmos
1603 1856 1767 1938 apud
1789 1857 1979 1918 deum
2001 1858 2212 1918 adesse
2234 1872 2547 1938 patronos.
2587 1856 2661 1917 Et
2678 1856 2837 1918 sient
2857 1871 3064 1917 nostra

455 1975 546 2020 est
588 1974 823 2022 terrena
869 1962 1199 2043 imperialis
1244 1962 1531 2043 potentia,
1581 1964 1712 2025 eius
1744 1980 2190 2025 sacrosanctam
2225 1965 2572 2025 Romanam
2603 1962 2921 2024 ecclesiam
2957 1963 3062 2023 de-

374 2101 396 2143 5
454 2067 759 2129 crevimus
790 2085 1152 2131 veneranter
1184 2070 1509 2146 honorare,
1555 2086 1615 2131 et
1644 2070 1911 2152 amplius
1943 2089 2133 2152 quam
2168 2086 2455 2132 nostrum
2492 2069 2824 2151 imperium
2855 2084 2914 2131 et
2943 2086 3063 2130 ter*

455 2191 678 2235 renum
706 2176 1008 2237 thronum
1040 2176 1250 2238 sedem
1282 2177 1748 2239 sacratissimam
1770 2178 1929 2239 beati
1951 2179 2110 2239 Petri
2129 2178 2401 2258 gloriose
2422 2176 2687 2254 exaltari,
2722 2173 3066 2238 tribuentes

458 2280 513 2341 ei
557 2297 923 2362 potestatem
966 2299 1028 2344 et
1070 2283 1299 2363 gloriae
1345 2284 1705 2364 dignitatem
1750 2300 1935 2366 atque
1967 2285 2247 2365 vigorem
2278 2300 2341 2346 et
2371 2282 2911 2346 honorificentiam
2945 2283 3062 2342 im-

457 2387 765 2467 perialem.

681 2515 776 2558 12.
841 2501 1046 2576 Atque
1094 2497 1491 2560 decernentes
1519 2499 1864 2577 sancimus,
1911 2514 1978 2559 ut
2024 2498 2433 2580 principatum
2465 2497 2686 2575 teneat,
2717 2512 2844 2557 tam
2876 2513 3064 2576 super

456 2616 751 2680 quattuor
786 2603 1143 2686 praecipuas
1175 2606 1351 2666 sedes
1383 2606 1856 2684 Antiochenam,
1891 2605 2392 2683 Alexandrinam,
2423 2602 3062 2686 Constantinopolita-

458 2728 606 2771 nam
636 2727 695 2771 et
729 2711 1357 2792 Hierosolimitanam,
1405 2733 1720 2795 quamque
1752 2715 1935 2775 etiam
1969 2718 2155 2795 'super
2186 2733 2406 2775 omnes
2439 2712 2731 2774 universo
2763 2713 2911 2772 orbe
2943 2726 3062 2770 ter-

456 2836 665 2878 rarum
701 2818 809 2879 ‘dei
855 2819 1166 2891 ecclesias;
1219 2837 1277 2881 et
1323 2822 1616 2902 pontifex,
1648 2822 1755 2902 qui
1791 2840 1905 2903 pro
1935 2837 2215 2903 tempore
2247 2822 2443 2902 ipsins
2476 2834 2899 2881 sacrosanctae
2935 2817 3062 2878 Ro-

455 2943 675 2985 manae
708 2926 995 2989 ecclesiae
1015 2926 1289 3005 extiterit,
1309 2926 1529 2989 celsior
1546 2944 1605 2989 et
1625 2929 1909 3010 princeps
1929 2929 2168 2991 cunctis
2191 2928 2610 2989 sacerdotibus
2632 2927 2822 2988 totius
2845 2923 3063 2985 mundi

455 3031 718 3111 exsistat,
752 3049 812 3093 et
841 3032 973 3094 eius
1005 3033 1252 3110 iudicio,
1283 3053 1571 3115 quaeque
1601 3035 1678 3095 ad
1712 3035 1950 3096 cultum
1984 3035 2082 3096 dei
2114 3034 2211 3095 vel
2243 3034 2385 3095 fidei
2416 3033 2912 3096 Christianorum
2945 3046 3065 3092 sta-

456 3138 685 3200 bilitate
717 3141 1099 3221 procuranda
1133 3140 1376 3218 fuerint,
1407 3141 1832 3222 disponantur.
1867 3143 2111 3204 Justum
2142 3142 2374 3223 quippe
2406 3158 2513 3214 est,
2550 3157 2619 3203 ut
2640 3141 2722 3202 ibi
2743 3141 2841 3201 lex
2861 3156 3066 3201 sancta

457 3264 642 3328 caput
689 3262 891 3308 teneat
938 3247 1329 3328 principatuS,
1378 3249 1484 3309 ubi
1531 3264 1882 3310 sanctarum
1925 3250 2139 3328 legum
2170 3248 2496 3326 institutor,
2544 3247 2806 3309 salvator
2838 3261 3066 3323 noster,

457 3355 710 3415 beatum
743 3354 991 3416 Petrum
1027 3355 1404 3435 apostolatus
1437 3354 1711 3416 obtinere
1744 3356 2052 3437 praecepit
2084 3356 2459 3433 cathedram,
2492 3354 2600 3415 ubi
2634 3370 2692 3415 et
2724 3354 2924 3415 crucis
2958 3373 3064 3434 pa-

456 3460 727 3523 tibulum
756 3462 1067 3523 sustinens
1099 3465 1308 3524 beatae
1337 3462 1551 3524 mortis
1585 3463 1847 3544 sumpsit
1878 3464 2181 3544 poculum
2211 3462 2435 3543 suique
2457 3462 2726 3540 magistri
2751 3478 2809 3522 et
2829 3460 3071 3521 domini

457 3568 726 3630 imitator
755 3569 1054 3649 apparuit,
1089 3584 1147 3630 et
1179 3568 1261 3630 ibi
1292 3585 1502 3649 gentes
1536 3589 1648 3650 pro
1668 3569 1898 3631 Christi
1919 3570 2193 3631 nominis
2217 3569 2609 3631 confessione
2632 3568 2787 3630 colla
2810 3570 3070 3643 flectant,

459 3676 568 3737 ubi
611 3695 831 3738 eorum
879 3676 1094 3737 doctor
1139 3679 1352 3738 beatus
1386 3676 1612 3738 Paulus
1643 3677 1960 3757 apostolus
1992 3696 2106 3758 pro
2142 3677 2392 3739 Christo
2425 3691 2678 3736 extenso
2711 3675 2875 3736 collo
2908 3693 3069 3734 mar-

458 3783 622 3864 tyrio
668 3799 999 3845 coronatus
1050 3799 1167 3853 est:
1221 3783 1341 3844 illic
1387 3803 1587 3863 usque
1635 3784 1699 3845 in
1731 3782 1917 3845 finem
1953 3786 2251 3863 quaerant
2283 3784 2620 3858 doctorem,
2653 3782 2759 3843 ubi
2791 3797 3071 3842 sanctum

454 3890 725 3952 doctoris
770 3889 1027 3971 quiescit
1073 3908 1316 3972 corpus,
1368 3906 1428 3951 et
1458 3890 1541 3951 ibi
1571 3890 1750 3971 proni
1781 3909 1852 3951 ac
1885 3889 2183 3951 humiliati
2215 3889 2485 3950 caelestis
2520 3889 2695 3970 regis,
2732 3888 2830 3949 dei
2863 3888 3062 3947 salva-

455 3998 606 4059 toris
637 3998 828 4060 nostri
859 3998 1001 4059 Jesu
1035 3997 1281 4075 Christi,
1317 3995 1692 4058 famulentur
1723 3996 1951 4073 officio,
1983 3997 2089 4058 ubi
2121 3996 2369 4077 superbi
2400 3990 2623 4057 terreni
2656 3996 2811 4074 regis
2845 3994 3070 4055 servie-

459 4107 609 4166 bant
639 4104 913 4185 imperio,
975 4132 979 4137 ·

688 4232 780 4292 13·
812 4211 1042 4272 Interea
1074 4230 1254 4272 nosse
1286 4212 1581 4272 volumus
1612 4230 1870 4272 omnem
1901 4212 2208 4292 popul-um
2242 4210 2668 4272 universarum
2686 4209 2968 4290 gentium
3001 4227 3074 4268 ac

459 4318 788 4380 nationum
834 4337 941 4400 per
984 4333 1188 4379 totum
1231 4320 1448 4378 orbem
1481 4333 1798 4394 terrarum,
1844 4318 2251 4380 construxisse
2287 4338 2402 4378 nos
2434 4318 2595 4378 intro
2627 4316 2923 4398 palatium
2955 4335 3072 4376 no-

457 4442 657 4487 strum
679 4426 1088 4487 Lateranense
1120 4425 1320 4486 eidem
1352 4424 1636 4486 salvatori
1667 4441 1882 4486 nostro
1903 4425 2163 4487 domino
2183 4425 2302 4486 deo
2321 4426 2463 4485 Jesu
2484 4424 2732 4485 Christo
2753 4422 3074 4485 ecclesiam

461 4554 496 4593 a
529 4531 946 4596 fundamentis
978 4550 1124 4593 cum
1155 4532 1526 4614 baptisteriO,
1559 4548 1618 4593 et
1649 4533 1983 4594 duodecim
2016 4553 2131 4594 nos
2165 4532 2362 4593 sciatis
2382 4533 2471 4592 ,de
2502 4532 2633 4593 eius
2653 4531 3076 4593 fundamentis

461 4640 809 4702 secundum
855 4658 1190 4701 numerum
1235 4640 1571 4703 duodecim
1611 4641 2038 4721 apostolorum
2066 4639 2326 4702 ‘cofinos
2375 4655 2529 4700 terra
2576 4654 2895 4700 onustatos
2927 4657 3075 4718 pro-

462 4749 610 4829 priis
658 4763 998 4830 asportasse
1047 4747 1352 4822 humeris;
1403 4767 1593 4827 quam
1637 4764 2085 4810 sacrosanctam
2131 4747 2448 4808 ecclesiam
2484 4752 2756 4827 caputet
2789 4744 3077 4805 verticem

461 4855 746 4916 omnium
779 4853 1173 4915 ecclesiarum
1203 4854 1267 4916 in
1303 4854 1592 4916 universo
1625 4859 1775 4917 orbe
1810 4870 2110 4915 terrarum
2142 4855 2278 4929 dici,
2319 4855 2455 4930 coli,
2490 4854 2763 4913 venerari
2798 4872 2867 4913 ac
2900 4872 3075 4933 prae-

463 4962 650 5025 dicari
679 4962 1014 5039 sancimus,
1048 4962 1202 5024 sicut
1237 4982 1346 5043 per
1376 4962 1488 5023 alia
1522 4979 1730 5024 nostra
1762 4962 2094 5043 imperialia
2130 4963 2370 5023 decreta
2392 4961 2732 5023 statuimus.
2770 4961 3076 5022 Constru-
