3684 5416
524 1529 572 1561 10

522 2063 569 2106 ¹5

518 2606 572 2638 20

519 3140 570 3184 ²5

521 3675 575 3721 30

521 4210 571 4256 35

521 4744 576 4785 40

648 365 760 433 264

1284 367 1542 421 Potestas
1582 365 1965 421 ecclesiastica
2006 377 2063 420 et
2100 364 2383 436 mperium
2422 364 2597 419 civile.

625 565 996 631 gnamus,ut
1017 550 1306 631 Episcopi
1329 551 1616 612 Statuum
1635 551 1913 613 Suorum
1959 570 2100 611 rum
2137 571 2168 610 a
2205 569 2303 610 me
2338 550 2702 631 praescripta
2735 550 2830 610 vel
2853 551 3110 611 verbum
3132 564 3236 610 aut

626 657 768 721 Mai.
829 657 988 718 Vrae
1041 673 1346 737 praestent
1397 656 1496 718 illa
1558 656 1901 719 iuramenta
1959 657 2419 738 expressionem
2465 657 2757 735 continet,
2804 676 2964 738 quae
2999 657 3235 718 Sancti-

624 763 946 844 fidelitatis,
999 753 1178 844 queis
1231 764 1447 825 Eidem
1511 763 1898 844 obligantur:
1957 763 2060 825 tati
2112 764 2271 825 Vrae
2333 757 2667 844 aequivoca
2730 783 2860 826 esse
2910 763 3235 838 videretur,

624 871 731 931 sed
753 870 1047 932 duntaxat
1069 869 1418 932 modificata
1439 870 1707 932 formula
1740 889 1901 932 nova
1962 871 2234 932 favorem
2283 871 2438 932 mihi
2486 872 2826 952 praestabit,
2878 871 2927 932 si
2978 871 3040 931 id
3086 870 3234 931 mihi

625 997 732 1059 per
783 978 925 1039 Mai.
977 978 1165 1040 Vram
1216 993 1491 1038 recenter
1534 977 1811 1054 stabilita,
1847 993 1905 1037 et
1961 979 2230 1039 indicare
2282 978 2572 1051 voluerit;
2640 993 2699 1038 et
2748 979 2798 1038 si
2850 997 2982 1038 non
3043 978 3236 1058 tangit

625 1084 778 1165 quin
812 1085 1175 1145 immutetur
1205 1083 1472 1145 formula
1504 1083 1708 1163 altera,
1742 1103 1902 1165 quae
1959 1086 2303 1162 essentiam,
2358 1085 2844 1166 promtissimam
2893 1097 2992 1145 me
3040 1083 3235 1146 offero

625 1191 689 1251 in
736 1189 1076 1252 pontificali
1112 1191 1405 1252 Romano
1450 1179 1899 1272 praescribitur.
1959 1192 2036 1251 ad
2069 1191 2617 1273 permutationem;
2667 1207 2940 1252 ceterum
2975 1190 3235 1251 manife-

717 2173 774 2229 9.
843 2150 953 2211 Per
997 2151 1250 2230 longam
1283 2151 1643 2212 seculorum
1674 2151 1897 2211 seriem

626 2257 911 2319 inusitata
963 2273 1136 2318 erant
1181 2257 1243 2318 in
1277 2257 1548 2319 Ecclesia
1583 2257 1900 2318 matrimo-

625 2364 724 2426 nia
769 2364 833 2424 in
878 2364 1168 2442 gradibus
1200 2362 1544 2444 prohibitis,
1579 2379 1636 2424 et
1668 2383 1739 2425 ex
1773 2382 1902 2443 quo

623 2471 1008 2532 introductae
1054 2485 1201 2532 sunt
1233 2465 1738 2551 dispensationes,
1771 2469 1903 2531 sola

624 2577 844 2639 Sancta
877 2575 1072 2637 Sedes
1119 2577 1250 2636 illas
1295 2577 1613 2652 concessit,
1648 2593 1753 2637 aut
1786 2576 1904 2637 im-

625 2683 888 2746 mediate
933 2702 1042 2766 per
1087 2683 1372 2764 seipsam,
1420 2699 1525 2745 aut
1557 2682 1905 2763 delegando

625 2811 839 2853 earum
902 2790 1250 2852 facultatem
1312 2791 1666 2872 Episcopis;
1738 2811 1901 2871 quo·

624 2900 818 2959 modo
870 2900 1076 2979 itaque
1109 2912 1395 2979 poterunt
1425 2917 1710 2977 unquam
1744 2899 1903 2979 Eppi

625 3005 687 3064 id
721 3004 933 3079 facere,
978 3002 1528 3065 ut'resumendum
1563 3002 1906 3064 existiment

630 3129 797 3172 nunc
843 3110 940 3171 ius
985 3111 1158 3188 illud,
1207 3111 1363 3170 circa
1396 3109 1571 3190 quod
1605 3108 1774 3169 nulla
1809 3110 1904 3169 lex

628 3216 841 3293 existit,
877 3236 1034 3297 quae
1055 3217 1119 3277 id
1140 3217 1285 3298 ipsis
1305 3217 1618 3291 tribueret,
1653 3217 1904 3297 quodve

628 3323 742 3404 ipsi
774 3324 1032 3383 antehac
1066 3343 1197 3385 non
1231 3327 1672 3383 exercuerunt?

729 4527 820 4569 10.
865 4506 929 4567 Si
964 4508 1215 4567 obtutus
1249 4504 1684 4586 exportationis
1717 4523 1905 4585 pecu-

629 4614 764 4675 niae
816 4633 849 4673 e
900 4611 1071 4674 Statu
1125 4627 1360 4694 poterat
1422 4613 1710 4673 inducere
1765 4610 1908 4672 Mai.

627 4721 817 4781 Vram
865 4720 940 4780 ad
987 4720 1451 4801 impediendum
1500 4737 1747 4779 cursum
1785 4718 1910 4779 dis·

629 4827 1064 4909 pensationum
1143 4825 1619 4907 apostolicarum
1681 4824 1746 4886 in
1808 4824 1910 4885 tali

627 4934 898 5012 materia,
935 4933 1207 5014 persuasi
1229 4951 1462 5008 sumus,
1483 4932 1758 4993 Eandem
1780 4950 1912 4991 ma-

1958 1315 2122 1360 stum
2158 1315 2216 1359 et
2246 1298 2707 1359 universitaliter
2738 1297 3124 1378 recognitum
3149 1315 3236 1358 est

1959 1406 2020 1466 in
2053 1405 2348 1465 omnibus
2382 1404 2652 1465 Statibus
2671 1404 3024 1478 Catholicis,
3056 1406 3231 1485 quod

1959 1532 2140 1574 verus
2171 1531 2388 1572 sensus
2421 1511 2749 1572 iuramenti
2782 1511 3080 1573 Pontificii
3105 1512 3228 1591 Ep·

1959 1638 2184 1700 porum
2219 1637 2352 1680 non
2384 1620 2667 1680 obstante
2698 1636 2793 1690 e0,
2816 1619 2986 1698 quod
3008 1617 3233 1678 ibidem

1960 1726 2339 1807 reperiantur
2361 1725 2633 1785 diversae
2654 1725 3078 1805 expressiones
3100 1724 3237 1805 plus

1959 1852 2151 1914 quam
2182 1832 2573 1913 aequivocae,
2597 1833 2745 1893 alter
2765 1851 2896 1892 esse
2930 1851 3060 1892 non
3099 1850 3234 1912 pos·

1959 1941 2053 2018 sit,
2102 1959 2292 2020 quam
2338 1938 2662 2021 praestatio
2707 1938 3087 1999 obedientiae
3135 1957 3233 1998 ca-

1959 2047 2240 2109 nonicae.

2048 2154 2146 2214 Ad
2183 2175 2241 2233 9.
2276 2155 2424 2214 Non
2456 2152 2771 2231 ingredior
2793 2152 2855 2211 in
2877 2151 3236 2233 quampiam

1960 2261 2447 2322 dissertationem
2479 2278 2666 2340 super
2702 2259 2939 2319 iuribus
2971 2259 3233 2339 primiti-

1961 2369 2051 2429 vis
2096 2383 2155 2429 et
2200 2367 2463 2428 fundatis
2498 2366 2819 2447 Epporum
2867 2366 3073 2446 quoad
3118 2365 3235 2425 dis·

1962 2475 2350 2558 pensationes
2381 2473 2883 2534 matrimoniales
2915 2472 2980 2533 Si
2999 2471 3236 2532 Sancti-

1960 2600 2049 2645 tas
2072 2584 2193 2645 Vra
2224 2581 2403 2642 vellet
2435 2580 2626 2640 semel
2660 2598 2775 2660 pro
2806 2597 3048 2659 semper
3068 2593 3235 2639 tran-

1963 2691 2219 2772 quillare
2235 2689 2477 2751 animos
2499 2688 2823 2769 Epporum
2842 2685 3235 2747 Monarchiae

1962 2818 2154 2875 meae,
2200 2797 2308 2878 qui
2357 2815 2484 2857 non
2519 2795 2778 2855 credunt
2808 2813 2873 2853 se
2906 2792 3235 2854 auctorisa-

1959 2921 2055 2965 tos
2089 2905 2164 2965 ad
2197 2904 2431 2965 dandas
2464 2902 2594 2963 illas
2627 2902 2759 2961 iure
2780 2901 3035 2982 proprio
3068 2902 3233 2980 (pro-

1962 3013 2061 3072 cul
2112 3011 2276 3072 enim
2325 3012 2546 3071 absum
2591 3029 2625 3069 a
2671 3008 2949 3087 cogenda
2994 3022 3098 3068 aut
3144 3006 3227 3068 in-

1962 3119 2296 3200 quietanda
2341 3112 2603 3178 illorum
2639 3113 3050 3189 conscientia),
3100 3132 3237 3194 per-
3318 3138 3331 3148 ·

1965 3218 2285 3286 mitterem'
2312 3223 2455 3304 ipsis
2503 3238 2705 3302 petere
2753 3220 2884 3281 illas
2930 3242 2964 3281 a
2998 3219 3235 3281 Sancti-

1963 3347 2080 3393 tate
2113 3331 2266 3404 Vra;
2315 3345 2374 3390 et
2405 3328 2455 3390 si
2488 3328 2717 3389 Eadem
2746 3326 2932 3387 vellet
2963 3325 3119 3386 ultra
3151 3324 3239 3385 fa·

1964 3438 2270 3503 cultatem,
2323 3455 2514 3516 quam
2564 3432 2792 3495 habent
2843 3433 3237 3515 dispensandi

1964 3546 2027 3605 in
2073 3541 2362 3623 gradibus
2410 3541 2729 3623 prohibitis
2775 3559 2916 3601 cum
2952 3538 3238 3621 pauperi-

1963 3654 2099 3728 bus,
2147 3651 2254 3710 sed
2300 3669 2430 3711 non
2463 3667 2607 3710 cum
2642 3647 2974 3724 nobilibuS‚
3008 3646 3235 3727 imper-

1963 3756 2059 3819 tiri
2092 3757 2321 3818 eisdem
2358 3756 2538 3816 etiam
2572 3754 2735 3815 illam
2770 3754 2978 3834 quoad
3002 3752 3239 3813 nobiles

1963 3860 2021 3925 et
2053 3863 2299 3924 divites:
2336 3877 2501 3944 parte
2534 3882 2606 3922 ex
2628 3881 2763 3921 mea
2785 3861 2997 3941 quoad
3015 3857 3240 3939 gradus

1963 3971 2286 4032 viciniores
2361 3967 2903 4047 consanguinitatis
2981 3966 3239 4028 facerem

1962 4078 2383 4159 provisionem
2404 4075 2669 4136 maxime
2693 4089 3141 4153 congruentem
3163 4073 3238 4132 ad

1961 4183 2459 4245 satisfaciendum
2480 4201 2555 4242 eo
2576 4180 2796 4242 certius
2817 4180 3106 4260 gravibus
3126 4180 3240 4239 ob-

1961 4290 2194 4352 tutibus
2215 4306 2274 4350 et
2291 4288 2564 4371 providis
2580 4286 3027 4348 intentionibus
3043 4287 3239 4348 Cone.

1961 4396 2310 4457 Tridentini
2342 4414 2529 4475 super
2559 4394 2680 4454 hoc
2714 4410 2969 4474 puncto,
