3684 5416
623 368 689 438 58
1583 367 1833 422 Ecclesia
1862 366 2270 439 antiquissima.

789 598 877 655 19..
931 576 1345 655 CONGILIUM
1387 600 1873 655 ARELATENSE
1911 601 2224 656 PRIMUM
2268 601 2469 657 ANNO
2506 601 2640 655 314
2678 601 3064 657 HABITUM.

830 724 858 752 *
885 723 1175 793 Hefele,
1219 724 1812 795 Concz‘liengescluchte.
1877 726 1914 778 l.
1944 726 2242 779 zoi—216.
2307 726 2362 779 M
2382 742 2411 779 a
2431 725 2570 792 nsi,
2612 742 2665 780 o.
2693 743 2739 779 c.
2769 727 2838 780 Τ.
2870 727 2928 780 ΙΙ.
2967 743 3020 796 p.
3051 726 3226 799 463-

613 805 736 875 468.
805 806 1070 873 BrunS,
1111 822 1165 859 o.
1195 822 1241 860 c.
1270 805 1329 859 11.
1368 822 1656 874 107—111.
1714 808 1779 859 K.
1806 805 2152 874 Mueller,
2198 806 2765 876 Kirchengesclzicltte.
2809 806 2845 860 I.
2883 807 2998 879 ¹73·
3060 807 3231 860 Her»

616 903 654 955 g
671 903 702 940 e
722 904 753 939 n
772 904 799 939 r
816 904 852 941 o
872 902 901 939 e
923 898 943 939 t
960 885 993 939 h
1014 902 1043 939 e
1060 903 1114 948 r,
1144 886 1712 955 Kircltengeschichte,
1741 887 1777 939 Ι.
1801 904 1925 955 4¹0·
1979 887 2035 941 M
2057 905 2088 939 a
2106 903 2135 939 a
2155 903 2180 940 s
2199 904 2225 940 s
2243 903 2274 940 e
2292 903 2356 954 n,
2397 886 2725 940 Geschichte
2751 888 2852 940 der
2877 890 3104 957 Quellen
3130 892 3230 941 etc.

537 987 557 1029 5
619 984 747 1038 pag.
782 966 1075 1039 188—190.

833 1097 1107 1157 Domino
1141 1095 1527 1156 sanctissimo
1561 1095 1723 1156 fratri
1745 1095 2037 1157 Silvestro
2071 1096 2350 1157 Marinus
2382 1096 2475 1155 vel
2510 1112 2724 1157 coetus
2767 1096 3230 1177 episcoporum,

617 1205 723 1283 qui
774 1203 1025 1263 adunati
1088 1202 1340 1263 fuerunt
1398 1202 1460 1263 in
1521 1203 1752 1282 oppido
1801 1202 2159 1263 Arelatensi.
2241 1203 2413 1277 Quid
2475 1203 2859 1263 decrevimus
2909 1204 3232 1265 com-muni

617 1309 876 1371 consilio
909 1309 1135 1369 caritati
1171 1325 1308 1370 tuae
1342 1309 1779 1390 significamuS,
1815 1325 1882 1369 ut
1903 1329 2119 1371 omnes
2139 1311 2327 1370 sciant
2348 1310 2499 1390 quid
2522 1311 2582 1371 in
2606 1309 2886 1371 futurum
2908 1314 3233 1372 observare

618 1418 896 1477 debeant.

515 1556 561 1585 ιο
833 1523 986 1583 Can.
1020 1521 1058 1582 l.
1115 1521 1200 1583 Ut
1246 1543 1364 1581 uno
1398 1522 1497 1581 die
1528 1528 1587 1581 et
1617 1529 1882 1602 tempore
1905 1522 2139 1602 pascha
2171 1522 2526 1582 celebretur.
2601 1521 2807 1582 Primo
2840 1522 2979 1583 loco
3012 1522 3087 1582 de
3119 1526 3232 1583 ob·

620 1629 964 1690 servatione
1016 1629 1275 1708 paschae
1321 1628 1579 1708 domini,
1628 1645 1697 1689 ut
1729 1647 1860 1688 uno
1894 1629 1990 1688 die
2022 1645 2081 1689 et
2112 1648 2246 1690 uno
2278 1645 2556 1711 tempore
2589 1648 2696 1709 per
2726 1648 2981 1689 omnem
3016 1632 3231 1689 orbem

619 1758 650 1796 a
688 1736 865 1798 nobis
898 1739 1259 1796 observetur
1289 1750 1346 1795 et
1378 1734 1543 1795 iuxta
1577 1736 2095 1796 consuetudinem
2129 1735 2354 1796 litteras
2386 1737 2462 1796 ad
2496 1752 2716 1796 omnes
2748 1748 2816 1796 tu
2850 1735 3092 1815 dirigas,

833 1845 987 1905 Can.
1025 1844 1090 1907 11.
1146 1842 1230 1904 Ut
1279 1842 1388 1902 ubi
1434 1844 1690 1922 quisque
1733 1842 2083 1915 ordinatur,
2131 1844 2224 1902 ibi
2258 1850 2638 1925 permaneat.
2704 1842 2795 1903 De
2847 1842 2962 1917 his,
3015 1841 3123 1922 qui
3171 1841 3233 1902 in

631 1951 1135 2030 quibuscumque
1169 1949 1320 2010 locis
1352 1949 1615 2028 ordinati
1649 1947 1877 2009 fuerint
1909 1949 2184 2022 ministri,
2224 1951 2284 2010 in
2319 1950 2461 2030 ipsis
2493 1950 2646 2010 locis
2681 1963 3085 2029 perseverent.

516 2085 558 2126 ¹5
833 2059 981 2119 Can.
1016 2057 1105 2117 lll.
1151 2055 1236 2117 Ut
1265 2059 1466 2137 quiin
1487 2067 1648 2138 pace
1666 2077 1840 2116 arma
1852 2059 2203 2137 proiiciunt
2217 2058 2826 2116 excommunicentur.
2867 2055 2955 2115 De
2979 2054 3092 2130 his,
3125 2054 3230 2133 qui

619 2184 784 2224 arma
820 2165 1151 2245 proiiciunt
1183 2164 1244 2223 in
1282 2183 1447 2244 pace,
1484 2163 1707 2244 placuit
1739 2163 2023 2224 abstineri
2058 2182 2166 2224 eos
2198 2183 2229 2223 a
2264 2162 2733 2224 communione.

831 2272 983 2332 Can.
1016 2270 1112 2331 lV.
1162 2270 1246 2332 Ut
1275 2273 1557 2351 aurigae,
1591 2272 1732 2331 dum
1767 2274 2032 2351 agitant,
2066 2272 2676 2331 excommunicentur.
2713 2269 2803 2328 De
2837 2267 3236 2346 agitatoribus

619 2377 727 2457 qui
760 2376 970 2439 fideles
1002 2394 1166 2454 sunt,
1198 2378 1426 2458 placuit
1460 2398 1567 2439 eos
1601 2378 1900 2457 quamdiu
1933 2378 2161 2458 agitant
2195 2399 2225 2438 a
2260 2376 2711 2437 communione
2744 2375 3029 2455 separari.

834 2487 982 2546 Can.
1016 2484 1091 2545 V.
1149 2484 1233 2546 Ut
1264 2485 1575 2559 theatrici,
1606 2487 1882 2566 quandiu
1914 2493 2130 2565 agunt,
2176 2486 2789 2545 excommunicentur.
2858 2482 2947 2542 De
2985 2481 3232 2542 theatri·

513 2620 563 2649 ’.να
620 2592 725 2665 cis,
762 2607 820 2652 et
852 2592 1017 2672 ipsos
1051 2592 1276 2671 placuit
1309 2593 1609 2671 quamdiu
1644 2608 1837 2673 agunt
1870 2613 1902 2652 a
1936 2591 2379 2653 communione
2413 2591 2695 2671 separari.

832 2699 988 2761 Can.
1023 2699 1123 2760 Vl.
1182 2698 1267 2761 Ut
1310 2703 1374 2760 in
1423 2700 1789 2779 infirmitate
1834 2702 2116 2761 conversi
2157 2719 2374 2758 manus
2425 2699 2870 2778 impositionem
2909 2698 3234 2778 accipiant.

621 2807 711 2867 De
747 2808 862 2882 his,
897 2809 1004 2887 qui
1040 2807 1098 2867 in
1138 2807 1488 2867 infirmitate
1522 2807 1769 2866 credere
1803 2806 2041 2878 volunt,
2079 2805 2306 2886 placuit
2342 2805 2413 2865 iis
2448 2805 2672 2865 debere
2696 2823 2954 2864 manum
2977 2802 3233 2884 imponi.

835 2915 967 2976 Can
991 2914 1112 2975 Vll.
1146 2913 1596 2990 Defidelibus,
1628 2916 1740 2993 qui
1757 2913 2082 2993 praesides
2095 2915 2279 2992 fiunt
2307 2912 2406 2972 vel
2420 2933 2545 2971 rem
2573 2911 2886 2993 publicam
2921 2929 3102 2990 agere
3127 2930 3231 2968 vo-

621 3021 769 3081 lunt.
821 3021 912 3081 De
947 3020 1344 3101 praesidibuS,
1383 3020 1490 3099 qui
1527 3018 1737 3079 fideles
1769 3020 1847 3079 ad
1882 3019 2292 3100 praesidatum
2329 3018 2674 3099 prosiliunt,
2710 3017 2957 3098 placuit,
2992 3032 3058 3077 ut
3091 3035 3234 3077 cum

514 3153 558 3194 25
621 3127 888 3207 promoti
924 3127 1169 3205 fuerint,
1204 3127 1429 3187 litteras
1464 3126 1762 3207 accipiant
1794 3126 2233 3186 ecclesiasticas
2266 3124 2871 3194 communicatorum,
2915 3124 2995 3185 ita
3027 3138 3234 3183 tamen

622 3251 688 3295 ut
722 3236 784 3295 in
807 3235 1310 3314 quibuscumque
1331 3232 1482 3292 locis
1502 3233 1819 3310 gesserint,
1840 3236 1914 3293 ab
1936 3234 2229 3314 episcopo
2251 3234 2530 3294 eiusdem
2555 3232 2675 3293 loci
2697 3252 2840 3292 cura
2863 3232 2980 3292 illis
3001 3245 3234 3312 agatur,

620 3358 677 3402 et
710 3361 854 3402 cum
887 3341 1199 3422 coeperint
1233 3356 1444 3400 contra
1480 3339 1867 3419 disciplinam
1902 3360 2101 3421 agere,
2135 3356 2270 3399 tum
2305 3341 2560 3400 demum
2592 3361 2624 3400 a
2660 3338 3110 3400 communione
3132 3354 3234 3394 ex-

620 3449 967 3509 cludantur.
1035 3448 1323 3508 Similiter
1353 3464 1412 3508 et
1444 3448 1519 3508 de
1555 3448 1669 3522 his,
1705 3449 1810 3528 qui
1847 3468 1977 3508 rem
2012 3448 2319 3529 publicam
2356 3467 2535 3529 agere
2569 3449 2804 3509 volunt.

833 3556 985 3616 Can.
1010 3555 1156 3616 V111.
1195 3555 1296 3615 De
1328 3555 1629 3637 baptismo
1662 3576 1895 3629 eorum,
1928 3559 2039 3637 qui
2066 3556 2143 3616 ab
2175 3554 2420 3616 haeresi
2443 3561 2891 3616 convertuntur.
2937 3553 3027 3613 De
3051 3550 3231 3624 Afris»,

516 3688 563 3716 το
620 3664 791 3741 quod
828 3664 1069 3743 propria
1115 3664 1249 3746 lege
1296 3685 1404 3725 sua
1457 3680 1719 3725 utuntur
1766 3680 1834 3725 ut
1867 3665 2258 3744 rebaptizent,
2313 3663 2558 3745 placuit,
2613 3679 2680 3724 ut
2726 3664 2774 3723 si
2807 3664 2881 3724 ad
2917 3661 3233 3722 ecclesiam

619 3769 838 3850 aliquis
871 3772 946 3831 de
980 3772 1211 3832 haeresi
1245 3773 1497 3850 venerit,
1532 3774 1911 3850 interrogent
1942 3793 2085 3833 eum
2121 3771 2508 3853 symbolum;
2545 3786 2602 3830 et
2624 3771 2672 3830 si
2694 3769 3065 3851 perviderint
3086 3785 3234 3828 eum

619 3878 683 3937 in
718 3893 883 3957 patre
931 3893 990 3937 et
1040 3878 1168 3939 filio
1215 3895 1271 3940 et
1322 3879 1537 3960 spiritu
1572 3897 1782 3942 sancto
1815 3899 1946 3940 esse
1983 3879 2375 3960 baptizatum,
2412 3897 2631 3939 manus
2665 3878 2718 3937 ei
2753 3893 2990 3938 tantum
3027 3875 3234 3954 impo-

618 3999 797 4045 natur
846 4001 910 4044 ut
955 3986 1210 4066 accipiat
1250 3988 1541 4067 spiritum
1573 4003 1871 4048 sanctum.
1938 3986 2130 4062 Quod
2165 3986 2215 4046 si
2249 3986 2659 4064 interrogatus
2691 4003 2820 4044 non
2854 3981 3238 4062 responderit

620 4092 776 4152 hanc
805 4091 1154 4170 trinitatem,
1189 4094 1549 4175 baptizetur.

832 4202 984 4262 Can.
1020 4201 1118 4263 IX.
1186 4203 1271 4264 Ut
1312 4206 1423 4284 qui
1467 4208 1880 4283 consessorum
1936 4203 2154 4263 literas
2199 4202 2494 4282 afferunt,
2543 4202 2703 4261 alias
2750 4199 3078 4278 accipiant.
3143 4195 3236 4254 De

624 4309 737 4387 his,
793 4309 901 4389 qui
950 4308 1382 4370 confessorum
1426 4309 1652 4370 litteras
1698 4309 1979 4386 afferunt,
2030 4307 2277 4389 placuit,
2322 4320 2392 4367 ut
2435 4306 2689 4367 sublatis
2735 4306 2806 4365 iis
2836 4303 3046 4364 litteris
3091 4302 3238 4363 alias

619 4416 916 4496 accipiant
948 4416 1547 4477 communicatorias.

836 4524 989 4584 Can.
1022 4523 1098 4583 X.
1171 4522 1255 4583 Ut
1298 4525 1377 4597 is,
1425 4526 1599 4583 cuius
1644 4545 1797 4584 uxor
1842 4523 2287 4583 adulteraverit
2327 4521 2517 4581 aliam
2566 4520 2680 4580 illa
2712 4522 2944 4579 vivente
2975 4539 3093 4578 non
3127 4539 3236 4577 ac-

620 4633 824 4712 cipiat.
891 4630 983 4689 De
1033 4630 1144 4704 his,
1203 4629 1311 4709 qui
1372 4629 1665 4709 coniuges
1713 4651 1857 4690 suas
1910 4630 1972 4689 in
2022 4628 2328 4688 adulterio
2380 4627 2870 4701 deprehendunt,
2931 4642 2989 4685 et
3050 4624 3238 4684 iidem

512 4764 564 4801 40
621 4753 766 4799 sunt
816 4736 1232 4797 adolescentes
1278 4735 1489 4796 fideles
1541 4753 1597 4797 et
1651 4737 2057 4817 prohibentur
2104 4736 2355 4810 nubere,
2405 4734 2654 4814 placuit,
2704 4748 2772 4794 ut
2820 4733 2881 4793 in
2933 4747 3238 4811 quantum

622 4845 814 4925 possit
861 4844 1190 4904 consilium
1225 4843 1294 4902 iis
1327 4844 1525 4922 detur,
1576 4863 1652 4903 ne
1688 4843 2035 4903 viventibus
2070 4841 2368 4902 uxoribus
2401 4841 2547 4918 suiS,
2579 4840 2718 4900 licet
2751 4838 3062 4915 adulteriS,
3092 4836 3236 4898 alias

619 4951 930 5032 accipiant.
