3684 5416
595 1517 643 1547 10

595 2058 641 2101 ι5

592 2591 644 2622 20

593 3138 642 3182 25

594 3673 645 3716 30

591 4204 641 4247 35

698 343 799 412 596
1870 342 2134 412 Capituli.

694 526 755 586 ei·
783 527 858 586 de
890 527 1063 587 omni
1097 527 1310 588 mobili
1343 548 1415 588 ex
1449 529 1595 610 ipsis
1628 532 1830 603 rebus,
1871 528 2170 609 quamdiu
2203 528 2368 605 vivit,
2404 544 2462 589 et
2494 529 2557 589 in
2589 530 2726 610 ipso
2760 532 2978 592 ordine
3012 533 3309 605 consistit,

694 633 1122 714 eleemosynas
1154 650 1279 694 tam
1310 634 1374 695 in
1408 655 1727 716 pauperes,
1762 656 1954 716 quam
1988 635 2064 695 ad
2085 635 2282 715 ipsam
2303 636 2889 714 Congregationem,
2913 657 3103 717 quam
3123 638 3302 698 etiam

694 740 1071 820 ubicumque
1118 742 1382 802 voluerit
1429 743 1646 820 facere,
1694 760 1752 804 et
1800 743 2185 804 necessitates
2230 763 2373 803 suas
2405 744 2664 825 explere.
2729 745 2818 818 Et,
2851 745 2901 804 si
2934 745 3187 825 aliquod
3219 745 3294 804 de

693 845 829 925 ipso
876 848 1088 907 mobili
1140 863 1280 929 post
1325 850 1568 909 obitum
1616 848 1747 926 ejus
1794 849 2181 930 superfuerit,
2231 849 2428 909 media
2464 869 2600 929 pars
2633 851 2694 910 in
2727 850 3142 931 eleemosyna,
3174 848 3310 927 ejus

692 954 755 1014 in
790 975 1089 1036 pauperes
1120 957 1215 1016 vel
1251 957 1582 1036 promissas
1615 956 1765 1033 ejus,
1799 973 1920 1033 aut,
1953 957 2060 1015 ubi
2092 956 2371 1031 voluerit,
2407 956 2699 1034 ambulet,
2721 957 3179 1018 Archidiacono
3210 959 3305 1017 vel

696 1062 1069 1137 Primicerio,
1115 1064 1208 1123 vel
1255 1064 1355 1125 cui
1405 1065 1531 1144 ipse
1570 1064 1781 1125 vivens
1815 1063 2138 1141 rogaverit,
2172 1063 2582 1145 dispensante,
2618 1080 2677 1125 et
2711 1064 2809 1125 illa
2845 1066 3042 1126 media
3079 1086 3216 1147 pars
3247 1067 3314 1126 in

694 1170 885 1251 ipsius
919 1170 1308 1250 eleemosyna
1344 1171 1420 1231 ad
1454 1170 1710 1230 Clerum
1745 1170 1840 1230 vel
1874 1171 1950 1230 ad
1986 1170 2186 1251 ipsam·
2214 1171 2781 1250 Congregationem
2822 1189 3171 1234 revertatur.
3239 1173 3314 1233 Et

697 1277 811 1358 ipsi
844 1278 1065 1339 Clerici
1100 1278 1174 1337 de
1208 1278 1353 1357 ipsis
1388 1281 1586 1355 rebus,
1621 1297 1776 1357 quas
1809 1277 1873 1337 in
1909 1277 2207 1356 precarias
2241 1278 2487 1353 habent,
2535 1297 2740 1358 neque
2772 1280 2849 1339 de
2881 1280 3072 1352 terris,
3107 1299 3310 1358 neque

698 1385 773 1444 de
819 1385 1032 1460 vineis,
1083 1401 1187 1445 aut
1238 1385 1419 1462 silvia,
1474 1385 1673 1465 pratis,
1721 1385 2031 1459 domibuS,
2078 1385 2384 1465 aedificiiS,
2434 1385 2776 1467 mancipiiS,
2823 1388 3166 1463 accolabus,
3218 1388 3311 1447 vel

698 1490 1073 1570 quibuslibet
1120 1493 1302 1551 rebus
1335 1490 1760 1552 immobilibus
1794 1490 2136 1562 minuendi,
2171 1509 2274 1553 aut
2306 1494 2639 1570 vendendi,
2670 1508 2776 1553 aut
2808 1494 3320 1555 communicandi

699 1614 1057 1678 potestatem
1107 1616 1238 1658 non
1299 1599 1598 1672 habeant;
1650 1615 1905 1679 excepto
1956 1616 2023 1660 ut
2056 1600 2342 1675 diximus,
2375 1600 2452 1660 de
2485 1599 2587 1659 illa
2619 1598 2830 1678 fructa,
2863 1602 2958 1661 vel
2990 1601 3164 1681 quod
3198 1599 3320 1660 ibi-

698 1706 842 1765 dem
889 1705 1162 1764 laborare
1211 1705 1541 1785 potuerint,
1592 1704 1862 1765 viventes
1911 1704 2146 1784 faciant,
2195 1708 2368 1786 quod
2416 1706 2741 1767 voluerint.
2804 1706 2997 1782 Quod
3031 1707 3081 1767 si
3114 1708 3315 1768 conti-

696 1813 868 1893 gerit,
900 1814 1193 1874 suadente
1227 1813 1497 1889 diabolo,
1549 1827 1614 1873 ut
1646 1811 1865 1891 aliquis
1899 1832 1972 1872 ex
2003 1811 2098 1872 his
2132 1813 2464 1891 Fratribus,
2498 1812 2606 1894 qui
2639 1812 2798 1893 ipsas
2830 1832 2925 1873 res
2958 1834 3065 1894 per
3101 1833 3313 1894 preca-

697 1920 815 1980 rias
850 1919 1198 1996 habuerint,
1232 1935 1300 1979 ut
1332 1920 1542 1999 aliquo
1578 1920 1834 1980 crimine
1867 1940 2069 1999 grave,
2104 1936 2210 1981 aut
2241 1922 2373 1981 leve
2405 1919 2650 1997 incidat,
2672 1920 3128 2001 poenitentiam,
3149 1920 3314 1997 juxta

698 2028 872 2107 quod
906 2028 1249 2108 Episcopus
1296 2028 1355 2087 ei
1407 2026 1782 2105 judicaverit,
1832 2044 2000 2105 agat;
2052 2044 2255 2087 tamen
2302 2027 2378 2087 de
2412 2028 2613 2102 rebuS,
2649 2046 2804 2105 quas
2837 2046 2946 2107 per
2978 2028 3320 2107 precariam

698 2135 986 2215 possidet,
1018 2134 1358 2214 expoliatus
1392 2153 1504 2213 pro
1538 2135 1651 2194 hac
1682 2153 1744 2194 re
1779 2154 1910 2194 esse
1943 2154 2070 2195 non
2104 2134 2336 2195 debeat.
2368 2131 2432 2192 Si
2452 2133 2594 2213 quis
2615 2148 2818 2193 autem
2843 2134 3064 2194 eodem
3098 2136 3315 2211 mod0‚

699 2246 867 2324 quod
916 2264 1099 2323 supra
1150 2241 1551 2313 instituimuS,
1583 2242 1655 2300 ad
1694 2241 1854 2301 hanc
1887 2240 2473 2320 Congregationem,
2508 2256 2634 2300 tam
2668 2259 2832 2300 unus
2865 2262 2937 2301 ex
2970 2242 3320 2303 Abbatibus

699 2352 944 2429 nostriS,
980 2370 1168 2430 quam
1209 2349 1467 2429 quilibet
1510 2349 1810 2408 extraneis
1844 2347 2096 2409 Clericis
2128 2367 2192 2407 se
2224 2348 2458 2408 sociare
2491 2348 2939 2425 desideraverit,
2973 2368 3050 2409 eo
3081 2366 3316 2421 tenore,

701 2474 767 2518 ut
799 2457 896 2518 alii
932 2457 1170 2517 Fratres
1206 2456 1497 2533 fecerunt,
1546 2454 1737 2514 faciat.
1815 2452 2014 2527 Quod
2041 2454 2091 2513 si
2123 2454 2294 2514 aliter
2325 2454 2521 2532 fuerit,
2554 2455 2664 2535 qui
2697 2474 2761 2514 se
2793 2455 2880 2514 eis
2913 2454 3173 2515 voluerit
3206 2475 3310 2515 so-

699 2568 875 2641 ciare,
926 2582 982 2626 et
1032 2565 1243 2625 omnia
1295 2564 1372 2623 ad
1422 2563 1733 2642 integrum
1781 2560 2172 2642 perfectionis
2220 2562 2409 2641 gratia
2458 2562 2911 2641 derelinquere:
2965 2563 3327 2643 Episcopus.

698 2674 1014 2757 provideat
1048 2672 1133 2734 eis
1167 2671 1538 2746 necessaria3
1575 2670 1835 2751 qualiter
1867 2689 2030 2750 opus
2065 2672 2323 2748 bonum,
2356 2670 2530 2749 quod
2556 2669 2690 2730 Deo
2722 2669 3056 2751 inspirante
3090 2672 3312 2752 coepit,

697 2783 1033 2864 adimplere
1066 2783 1275 2842 valeat.

912 2891 1063 2969 Cap.
1100 2887 1342 2948 XXXII.
1391 2886 1490 2946 De
1522 2885 1936 2966 eleemosynis.
2003 2885 2095 2945 De
2128 2884 2541 2964 eleemosynis
2573 2886 2941 2966 accipiendis
2973 2887 3052 2947 ita
3086 2888 3313 2948 consti-

697 2998 951 3074 tuimus,
1001 3012 1065 3055 ut
1112 2995 1160 3054 si
1207 2993 1428 3073 aliquis
1477 2993 1586 3052 uni
1621 2992 1936 3054 Sacerdoti
1985 2992 2285 3073 promissa
2331 3011 2443 3052 sua
2489 2993 2584 3052 vel
2634 3013 2744 3073 pro
2792 2993 3180 3055 confessione
3214 3011 3328 3055 aut¹

700 3104 1069 3178 infirmitate,
1117 3122 1227 3162 seu
1276 3121 1388 3181 pro
1438 3100 1713 3179 quolibet
1760 3100 1947 3160 charo
1994 3120 2111 3160 suo
2145 3114 2249 3159 aut
2281 3099 2520 3160 vivente
2556 3115 2661 3160 aut
2693 3117 2943 3162 mortuo
2977 3102 3211 3181 aliquid
3247 3102 3309 3162 in

700 3209 1088 3289 eleemosyna
1123 3208 1267 3267 dare
1301 3205 1581 3278 voluerit,
1615 3207 1734 3267 hoc
1767 3205 2066 3266 Sacerdos
2097 3226 2130 3266 a
2161 3205 2470 3266 tribuente
2489 3205 2758 3286 accipiat,
2792 3223 2850 3267 et
2881 3207 3118 3283 exinde,
3140 3210 3313 3287 quod

700 3316 980 3394 voluerit,
1020 3316 1211 3378 faciat.
1264 3316 1327 3376 Si
1360 3331 1567 3375 autem
1600 3314 1676 3374 ad
1711 3334 1931 3375 omnes
1964 3315 2325 3375 Sacerdotes
2357 3316 2472 3375 sub
2505 3315 2608 3375 tali
2641 3316 3018 3390 conditione,
3053 3337 3162 3378 seu
3198 3339 3315 3398 pro

698 3424 978 3504 quolibet
1030 3424 1221 3485 modo
1273 3423 1506 3502 aliquid
1553 3423 1615 3482 in
1664 3422 2057 3502 eleemosyna
2104 3423 2247 3482 dare
2294 3421 2574 3500 voluerit,
2624 3424 2745 3483 hoc
2778 3423 3042 3483 omnino
3074 3437 3197 3482 tam
3234 3423 3310 3482 ad

698 3552 917 3592 omnes
952 3533 1329 3609 SacerdoteS,
1365 3550 1554 3610 quam
1591 3530 1666 3589 ad
1701 3549 1920 3590 omnes
1953 3527 2312 3590 Canonicos
2345 3527 2565 3605 veniat,
2611 3544 2670 3588 et
2701 3547 2922 3589 omnes
2956 3529 3115 3588 hanc
3147 3527 3308 3588 elee-

700 3660 1027 3720 mosynam
1064 3658 1469 3700 communem
1503 3639 1781 3698 habeant.
1816 3635 2108 3697 Similiter
2140 3650 2198 3695 et
2228 3635 2365 3695 illae
2399 3635 2844 3715 eleemosynae,
2874 3637 3120 3715 quaein
3141 3655 3314 3697 com-

699 3767 886 3806 mune
922 3749 995 3806 ad
1032 3765 1288 3806 omnem
1321 3745 1576 3807 Clerum
1610 3744 1886 3818 veniunt,
1921 3762 2139 3803 omnes
2171 3743 2235 3802 in
2268 3761 2606 3802 commune
2639 3742 2921 3821 habeant,
2956 3758 3015 3803 et
3044 3743 3315 3823 psalmo-

700 3854 884 3930 diam,
917 3856 1012 3915 vel
1046 3854 1258 3914 missas
1292 3872 1404 3934 pro
1439 3853 1586 3934 ipsis
1620 3850 2028 3932 eleemosynis
2062 3866 2130 3911 ut
2154 3850 2497 3930 Episcopus
2530 3848 2873 3927 instituerit,
2895 3849 3131 3912 faciant
3167 3850 3326 3910 Ideo-

698 3977 903 4022 autem
952 3979 1312 4021 mensuram
1362 3958 1798 4019 Sacerdotibus
1846 3958 1922 4018 de
1970 3957 2383 4038 eleemosynis
2430 3956 2796 4037 recipiendis
2845 3957 2922 4017 ad
2972 3975 3132 4037 opus
3166 3976 3312 4037 pro·

700 4071 906 4152 prium
941 4069 1219 4145 fecimuS,
1255 4068 1403 4148 quia
1439 4067 1621 4127 nimis
1653 4086 1834 4145 grave
1871 4066 2124 4146 pondus
2157 4064 2637 4125 existimavimus
2670 4063 2758 4124 eis
2789 4083 2940 4142 esse,
2979 4064 3028 4123 si
3059 4079 3183 4124 tam
3216 4063 3310 4123 in-

696 4177 897 4256 gentia
945 4195 1134 4236 onera
1184 4174 1575 4255 peccantium
1611 4173 1757 4234 solis
1791 4173 1908 4233 illis
1941 4172 2375 4233 Sacerdotibus
2408 4171 2790 4250 contingeret
2820 4186 3080 4251 portare.
3143 4169 3308 4244 Quia

698 4284 931 4344 facilius
965 4284 1078 4344 Dei
1125 4283 1607 4344 misericordiam
1655 4282 1863 4363 plures
1910 4282 2240 4362 impetrant
2285 4300 2397 4362 pro
2431 4280 2871 4362 peccatoribuS,
2905 4299 3092 4359 quam
3131 4298 3323 4354 unuS,.

698 4389 982 4470 quamvis
1030 4388 1363 4463 studiosuS,
1411 4404 1469 4450 et
1516 4388 1952 4468 unusquisque
1995 4388 2071 4448 de
2104 4388 2348 4469 propria
2383 4387 2754 4448 conscientia
2788 4388 2970 4446 debet
3002 4400 3305 4455 metuere;

698 4514 933 4579 quanto
981 4496 1175 4575 magis
1221 4498 1296 4557 de
1341 4496 1556 4557 alienis
1604 4496 1867 4578 peccatis
1902 4514 2031 4556 non
2065 4495 2247 4556 debet
2280 4495 2330 4555 si
2361 4514 2546 4575 supra
2579 4495 2736 4555 vires
2768 4494 3069 4555 sarcinam
3101 4512 3314 4574 pecca-

694 4621 902 4665 torum
936 4603 1273 4665 cumulare.

909 4713 1036 4774 Has
1083 4713 1506 4793 eleemosynas
1538 4710 2053 4785 ArchidiaconuS,
2100 4724 2207 4770 aut
2241 4708 2628 4769 Primicerius
2676 4706 2985 4787 reipieant,
3017 4721 3076 4766 et
3109 4706 3169 4767 in
3203 4725 3308 4766 ne·

695 4823 1072 4885 cessitatibus
1127 4822 1431 4896 Fratrum,
1481 4834 1548 4878 ut
1600 4819 1686 4878 eis
1738 4838 1898 4898 opus
1950 4817 2159 4892 fuerit;
2225 4834 2281 4876 et
2331 4815 2675 4896 Episcopus
2725 4813 3097 4889 judicaverit,
3153 4813 3318 4894 ipsas-

697 4935 1076 5013 expendant:
1113 4946 1172 4991 et
1204 4930 1253 4990 si
1288 4929 1520 5008 aliquid
1554 4928 1773 4989 exinde
1807 4925 2194 5027 superfuerit,
2228 4924 2290 4984 in
2313 4923 2603 4986 vestiariis
2638 4924 2924 4984 Fratrum
2957 4920 3320 4982 recondant..
3348 4970 3352 4974 .
