3684 5416
584 1013 605 1057 5

563 1547 612 1580 10

558 2083 614 2126 ¹5

563 2616 622 2649 20

554 3153 604 3196 25

556 3687 609 3731 30

555 4222 605 4265 35

711 397 779 448 24

665 558 783 640 χες
828 559 941 623 καὶ
990 560 1318 643 φιλόθεον
1365 561 1498 622 τῶν
1547 557 1676 623 σὺν
1737 561 1941 641 αὐτῷ,

1634 377 1882 433 Ecclesia
1912 376 2323 449 antiquiss-ima.

1999 563 2242 624 caritate
2275 581 2515 637 eorum,
2552 562 2659 641 qui
2693 581 2836 622 cum
2871 581 2947 623 eo
2981 580 3141 635 sunt,
3190 563 3282 622 in·

663 666 1076 745 καταστήσει
1097 666 1222 745 οὓς
1242 668 1369 730 ἐὰν
1386 666 1722 750 δοκιμάσῃ
1744 684 1942 745 πρεσ·
1997 670 2203 731 stituet
2236 670 2396 730 duos
2431 669 2835 750 presbyteros,
2867 687 3027 748 quos
3059 672 3282 749 proba-

667 775 1001 860 βυτέρους
1033 772 1181 837 δύο.

749 885 955 947 XVIII.
1006 881 1278 958 Πάντες
1324 886 1659 956 ἀντεῖπον,
1711 881 1811 943 ὅτι
1858 882 1942 943 οὐ

664 986 823 1062 δύο,
877 988 1055 1051 ἀλλὰ
1102 993 1309 1066 τρεῖς·
1375 988 1593 1051 εἴκοσι
1642 987 1782 1067 γὰρ
1829 988 1943 1050 καὶ

660 1095 1001 1173 τέσσαρές
1021 1095 1149 1157 εἰσι
1167 1092 1640 1179 πρεσβύτεροι,
1668 1092 1945 1157 δώδεκα

663 1203 744 1264 ἐκ
774 1201 1014 1276 δεξιῶν
1031 1201 1144 1264 καὶ
1165 1201 1442 1264 δώδεκα
1463 1202 1538 1276 ἐξ
1559 1200 1938 1284 εὐωνύμων.

668 1332 721 1373 2.
758 1310 1075 1388 Ἰωάννης
1108 1308 1308 1372 εἶπεν·
1378 1309 1631 1386 Καλῶς
1665 1308 1941 1391 ὑπεμνή-

664 1430 852 1488 σατε,
901 1414 1222 1496 ἀδελφοί·
1283 1415 1348 1477 οἱ
1398 1414 1519 1498 μὲν
1560 1415 1698 1494 γὰρ
1731 1417 1809 1477 ἐκ
1842 1415 1946 1477 δε-

666 1522 823 1595 ξιῶν
837 1521 1190 1604 δεχόμενοι
1208 1521 1342 1584 ἀπὸ
1355 1524 1487 1584 τῶν
1499 1524 1945 1603 ἀρχάγγέλων

664 1628 788 1704 τὰς
836 1629 1087 1708 φιάλας
1136 1630 1611 1710 προσφέρουσι
1656 1630 1746 1709 τῷ
1794 1629 1944 1693 δεσ-

663 1734 852 1815 πότῃ,
902 1734 965 1796 οἱ
999 1732 1079 1797 δὲ
1111 1736 1186 1809 ἐξ
1219 1737 1598 1814 ἀριστερῶν
1630 1737 1947 1816 ἐπέχουσι

664 1842 756 1922 τῷ
786 1840 1022 1920 πλήθει
1055 1843 1186 1904 τῶν
1218 1843 1548 1923 ἀγγέλων.
1589 1867 1642 1927 3.
1680 1844 1802 1906 Δεῖ
1823 1843 1950 1906 οὖν

673 1947 842 2011 εἶναι
890 1946 1053 2025 τοὺς
1102 1949 1619 2034 πρεσβυτέρους
1668 1948 1798 2030 ἤδη
1849 1970 1951 2012 κε-

669 2056 1072 2134 χρονικότας
1129 2056 1231 2119 ἐπὶ
1280 2057 1369 2137 τῷ
1414 2057 1671 2140 κόσμῳ,
1724 2057 1952 2140 τρόπῳ

670 2163 787 2225 τινὶ
811 2163 1274 2245 ἀπεχομένους
1293 2166 1413 2244 τῆς
1432 2162 1608 2242 πρὸς
1622 2169 1956 2244 γυναῖκας

669 2269 1158 2349 συνελεύσεως,
1178 2270 1678 2354 εὐμεταδότους
1711 2274 1808 2349 εἰς
1836 2279 1956 2350 τὴν

673 2375 1127 2457 ἀδελφότητα,
1180 2377 1551 2456 πρόσωπον
1583 2377 1951 2457 ἀνθρώπου

673 2482 756 2565 μὴ
807 2485 1319 2570 λαμβάνοντας,
1382 2483 1775 2568 συμμύστας
1830 2488 1953 2547 τοῦ

673 2589 1044 2653 ἐπισκόπου
1075 2591 1187 2653 καὶ
1211 2593 1728 2674 συνεπιμάχους,
1750 2607 1951 2654 συνα-

664 2696 1070 2776 θροίζοντας
1115 2697 1194 2761 τὸ
1240 2699 1521 2778 πλῆθος,
1568 2699 1947 2782 προθυμου·

665 2805 911 2886 μένους
942 2804 1062 2867 τὸν
1094 2806 1394 2886 ποιμένα.
1434 2828 1497 2888 4.
1526 2804 1610 2867 Oi
1631 2803 1712 2867 δὲ
1734 2808 1811 2866 ἐκ
1842 2804 1946 2867 δε-

664 2911 819 2985 ξιῶν
828 2909 1282 2996 πρεσβύτεροι
1298 2911 1801 2990 προνοήσονται
1814 2914 1947 2975 τῶν

663 3017 1044 3080 ἐπισκόπων
1088 3017 1265 3096 πρὸς
1307 3018 1386 3081 τὸ
1433 3017 1943 3097 θυσιαστήριον,

663 3126 849 3203 ὅπως
878 3125 1199 3207 τιμήσωσι
1230 3125 1343 3187 καὶ
1366 3127 1821 3206 ἐντιμηθῶσιν,
1847 3128 1944 3202 εἰς

661 3232 702 3294 ὃ
748 3235 836 3295 ἂν
884 3232 1027 3313 δέῃ.
1093 3232 1176 3295 Οἱ
1225 3233 1300 3306 ἐξ
1332 3234 1713 3311 ἀριστερῶν
1743 3248 1941 3311 πρεσ·

666 3339 935 3426 βύτεροι
955 3339 1458 3418 προνοήσονται
1480 3343 1600 3402 τοῦ
1616 3338 1940 3420 πλήθους,

661 3448 846 3524 ὅπως
892 3446 1236 3526 εὐσταθὴς
1278 3446 1390 3509 καὶ
1425 3446 1783 3531 ἀθόρυβος
1816 3447 1941 3526 εἴη,

660 3555 927 3632 πρῶτον
960 3553 1365 3635 μεμαθηκὼς
1399 3556 1472 3615 ἐν
1491 3554 1673 3634 πάσῃ
1701 3555 1942 3616 ὑποτα-

663 3664 769 3741 γῇ.
814 3686 866 3744 5.
904 3661 983 3722 Et
1015 3659 1096 3722 δέ
1126 3682 1225 3738 τις
1253 3659 1797 3743 νουθετούμενος
1830 3663 1941 3723 αὑ-

658 3767 896 3846 θαδώς
927 3769 1285 3848 ἀποκριθῇ,
1319 3766 1398 3829 τὸ
1430 3766 1505 3829 ἓν
1535 3767 1943 3845 ποιήσαντες

662 3875 726 3937 οἱ
758 3876 859 3938 ἐπὶ
893 3876 982 3955 τῷ
1008 3874 1470 3956 θυσιαστηρίῳ
1493 3875 1943 3938 τὸντοιοῦτον

662 3982 828 4064 μετὰ
876 3981 1032 4060 ἴσης
1087 3982 1360 4065 βουλῆς,
1414 3979 1453 4042 ὃ
1502 3984 1588 4043 ἂν
1634 3980 1673 4062 ᾖ
1721 3983 1936 4055 ἄξιον,

661 4087 1164 4162 δικασάτωσαν,
1197 4089 1313 4150 ἵνα
1342 4087 1456 4150 καὶ
1489 4088 1552 4149 οἱ
1583 4088 1801 4150 λοιποὶ
1824 4088 1941 4168 φό-

669 4197 792 4280 βον
829 4194 1048 4274 ἔχωσι,
1097 4193 1349 4277 μήποτε
1384 4194 1542 4272 ἑνὸς
1572 4194 1944 4273 πρόσωπον

660 4303 942 4384 λάβωσι,
988 4300 1098 4363 καὶ
1149 4300 1252 4364 ἐπὶ
1297 4303 1529 4364 πλεῖον
1558 4305 1814 4385 νεμηθῇ
1849 4303 1944 4379 ὡς

660 4411 1066 4488 γάγγραινα,
1116 4408 1229 4470 καὶ
1268 4410 1847 4490 αἰχμαλωτισθὼσι
1879 4410 1942 4472 οἱ

664 4517 931 4594 πάντες.

750 4627 908 4687 XIX.
948 4623 1274 4707 Ἰάκωβος
1308 4621 1514 4685 εἶπεν·
1556 4621 1941 4702 Ἀναγνώσ-

664 4750 784 4806 της
826 4730 1347 4792 καθιστανέσθω
1393 4731 1662 4806 πρῶτον
1700 4729 1939 4813 δοκιμῇ

664 4835 1267 4917 δεδοκιμασμένος,
1303 4834 1387 4917 μὴ
1422 4836 1940 4913 γλωσσοκόπος,

666 4942 750 5025 μὴ
784 4944 1085 5025 μέθυσος
1118 4941 1289 5024 μηδὲ
1313 4942 1805 5022 γελωτολόγος,
1842 4942 1942 5005 εὔ-

2001 776 2171 839 verit.

2090 884 2299 945 XVIII.
2335 883 2573 943 Omnes
2605 883 2877 944 oblocuti
2913 898 3088 943 sunt:
3133 883 3277 944 Non

2001 990 2181 1064 duos,
2215 991 2322 1051 sed
2355 1006 2509 1061 tres;
2564 988 2779 1069 viginti
2815 988 2982 1049 enim
3015 1006 3072 1049 et
3106 1005 3285 1069 quat-

2000 1113 2145 1159 tuor
2189 1112 2334 1157 sunt
2365 1095 2655 1172 seniores,
2702 1095 3032 1157 duodecim
3070 1118 3104 1156 a
3136 1097 3280 1156 dex-

1999 1203 2105 1265 tris
2137 1219 2195 1265 et
2227 1203 2561 1265 duodecim
2593 1225 2626 1263 a
2658 1201 2933 1264 sinistris.
3003 1223 3060 1265 2.
3110 1202 3285 1262 Ioan-

2003 1332 2113 1372 nes
2160 1310 2338 1372 dixit:
2388 1311 2557 1371 Bene
2590 1309 3014 1384 admonuistis,
3061 1308 3287 1369 fratres.

2004 1418 2134 1493 Qui
2180 1419 2345 1479 enim
2385 1439 2418 1477 a
2452 1417 2676 1477 dextris
2709 1432 2874 1487 sunt,
2923 1416 3288 1497 accipientes

2004 1527 2079 1585 ab
2127 1521 2510 1603 archangelis
2558 1521 2791 1604 phialas
2836 1523 3110 1584 offerunt
3156 1524 3285 1584 Do-

2007 1631 2210 1703 mino;
2247 1630 2354 1710 qui
2388 1646 2595 1691 autem
2629 1652 2659 1690 a
2682 1629 2957 1709 sinistris,
2989 1647 3288 1711 praesunt

2007 1735 2383 1798 multitudini
2406 1737 2787 1816 angelorum.
2826 1757 2879 1817 3.
2898 1736 3157 1818 Oportet
3179 1737 3287 1816 igi-

2008 1859 2106 1904 tur
2153 1845 2539 1925 presbyteros
2586 1844 2709 1904 iam
2740 1859 2930 1904 aetate
2964 1861 3289 1925 provectos

2010 1970 2139 2011 esse
2190 1949 2250 2010 in
2313 1950 2577 2027 mundo,
2640 1949 2850 2030 aliquo
2914 1951 3288 2012 abstinentes

2012 2059 2204 2120 modo
2222 2080 2256 2119 a
2276 2057 2611 2119 mulierum
2628 2056 2947 2134 corsortio,
2968 2072 3288 2139 promptos

2011 2166 2088 2226 ad
2134 2165 2526 2245 largiendum
2587 2164 2890 2239 fratribuS,
2955 2183 3285 2245 personam

2012 2273 2286 2334 hominis
2331 2291 2459 2333 non
2506 2273 2888 2354 accipienteS,
2939 2291 3082 2332 cum
3131 2270 3286 2351 epis-

2011 2398 2170 2459 copo
2224 2394 2540 2439 consortes
2591 2378 2860 2459 mysterii
2906 2398 2975 2439 ac
3022 2397 3286 2459 pugnae,

2008 2502 2450 2565 congregantes
2481 2484 2966 2552 multitudinem,
3014 2482 3288 2545 studiose

2009 2609 2453 2673 prosequentes
2528 2608 2852 2673 pastorem.
2933 2611 2994 2671 4.
3061 2590 3189 2666 Qui
3252 2613 3282 2650 a

2009 2699 2233 2760 dextris
2277 2716 2422 2760 sunt
2467 2699 2759 2778 seniores,
2806 2698 3112 2781 episcopis
3145 2718 3284 2779 pro-

2007 2806 2303 2867 videbunt
2336 2806 2399 2866 in
2433 2806 2750 2881 sacrificiO,
2787 2823 2853 2867 ut
2886 2807 3198 2868 honorent
3233 2822 3290 2866 et

2005 2914 2413 2988 honorentur,
2463 2928 2769 2993 quantum
2803 2934 2964 2994 opus
2994 2915 3088 2975 sit.
3154 2913 3280 2988 Qui

2004 3042 2037 3081 a
2068 3020 2324 3081 sinistris
2357 3036 2502 3081 sunt
2534 3021 2830 3098 seniores,
2866 3020 3280 3102 providebunt

2003 3126 2185 3208 plebi,
2234 3142 2300 3187 ut
2347 3128 2551 3207 quieta
2598 3144 2655 3188 et
2701 3128 2834 3189 sine
2882 3127 3154 3188 tumultu
3188 3128 3281 3202 sit,

2002 3235 2271 3315 primum
2316 3235 2549 3296 erudita
2583 3235 2644 3296 in
2675 3235 2849 3295 omni
2882 3234 3280 3296 subiectione.

2008 3361 2060 3420 5.
2111 3342 2174 3402 Si
2209 3342 2346 3421 quis
2380 3358 2582 3403 autem
2621 3342 2897 3402 monitus
2930 3356 3283 3421 arroganter

2001 3451 2404 3530 responderit,
2456 3450 2564 3529 qui
2616 3449 2693 3509 ad
2744 3448 2927 3509 altare
2978 3464 3149 3525 sunt,
3213 3448 3277 3508 in

2002 3576 2202 3617 unum
2263 3556 2698 3617 convenientes
2763 3556 2826 3615 in
2894 3556 3076 3617 talem
3139 3575 3283 3616 cum

1999 3683 2201 3743 aequo
2235 3663 2518 3741 consiliO,
2554 3664 2724 3743 quod
2761 3664 3000 3725 iustum
3033 3679 3141 3742 est,
3176 3665 3282 3724 de-

2001 3786 2269 3848 cernant,
2304 3786 2369 3831 ut
2401 3786 2458 3831 et
2492 3771 2710 3850 reliqui
2735 3787 2974 3831 metum
2996 3772 3276 3847 habeant,

2000 3896 2079 3937 ne
2113 3877 2298 3937 ullius
2329 3896 2611 3957 unquam
2633 3896 2964 3958 personam
2985 3877 3282 3957 accipiant

2000 4000 2058 4045 et
2105 3985 2338 4045 malum
2385 4001 2685 4045 accrescat
2733 4000 2799 4044 ut
2845 4004 3062 4045 cancer
3094 4000 3151 4045 et
3183 4004 3281 4044 ca-

2002 4091 2248 4171 piantur
2280 4111 2517 4152 omnes,

2085 4625 2240 4685 XIX.
2277 4624 2530 4685 Iacobus
2564 4624 2740 4685 dixit:
2785 4625 3004 4685 Lector
3039 4624 3280 4685 institu-

2000 4748 2153 4808 atur,
2202 4732 2307 4811 qui
2357 4731 2625 4812 primum
2674 4733 2865 4812 probe
2911 4730 3089 4792 fuerit
3137 4751 3278 4812 pro-

2001 4843 2194 4915 batuS,
2226 4857 2358 4899 non
2379 4838 2588 4917 lingua
2613 4840 2890 4911 mordax,
2918 4858 3046 4900 non
3072 4837 3278 4899 ebrius

2002 4966 2206 5026 neque
2253 4945 2527 5006 scurrilia
2574 4946 2874 5022 effutiens,
2925 4946 3103 5006 bonis
3147 4964 3282 5006 mo-
