3684 5416
474 1532 524 1563 10

474 2171 519 2216 ι5

469 2991 525 3023 20

468 3577 520 3622 25

468 4113 523 4157 30

465 4645 518 4689 35

582 361 684 430 576
1746 361 2034 433 Episcopi.

578 542 801 603 habere
837 561 1010 621 reges
1045 561 1175 603 non
1208 542 1410 622 potuit
1443 558 1502 603 et
1535 543 1862 624 parricidio
1896 545 2229 606 dedicatur.
2280 545 2347 606 In
2384 545 2695 606 Rebeccae
2729 560 2906 606 utero
2941 546 3100 607 Esau
3135 565 3197 608 et

577 648 754 710 Iacob
803 649 959 710 bella
1005 666 1356 728 gesserun13
1406 650 1632 730 singuli
1679 651 2078 713 ecclesiarum
2124 653 2417 734 episcopi,
2464 652 2688 733 singuli
2735 654 3193 736 archiepiscopi,

575 755 803 837 singuli
835 755 1268 832 archidiaconi,
1301 772 1361 818 et
1391 756 1597 817 omnis
1630 759 1789 820 ordo
1822 759 2265 821 ecclesiasticus
2297 760 2424 820 suis
2458 761 2800 821 rectoribus
2834 761 3062 824 nititur.

791 862 919 926 vn.
953 864 1116 925 Pars,
1152 864 1424 925 Gratian.
1471 864 1631 926 Ecce
1665 869 1730 926 in
1765 867 1988 947 quibus
2019 867 2268 928 casibus
2299 858 2579 950 episc‘opo
2612 870 2857 928 uiuente
2888 868 3052 929 alius
3074 878 3195 949 po-

576 977 697 1033 test
737 973 800 1031 ei
840 970 1156 1045 substitui,
1200 991 1565 1051 quamquam
1613 974 1942 1034 secundum
1990 977 2088 1035 rei
2127 977 2447 1035 ueritatem
2495 996 2614 1036 non
2647 978 2892 1035 uiuente
2920 977 3196 1057 episcopo

576 1078 725 1139 talis
743 1076 1047 1159 probetur
1076 1078 1414 1139 succedere.
1486 1075 1847 1141 Translatus
1893 1084 2054 1141 enim
2087 1081 2166 1141 ab
2198 1102 2321 1142 una
2352 1083 2604 1142 ciuitate
2635 1082 2721 1142 ad
2747 1082 2934 1143 aliam
2971 1082 3203 1143 desiuit

574 1205 707 1246 esse
736 1189 1055 1266 episcopus
1089 1185 1265 1245 illius
1295 1188 1597 1260 ciuitatis,
1631 1209 1668 1246 a
1701 1208 1820 1268 qua
1855 1191 2256 1267 transfertur,
2278 1195 2457 1270 atque
2479 1190 2613 1248 ideo
2634 1191 2747 1268 qui
2762 1188 2908 1250 huic
2927 1189 3205 1250 succedit

575 1314 695 1354 non
743 1295 1003 1366 uiuenti,
1049 1293 1160 1352 sed
1205 1294 1487 1371 defuncto
1534 1295 1974 1375 quodammodo
2022 1297 2301 1376 episcopo
2333 1296 2645 1375 probatur
2689 1295 2993 1356 substitui.
3074 1295 3207 1355 Sed

578 1403 740 1461 inter
770 1420 926 1472 eum,
959 1402 1071 1479 qui
1096 1397 1458 1461 hostilitatis
1489 1403 1877 1475 necessitate,
1923 1408 1984 1461 et
2012 1422 2171 1475 eum,
2203 1404 2314 1482 qui
2341 1401 2637 1462 utilitatis
2669 1422 2858 1463 causa
2889 1403 3195 1480 transser-

578 1513 703 1580 tur,
736 1505 849 1566 hoc
882 1508 1160 1579 interest,
1192 1507 1358 1586 quod
1386 1506 1516 1581 ille,
1542 1510 1654 1588 qui
1682 1515 1842 1569 metu
1864 1507 2226 1569 hostilitatis
2248 1508 2336 1568 ad
2351 1508 2540 1569 aliam
2563 1511 2817 1582 transit,
2838 1512 2901 1569 si
2912 1510 3196 1589 priorem

576 1614 914 1692 contigerit
954 1612 1287 1693 aliquando
1338 1613 1417 1674 ab
1466 1613 1743 1676 hostibus
1793 1615 2053 1676 liberam
2099 1617 2273 1690 fieri,
2323 1616 2411 1676 ad
2455 1616 2705 1676 eandem
2760 1615 2937 1676 illum
2987 1615 3198 1676 redire

576 1725 827 1800 oportet.

1098 1910 1226 1965 234.
1277 1910 1698 1968 CONGILIUM
1738 1912 2266 1970 CABILONENSE
2306 1913 2668 1983 (aaa—654).

790 2076 819 2107 ²⁸¹
877 2076 1233 2128 Monumenta
1290 2074 1486 2128 Germ.
1537 2075 1817 2128 historica.
1871 2077 2074 2144 Legum
2126 2077 2264 2130 sect.
2315 2076 2402 2130 111.
2457 2077 2720 2128 Concilia.
2784 2075 2957 2133 Tom.
2998 2074 3036 2128 l.
3090 2074 3182 2127 ed.

577 2155 938 2208 Maassen.
991 2171 1046 2225 p.
1088 2172 1207 2224 209.
1284 2152 1584 2222 Hefele‚
1642 2155 2251 2226 Conczmngeschichte.
2305 2156 2476 2210 Tom.
2519 2156 2607 2209 111.
2660 2173 2712 2226 p.
2753 2173 2840 2228 92·
2916 2155 3191 2222 Havet,

576 2238 872 2308 Questions
912 2238 1389 2307 merovingiennes.
1430 2236 1587 2291 Paris
1637 2238 1783 2310 1897.
1823 2238 1893 2290 V.
1936 2255 2019 2310 52·

791 2402 839 2443 c.
873 2403 933 2459 4.
986 2382 1068 2444 Ut
1100 2383 1229 2464 duo
1262 2382 1324 2442 in
1356 2401 1477 2442 una
1511 2383 1750 2445 civitate
1786 2384 2029 2465 penitus
2061 2404 2192 2445 uno
2227 2400 2509 2465 tempore
2544 2404 2658 2445 nec
2690 2384 3059 2446 ordinentur
3080 2401 3202 2443 nec

579 2490 919 2550 habeantur
950 2489 1225 2570 episcopi
1260 2509 1373 2550 nec
1408 2509 1502 2550 res
1536 2491 1826 2552 ecclesiae
1860 2512 2036 2552 saeva
2071 2491 2372 2553 divisione
2407 2493 2669 2553 debeant
2702 2491 2938 2573 partire.

1219 2787 1347 2844 235.
1402 2788 1921 2846 INNOCENTIUS
1961 2790 2080 2845 111.
2119 2788 2554 2858 (llas—1216).

580 2968 647 3036 a)
708 2964 1208 3019 Innocentius
1248 2964 1351 3018 111.
1393 2965 1697 3020 Decano
1740 2977 1810 3021 et
1839 2966 2197 3038 Capitulo
2228 2966 2797 3037 Andegavensi,
2834 2964 2903 3021 in
2943 2983 2990 3021 c.
3035 2985 3085 3022 2.
3128 2965 3201 3018 X.

1433 3048 1499 3099 de
1537 3051 1897 3101 translatione
1932 3050 2182 3118 episcopi.
2225 3048 2262 3101 L
2301 3065 2352 3117 7.

793 3186 821 3215 ⁶
865 3186 1079 3257 Corpus
1114 3189 1220 3240 iur.
1256 3204 1377 3238 can.
1418 3187 1506 3240 ed.
1548 3185 1982 3259 Friedberg.
2022 3188 2198 3242 Tom.
2240 3188 2303 3241 ΙΙ.
2346 3187 2454 3242 col.
2495 3186 2725 3260 97—98.
2765 3187 3204 3255 Hinschius,

582 3266 987 3324 Kirelumrecltt.
1027 3267 1201 3325 Tom.
1242 3267 1305 3320 11.
1346 3284 1400 3338 p.
1439 3267 1561 3322 608.

866 3411 1095 3467 Electos
1121 3411 1179 3466 in
1206 3411 1508 3484 episcopos
1536 3424 1592 3467 et
1619 3411 1998 3468 confirmatos
2025 3412 2290 3467 trasferre
2318 3424 2513 3484 potest
2538 3412 2698 3467 solus
2724 3414 2898 3483 Papa.

792 3545 949 3606 Inter
980 3544 1320 3626 corporalia
1354 3559 1412 3605 et
1445 3545 1774 3626 spiritualia
1810 3565 1944 3606 eam
1980 3546 2399 3626 cognovimus
2418 3566 2549 3606 esse
2570 3544 2997 3622 differentiam,
3017 3544 3198 3624 quod'

578 3653 917 3732 corporalia
966 3652 1201 3712 facilius
1248 3652 1649 3713 destruuntur
1696 3671 1887 3733 quam
1920 3667 2374 3730 construantur,
2410 3652 2744 3734 spiritualia
2778 3670 2924 3713 vero
2958 3651 3196 3712 facilius

577 3775 1027 3820 construuntur
1075 3776 1268 3839 quam
1315 3758 1726 3819 destruantur.
1794 3759 1981 3821 Unde
2028 3758 2191 3820 iuxta
2225 3759 2548 3820 canonicas
2580 3759 2927 3820 sanctiones
2957 3756 3195 3839 episco-

579 3885 695 3948 pus
741 3866 912 3928 solus
958 3865 1270 3927 honorem
1317 3866 1460 3926 dare
1514 3881 1730 3946 potest,
1764 3865 1936 3927 solus
1967 3871 2164 3927 autem
2197 3865 2436 3927 auferre
2471 3884 2599 3927 non
2632 3881 2847 3947 potest.
2908 3864 3201 3946 Episcopi

578 3993 833 4055 quoque
881 3995 914 4035 a
962 3973 1453 4053 metropolitanis
1499 3973 1624 4033 suis
1674 3992 1906 4034 munus
1953 3973 2434 4035 consecrationis
2482 3973 2812 4054 accipiunt,
2848 3972 2956 4053 qui
2986 3987 3195 4032 tamen

578 4099 709 4143 non
756 4095 1021 4162 possunt
1068 4079 1181 4140 nisi
1216 4098 1325 4160 per
1356 4080 1718 4141 Romanum
1755 4080 2117 4142 Pontificem
2149 4080 2570 4141 condemnari.
2639 4080 2858 4155 Quum
2892 4099 3039 4159 ergo
3070 4077 3190 4139 for-

574 4189 698 4249 tius
742 4189 816 4249 sit
861 4186 1170 4269 spirituale
1216 4186 1537 4255 vinculum
1586 4206 1775 4267 quarn
1807 4186 2064 4265 carnale,
2098 4187 2361 4249 dubitari
2398 4207 2528 4248 non
2563 4188 2764 4265 debet,
2798 4188 2956 4268 quin
2989 4185 3188 4247 omni-

575 4309 802 4377 potens
833 4293 1003 4353 Deus
1047 4293 1359 4374 spirituale
1406 4293 1795 4373 coniugium,
1839 4292 2013 4373 quod
2061 4309 2151 4354 est
2183 4293 2337 4355 inter
2370 4294 2736 4376 episcopum
2769 4309 2831 4354 et
2861 4293 3206 4368 ecclesiam,

574 4420 693 4462 suo
744 4415 986 4461 tantum
1036 4400 1268 4461 iudicio
1319 4401 1714 4462 reservaverit
1764 4401 2258 4479 dissolvendum,
2312 4402 2420 4483 qui
2471 4400 2947 4463 dissolutionem
3009 4401 3190 4462 etiam

575 4507 832 4570 carnalis
878 4506 1171 4586 coniugii,
1222 4508 1395 4587 quod
1422 4524 1520 4579 ,est
1552 4509 1706 4570 inter
1737 4511 1941 4571 virum
1975 4526 2034 4571 et
2066 4508 2380 4587 feminam,
2414 4529 2530 4571 suo
2562 4522 2807 4570 tantum
2838 4507 3067 4570 iudicio
3099 4527 3192 4568 re-

574 4616 850 4695 servavit,
885 4614 1287 4697 praecipiens,
1318 4632 1384 4677 ut
1417 4636 1578 4697 quos
1610 4617 1781 4679 Deus
1813 4617 2136 4679 coniunxit
2170 4618 2364 4678 homo
2395 4637 2527 4678 non
2560 4632 2813 4698 separet.
2846 4617 2996 4678 Non
3028 4614 3200 4676 enim

573 4727 871 4803 humana,
905 4723 1015 4784 sed
1047 4724 1254 4805 potius
1287 4723 1491 4786 divina
1523 4741 1819 4807 potestate
1853 4724 2221 4804 coniugium
2254 4724 2568 4806 spirituale
2597 4723 2974 4802 dissolvitur,
2993 4742 3200 4805 quum

575 4852 682 4914 per
725 4831 1213 4908 translationem,
1259 4832 1358 4892 vel
1397 4832 1876 4914 depositionem,
1925 4848 2030 4894 aut
2074 4834 2255 4894 etiam
2302 4832 2646 4894 cessionem
2678 4831 3035 4893 auctoritate
3068 4831 3198 4891 Ro·

573 4938 739 5001 mani
774 4938 1104 5013 pontificis,
1151 4958 1343 5019 quern
1390 4955 1629 5000 constat
1675 4959 1806 5001 esse
1840 4939 2136 5000 vicarium
2170 4940 2306 5000 Iesu
2340 4940 2593 5014 Christi,
2624 4939 2955 5023 episcopus
2987 4941 3062 5000 ab
3095 4957 3196 4999 ec·
