3684 5416
327 1010 347 1054 5

305 1548 352 1578 ΙΟ

306 2081 349 2123 ¹5

304 2616 353 2646 20

308 3686 358 3728 30

313 4220 358 4262 35

314 4755 363 4794 40

1363 370 1608 426 Ecclesia
1639 370 2047 443 antiquissima.
2978 391 3012 443 9

406 556 443 615 ὁ
483 553 828 617 διδάσκων
874 551 1203 633 στραφεὶς
1241 551 1532 633 διδάσκῃ
1569 553 1676 613 ἄλ-

403 664 524 738 λην
585 659 865 739 διδαχὴν
947 661 1044 736 εἰς
1123 659 1200 720 τὸ
1267 660 1677 732 καταλῦσαι,

407 768 488 852 μὴ
556 770 767 831 αὑτοῦ
834 766 1209 846 ἀκούσητε·
1289 769 1386 843 εἰς
1461 766 1540 829 δὲ
1602 769 1680 831 τὸ

403 877 799 954 προσθεῖναι
848 873 1286 953 δικαιοσύνην
1346 876 1460 938 καί
1520 878 1677 953 γνῶ-

406 1002 509 1046 σιν
553 983 812 1060 κυρίου.
863 980 1163 1056 δέξασθε
1202 982 1411 1045 αὑτὸν
1444 983 1537 1059 ὡς
1573 983 1678 1044 κύ-

406 1110 572 1167 ριον.

497 1223 551 1281 3.
604 1197 774 1276 Περὶ
821 1196 901 1259 δὲ
945 1198 1075 1259 τῶν
1122 1198 1523 1261 ἀποστόλων
1568 1200 1679 1262 καὶ

405 1308 784 1387 προφητῶν,
805 1306 982 1367 κατὰ
1001 1304 1078 1367 τὸ
1101 1304 1326 1387 δόγμα
1345 1308 1465 1368 τοῦ
1488 1307 1680 1382 εὐαγ-

402 1412 633 1492 γελίου
679 1411 856 1474 οὕτω
908 1412 1252 1490 ποιήσατε.
1302 1436 1362 1495 4.
1418 1415 1570 1489 ΙΙᾶς
1602 1412 1682 1475 δὲ

404 1519 792 1596 ἀπόστολος
842 1519 1210 1601 ἐρχόμενος
1271 1519 1445 1597 πρὸς
1508 1521 1681 1600 ὑμᾶς

405 1625 706 1704 δεχθήτω
739 1625 833 1701 ὡς
864 1622 1126 1703 κύριος·
1182 1650 1233 1707 5.
1270 1630 1355 1689 οὐ
1388 1630 1566 1707 μενεῖ
1601 1624 1681 1687 δὲ

406 1735 461 1796 εἰ
495 1732 576 1814 μὴ
612 1733 870 1814 ἡμέραν
904 1730 1086 1812 μίαν·
1125 1734 1248 1794 ἐάν
1281 1731 1362 1795 δὲ
1394 1731 1432 1813 ᾖ
1466 1734 1677 1811 χρεία,

402 1841 514 1903 καὶ
548 1839 666 1917 τήν
698 1841 941 1919 ἄλλην·
991 1843 1171 1918 τρεῖς
1203 1837 1284 1900 δὲ
1318 1840 1440 1902 ἐὰν
1474 1840 1677 1921 μείνῃ,

405 1946 984 2027 ψευδοπροφήτης
1049 1946 1247 2008 ἐστίν.
1330 1953 1386 2012 6.
1459 1947 1680 2025 Ἐξερ·

405 2053 692 2134 χόμενος
723 2053 805 2115 δὲ
824 2054 864 2114 ὁ
887 2039 1277 2130 ἀπόστολος
1298 2053 1505 2136 μηδὲν
1524 2056 1677 2136 λαμ-

410 2163 666 2243 βανέτω
713 2162 771 2223 εἰ
815 2161 898 2242 μὴ
947 2163 1177 2239 ἄρτον,
1226 2161 1357 2238 ἕως
1390 2159 1473 2223 οὗ
1505 2163 1680 2223 αυλι-

406 2269 572 2349 031]-
612 2269 734 2331 ἐὰν
764 2265 846 2329 δὲ
877 2266 1208 2346 ἀργύριον
1243 2270 1410 2347 αἰτῇ,
1436 2267 1681 2349 ψευδο-

407 2374 758 2454 προφήτης
792 2373 948 2437 ἐστί.

499 2506 531 2550 7
542 2531 555 2544 .
590 2482 725 2543 Καὶ
741 2482 961 2543 πάντα
976 2502 1066 2559 πρ
1078 2481 1327 2562 υφήτην
1341 2482 1682 2544 λαλοῦντα

408 2592 480 2651 ἐν
510 2588 826 2671 πνεύματι
859 2591 941 2650 οὐ
975 2590 1336 2665 πειράσετε
1355 2586 1525 2651 οὐδὲ
1545 2588 1679 2650 δια·

405 2699 719 2775 κρινεῖτε·
791 2699 980 2760 πᾶσα
1025 2696 1162 2774 γὰρ
1196 2696 1490 2779 ἁμαρτία
1523 2698 1681 2776 ἀφε-

409 2803 710 2882 θήσεται,
767 2803 935 2880 αὕτη
988 2801 1069 2865 δὲ
1118 2805 1157 2881 ἡ
1212 2801 1508 2885 ἁμαρτία
1554 2805 1682 2865 ουκ

408 2910 846 2992 ἀφεθήσεται.
891 2916 949 2975 8.
980 2910 1084 2973 Οὔ
1106 2913 1239 2987 πᾶς
1268 2909 1355 2973 δὲ
1385 2912 1425 2971 ό
1458 2912 1683 2971 λαλῶν

408 3019 481 3079 ἐν
528 3016 845 3099 πνεύματι
897 3018 1247 3099 προφήτης
1286 3017 1485 3088 ἐστίν,
1534 3018 1677 3080 ἀλλ’

332 3152 347 3160 -
407 3125 531 3186 ἐὰν
562 3123 678 3204 ἔχῃ
712 3123 872 3200 τοὺς
892 3125 1191 3204 τρόπους
1210 3125 1466 3202 κυρίου.
1508 3127 1683 3188 Ἀπὸ

407 3231 532 3294 οὖν
593 3232 723 3293 τῶν
784 3231 1050 3310 τρόπων
1112 3231 1582 3309 γνωσθήσεται
1643 3235 1683 3294 ὁ

408 3337 985 3419 ψευδοπροφήτης
1043 3339 1146 3403 καὶ
1210 3340 1249 3399 ὁ
1312 3339 1683 3420 προφήτης.

411 3471 469 3527 9.
518 3445 654 3508 Καὶ
702 3449 835 3523 πᾶς
864 3444 1219 3526 προφήτης
1251 3445 1497 3523 ὁρίζων
1534 3449 1682 3523 τρά·

411 3555 619 3627 πεζαν
651 3555 725 3614 ἐν
755 3551 1096 3634 πνεύματι,
1130 3554 1213 3614 οὑ
1248 3554 1537 3633 φάγεται
1572 3554 1685 3616 ἀπ’

410 3662 638 3736 αὐτῆς,
680 3661 736 3721 εἰ
776 3657 856 3720 δέ
886 3659 1073 3740 μήγε,
1108 3658 1688 3741 ψευδοπροφήτης

411 3765 568 3828 ἐστί.
645 3789 734 3830 ιο.
786 3768 940 3843 Πᾶς
986 3765 1066 3828 δέ
1110 3766 1462 3848 προφήτης
1507 3767 1687 3830 διδά-

409 3887 593 3934 σκων
636 3871 755 3949 τὴν
798 3873 1144 3951 ἀλήθειαν,
1194 3875 1250 3935 εἰ
1302 3874 1348 3935 ἃ
1378 3872 1687 3938 διδάσκει

412 3983 492 4041 οὐ
527 3984 719 4052 ποιεῖ,
756 3978 1332 4061 ψευδοπροφήτης
1365 3981 1526 4043 ἐστί.
1589 4007 1605 4045 ι
1634 4007 1682 4045 ι.

413 4088 567 4163 ΙῙᾶς
643 4085 723 4148 δέ
792 4086 1143 4168 προφήτης
1208 4086 1688 4170 δεδοκιμασμέ-

410 4214 529 4269 νος
577 4192 919 4271 ἀληθινός,
961 4194 1169 4255 ποιῶν
1202 4195 1299 4269 εἰς
1325 4195 1689 4275 μυστήριον

410 4298 736 4381 κοσμικὸν
783 4299 1166 4378 ἐκκλησίας,
1213 4299 1295 4382 μὴ
1345 4299 1689 4364 διδάσκων

412 4405 491 4468 δὲ
522 4411 753 4480 ποιεῖν,
802 4409 940 4468 ὅσα
972 4406 1183 4484 αὐτὸς
1214 4411 1407 4478 ποιεῖ,
1442 4409 1526 4470 ού
1556 4429 1688 4486 κρι-

412 4513 692 4591 θήσεται
744 4514 846 4595 ἐφ’
884 4513 1085 4595 ὑμῶν.
1136 4515 1302 4595 μετὰ
1346 4516 1514 4577 θεοῦ
1552 4516 1691 4594 γὰρ

414 4619 546 4697 ἔχει
565 4620 684 4698 τὴν
702 4620 938 4698 κρίσιν·
971 4620 1298 4698 ὡσαύτως
1318 4624 1456 4701 γὰρ
1478 4624 1690 4701 ἐποίη-

415 4743 546 4790 σαν
589 4727 701 4790 καὶ
748 4729 810 4790 οἱ
858 4733 1127 4809 ἀρχαῖοι
1160 4732 1516 4811 προφῆται.
1596 4754 1689 4794 12.

1735 574 2058 636 perversus
2120 557 2336 618 doceat
2400 556 2579 618 aliam
2644 557 3008 631 doctrinam,

1734 664 1813 724 ita
1866 679 1934 723 ut
1983 663 2292 742 dissolvat,
2341 684 2419 726 ne
2467 685 2609 727 eum
2664 665 2901 737 audite;
2962 668 3011 727 si

1734 790 1880 832 vero
1928 771 2121 845 docet,
2168 771 2246 832 ita
2293 788 2360 833 ut
2399 772 2581 833 addat
2613 773 2901 835 iustitiam
2954 791 3013 836 et

1735 877 2046 939 scientiam
2063 872 2346 958 Domini,
2382 879 2667 960 suscipite
2689 900 2833 942 eum
2855 881 3013 942 sicut

1737 984 2104 1046 Dominum.

1829 1217 1884 1276 3.
1917 1196 2112 1274 Quod
2145 1215 2349 1260 autern
2379 1201 2702 1288 ‘apostolos
2721 1202 2930 1263 attinet
2955 1219 3013 1263 et

1738 1306 2088 1385 prophetas,
2110 1307 2457 1368 secundum
2480 1307 2791 1369 decretum
2809 1310 3011 1369 Evan-

1735 1411 1879 1490 gelii
1923 1412 2011 1472 sic
2056 1411 2251 1477 facite.
2312 1434 2373 1492 4.
2423 1413 2646 1475 Omnis
2692 1418 3012 1496 apostolus

1739 1519 1992 1580 veniens
2038 1519 2114 1580 ad
2154 1541 2265 1581 vos
2296 1521 2663 1602 suscipiatur
2692 1523 2847 1583 sicut
2880 1524 3012 1585 Do-

1738 1625 1977 1701 minus3
2051 1648 2103 1706 5.
2150 1646 2279 1689 non
2328 1642 2533 1690 autem
2585 1631 2857 1691 manebit
2896 1630 3010 1692 nisi

1739 1753 1939 1795 unum
1986 1734 2171 1809 diem,
2217 1736 2266 1796 si
2313 1755 2475 1817 opus
2508 1752 2596 1797 est
2630 1754 2685 1797 et
2717 1739 3008 1806 alterum:

1735 1857 1856 1902 tres
1875 1859 2081 1902 autern
2100 1843 2150 1902 si
2174 1859 2435 1919 maneat,
2470 1845 3011 1926 pseudopropheta

1735 1963 1841 2011 est.
1906 1951 1965 2010 6.
2020 1950 2254 2010 Abiens
2300 1969 2445 2010 vero
2492 1952 2809 2032 apostolus
2858 1952 3013 2014 nihil

1735 2056 1990 2138 accipiat
2009 2057 2124 2117 nisi
2143 2076 2388 2137 panem,
2408 2060 2610 2120 donec
2625 2061 2922 2132 devertat;
2963 2063 3011 2121 si

1736 2178 2060 2243 argentum
2096 2166 2310 2244 poscit.
2335 2166 2875 2247 pseudopropheta
2900 2186 3009 2229 est.

1829 2505 1887 2551 7.
1936 2484 2010 2545 Et
2057 2504 2312 2545 omnem
2347 2487 2710 2566 prophetam
2745 2486 3012 2566 loquen-

1739 2609 1862 2653 tem
1897 2592 1961 2653 in
1982 2591 2196 2673 spiritu
2219 2612 2296 2652 ne
2316 2607 2542 2654 tentate
2564 2612 2767 2673 neque
2786 2593 3012 2654 discer—

1738 2700 1895 2772 nite;
1931 2720 2104 2761 omne
2123 2699 2287 2761 enim
2308 2706 2627 2781 peccatum
2650 2704 3013 2775 remittetur,

1738 2809 1860 2868 hoc
1905 2822 2113 2868 autem
2146 2822 2466 2891 peccatum
2501 2829 2620 2868 non
2656 2811 3012 2871 remittetur.

1741 2915 1795 2976 8.
1829 2914 1978 2975 Non
1998 2914 2224 2991 omnis,
2260 2913 2368 2994 qui
2391 2913 2669 2994 loquitur
2691 2915 2755 2974 in
2777 2914 3013 2996 spiritu,

1740 3020 2036 3101 propheta
2067 3037 2175 3098 est,
2210 3021 2317 3082 sed
2350 3021 2399 3081 si
2433 3020 2613 3082 habet
2646 3041 2850 3083 mores
2884 3023 3013 3083 Do-

1740 3127 1927 3198 mini;
1976 3147 2049 3187 ex
2083 3128 2361 3189 moribus
2394 3128 2579 3207 igitur
2610 3145 3017 3206 cognoscetur

1741 3233 2288 3315 pseudopropheta
2336 3250 2394 3295 et
2442 3235 2761 3316 propheta.
2838 3257 2895 3312 9.
2946 3237 3018 3297 Et

1741 3341 1950 3401 nullus
2002 3341 2303 3422 propheta
2353 3343 2687 3402 decernens
2738 3361 3014 3404 mensam

1741 3448 1804 3508 in
1834 3447 2048 3529 spiritu
2085 3449 2218 3508 edet
2251 3450 2326 3507 ab
2361 3468 2449 3524 ea,
2486 3448 2600 3508 nisi
2624 3449 3014 3529 pseudopro-

1741 3555 1922 3635 pheta
1955 3570 2060 3616 est.
2110 3575 2201 3616 to.
2222 3553 2444 3615 Omnis
2477 3571 2682 3616 autem
2716 3557 3018 3636 propheta

1742 3663 1975 3723 docens
2008 3662 2340 3738 veritatem,
2390 3662 2437 3722 si
2485 3681 2645 3740 quae
2679 3663 2858 3722 docet
2890 3681 3018 3723 non

1744 3769 1900 3845 facit,
1935 3769 2475 3851 pseudopropheta
2510 3784 2616 3828 est.
2666 3789 2758 3831 ιι.
2794 3768 3019 3832 Omnis

1744 3894 1888 3936 vero
1955 3875 2255 3956 propheta
2307 3878 2598 3956 probatus
2659 3895 2858 3954 verua,
2909 3878 3017 3957 qui

1743 3982 1880 4042 facit
1954 3982 2467 4061 congregationes
2530 3983 2592 4043 in
2658 3984 3019 4064 mysterium

1743 4090 2152 4167 mundanum,
2206 4108 2320 4149 nec
2369 4108 2516 4151 vero
2570 4091 2749 4151 docet
2811 4092 3020 4152 omnia

1743 4196 2020 4257 facienda
2053 4215 2199 4272 esse,
2235 4216 2394 4276 quae
2428 4197 2556 4276 ipse
2581 4196 2737 4272 facit,
2772 4217 2898 4258 non
2919 4198 3019 4258 iu-

1745 4303 2046 4365 dicabitur
2090 4304 2257 4383 apud
2307 4323 2449 4374 vos;
2504 4323 2648 4364 cum
2685 4304 2821 4364 Deo
2854 4305 3019 4364 enim

1746 4412 1927 4472 habet
1975 4411 2310 4484 iudicium3
2362 4410 2583 4471 eodem
2625 4411 2793 4471 enim
2828 4413 3020 4472 modo

1745 4536 1993 4597 egerant
2024 4532 2083 4578 et
2114 4534 2344 4579 veteres
2376 4517 2730 4598 prophetae.
2776 4537 2868 4577 12.
2893 4516 3021 4592 Qui

1744 4642 1952 4687 autem
1985 4625 2203 4687 dixerit
2235 4625 2296 4685 in
2328 4624 2577 4704 spiritu:
2615 4624 2706 4684 Da
2740 4624 2893 4685 mihi
2925 4645 3020 4685 ar-

1743 4749 1998 4811 gentum
2034 4748 2092 4792 et
2122 4732 2237 4793 alia
2271 4730 2598 4812 quaedam,
2635 4750 2712 4792 ne
2744 4751 2892 4792 eum
2913 4752 3024 4792 au-

410 4832 539 4912 “Oq
589 4833 648 4896 δ’
686 4838 773 4898 ἂν
818 4835 967 4918 εἴπῃ
1021 4840 1095 4899 ἐν
1146 4837 1496 4919 πνεύματι·
1549 4838 1691 4914 Δός
1747 4840 1954 4912 diatis;
1989 4838 2039 4899 si
2073 4858 2218 4900 vero
2252 4838 2484 4913 dixerit,
2527 4854 2590 4899 ut
2623 4858 2735 4919 pro
2766 4838 2898 4900 aliis
2930 4840 3023 4900 in-

416 4964 519 5023 μοι
552 4942 851 5022 ἀργύρια
872 4944 910 5022 ἢ
934 4943 1138 5022 ἕτερά
1158 4965 1323 5018 τινα,
1346 4946 1474 5007 οὐκ
1494 4943 1690 5006 ἀκού·
1748 4946 2100 5026 digentibus
2132 4946 2330 5024 detur,
2378 4965 2565 5008 nemo
2597 4965 2744 5006 eum
2777 4946 3020 5007 iudicet.
