3684 5416
658 359 767 426 464
1752 356 2146 439 *Cardinales

662 435 717 440 —·—
810 435 835 439 ἰ
920 435 983 439 ⁴·-
1014 435 1069 438 Ϋᾼμ
1118 435 1201 439 -ιᾉ
1268 437 1273 438 ⁷
1294 437 1305 438 ff
1392 435 1483 439 ᾼ---
1526 437 1537 438 ff
1618 435 1741 439 ⁸²—ss-
1989 435 2534 440 hr——ss-—q——m—
2565 436 3274 445 -ψ-

574 581 577 584 -
665 541 1033 622 principum,
1080 541 1145 601 in
1193 539 1417 621 quibus
1469 559 1613 601 cum
1660 541 2209 621 circumspectione
2256 558 2313 601 et
2362 544 2704 605 maturitate
2740 563 2987 606 morum
3023 564 3269 627 compe-

556 1532 602 1562 10

553 2066 597 2108 ῐ5

545 2599 597 2631 20

549 3133 593 3175 15

543 3674 594 3717 30

541 4203 589 4247 ³5

658 663 790 709 tens
823 647 1155 709 litteratura
1188 646 1466 708 sufficiat.

871 755 1017 816 Non
1071 755 1219 815 fiant
1265 753 1623 816 Cardinales
1668 770 1928 835 nepotes
1960 774 2031 814 ex
2064 753 2242 815 fratre
2277 755 2368 815 vel
2404 773 2614 816 sorore
2648 757 2914 818 Romani
2947 757 3272 840 pontificis,

657 877 763 923 aut
807 862 1067 941 alicujus
1101 861 1448 924 Cardinalis
1495 861 1775 939 viventis,
1812 879 1941 923 non
1974 860 2274 940 illegitimi
2311 863 2457 940 nati,
2490 880 2618 924 non
2651 882 2912 944 corpore
2943 865 3129 925 vitiati
3162 883 3273 925 nec

657 968 914 1046 alicujus
959 968 1234 1030 criminis
1283 982 1387 1029 aut
1440 967 1727 1029 infamiae
1778 982 1927 1030 nota
1961 969 2236 1050 respersi.
2302 970 2616 1031 praedicto
2650 987 2857 1032 autem
2889 990 3153 1033 numero
3184 971 3271 1031 vi-

654 1073 806 1155 ginti
839 1093 1122 1156 quatuor,
1158 1092 1270 1157 pro
1307 1092 1526 1156 magna
1562 1074 1866 1136 Ecclesiae
1900 1076 2255 1137 necessitate
2287 1076 2384 1137 vel
2421 1077 2698 1156 utilitate,
2747 1078 2877 1138 duo
2910 1078 3010 1139 alii
3044 1078 3106 1139 in
3137 1077 3271 1158 qui-

659 1186 774 1245 bus
820 1183 975 1245 vitae
1022 1183 1305 1244 sanctitas
1355 1181 1452 1244 vel
1498 1183 1755 1244 eximiae
1801 1182 2054 1243 virtutes
2089 1182 2448 1264 refulgeant,
2481 1202 2862 1265 quamquam
2896 1201 3273 1248 memoratos

655 1289 882 1370 gradus
931 1309 1060 1352 non
1109 1290 1392 1367 habeant,
1442 1309 1510 1351 ac
1543 1289 1621 1350 de
1653 1289 1904 1349 Graecis
1939 1289 2105 1364 (cum
2140 1290 2462 1352 Romanae
2499 1292 2801 1354 Ecclesiae
2838 1292 2991 1354 uniti
3027 1291 3269 1369 fuerint)

657 1397 926 1474 insignes
958 1397 1144 1476 aliqui
1180 1396 1289 1457 viri
1322 1395 1501 1474 adjici
1535 1411 1848 1478 poterunt.

870 1504 1016 1564 Non
1050 1503 1152 1564 fiat
1170 1503 1598 1565 Cardinalium
1632 1503 1846 1564 electio
1879 1503 2088 1564 solum
2121 1521 2229 1583 per
2262 1503 2624 1565 auricularia
2647 1519 2805 1582 vota,
2828 1506 2933 1566 sed
2957 1505 3042 1566 illi
3064 1506 3270 1567 solum

656 1611 883 1672 assumi
920 1610 1173 1692 possint,
1208 1611 1272 1671 in
1306 1629 1485 1690 quos,
1517 1609 1676 1670 facto
1711 1629 1857 1670 vero
1889 1611 2190 1672 scrutinio
2223 1629 2291 1671 ac
2332 1612 2669 1692 publicato,
2706 1611 3005 1690 majorem
3039 1630 3267 1693 partem

656 1718 1079 1780 Cardinalium
1113 1736 1221 1799 per
1251 1716 1767 1797 subscriptionem
1802 1737 2028 1779 manus
2049 1719 2330 1798 propriae
2349 1716 2688 1781 constiterit
2709 1719 3102 1800 collegialiter
3122 1739 3270 1781 con-

655 1824 933 1887 sensisse.
972 1824 1255 1906 Desuper
1285 1825 1466 1886 etiam
1505 1825 1898 1906 Apostolicae
1931 1825 2160 1886 litterae
2194 1844 2339 1886 cum
2373 1826 2823 1908 subscriptione
2845 1826 3268 1888 Cardinalium

655 1933 1077 2009 conficiantur,
1123 1932 1369 1994 decreto
1404 1931 1592 2010 hujus
1624 1933 1775 1993 sacri
1808 1933 2075 1994 Concilii
2110 1933 2174 1993 in
2208 1949 2422 2013 quarta
2457 1934 2727 1995 sessione
2761 1933 3123 1995 solemniter
3154 1953 3268 2016 pu-

654 2041 898 2118 blicato,
948 2041 1123 2122 quod
1172 2040 1415 2120 incipit:
1468 2040 1617 2100 ltem
1650 2059 1794 2101 cum
1828 2040 2257 2120 multiplicatio
2291 2040 2741 2118 Cardinalium‚
2772 2055 2884 2102 etc.
2922 2041 2985 2101 in
3020 2060 3137 2102 suo
3170 2061 3268 2102 ro-

655 2150 802 2208 bore
852 2147 1279 2209 inviolabiliter
1326 2164 1751 2228 permansuro.
1826 2147 1992 2208 Cum
2041 2147 2334 2228 recipient
2369 2148 2724 2210 Cardinales
2770 2168 2917 2209 suae
2965 2148 3268 2228 dignitatis

655 2255 936 2336 insignia,
970 2273 1240 2335 quorum
1273 2253 1637 2333 significatio
1672 2270 1779 2331 est,
1832 2270 1896 2314 ut
1944 2273 2055 2336 pro
2091 2256 2260 2316 bono
2296 2254 2652 2315 universalis
2683 2254 2986 2315 Ecclesiae
3018 2254 3266 2333 sangui-

655 2380 798 2422 nem
848 2361 1171 2442 proprium
1222 2362 1289 2436 (si
1339 2381 1500 2441 opus
1546 2362 1642 2436 sit)
1691 2380 1821 2422 non
1873 2377 2198 2421 vereantur
2232 2361 2568 2440 effundere,
2601 2361 2889 2440 jurabunt
2922 2363 2986 2423 in
3018 2360 3265 2445 publico

652 2466 1037 2545 consistorio,
1069 2469 1118 2528 si
1152 2466 1272 2529 sint
1306 2469 1368 2528 in
1402 2468 1605 2540 curia;
1658 2467 1706 2528 si
1740 2487 1886 2528 vero
1918 2470 2221 2545 absenteS,
2258 2469 2320 2529 in
2354 2469 2640 2530 manibus
2673 2467 2925 2546 alicujus
2961 2468 3262 2550 Episcopi,

652 2589 710 2635 et
756 2575 1016 2656 publice,
1068 2575 1165 2636 cui
1214 2596 1321 2656 per
1366 2575 1592 2636 litteras
1627 2576 2036 2656 ApostolicaS,
2085 2576 2150 2636 in
2184 2575 2413 2654 quibus
2448 2577 2645 2637 forma
2681 2575 3006 2653 juramenti
3044 2578 3263 2637 inserta

649 2684 741 2760 sit,
776 2684 1181 2746 commissum
1214 2683 1415 2762 fuerit,
1453 2683 1512 2745 in
1547 2684 1715 2745 hunc
1748 2684 2030 2745 modum.

866 2793 998 2870 Ego
1036 2792 1109 2854 N.
1143 2811 1344 2872 nuper
1391 2808 1743 2872 assumptus
1780 2791 1847 2851 in
1881 2806 2124 2851 sanctae
2159 2791 2480 2853 Romanae
2513 2792 2817 2852 Ecclesiae
2849 2791 3259 2869 Cardinalem‚

649 2901 725 2960 ab
760 2901 871 2959 hac
903 2898 1055 2959 hora
1090 2898 1153 2957 in
1187 2914 1360 2958 antea
1395 2918 1500 2960 ero
1536 2898 1730 2959 fidelis
1762 2900 1944 2959 beato
1987 2897 2190 2976 Petro,
2217 2899 2675 2979 universalique
2706 2915 2764 2959 et
2797 2900 3117 2960 Romanae
3150 2899 3261 2959 Ec-

651 3007 865 3068 clesiae
916 3026 984 3066 ac
1035 3025 1287 3067 summo
1336 3006 1640 3082 Pontifici,
1689 3004 1948 3087 ejusque
2002 3007 2466 3068 successoribus
2514 3005 2811 3067 canonice
2862 3004 3257 3067 intrantibus:

649 3113 944 3173 laborabo
978 3111 1236 3173 fideliter
1269 3131 1382 3192 pro
1416 3111 1773 3173 defensione
1809 3112 1977 3173 Fidei
2009 3113 2367 3185 catholicae,
2390 3112 2916 3193 extirpationeque
2939 3112 3258 3173 haeresum

651 3235 709 3281 et
756 3236 1033 3280 errorum
1082 3238 1151 3279 ac
1196 3218 1577 3296 scismatum,
1623 3217 2062 3280 reformatione
2110 3237 2382 3298 morum,
2428 3239 2497 3280 ac
2529 3238 2678 3301 pace
2712 3219 2776 3278 in
2812 3218 3050 3300 populo
3083 3219 3249 3281 Chri·

649 3327 865 3389 stian0.
897 3326 964 3386 In
999 3324 1473 3387 alienationibus
1508 3344 1712 3387 rerum
1749 3341 1807 3386 et
1840 3328 2155 3388 bonorum
2193 3326 2498 3388 Ecclesiae
2520 3328 2860 3403 Romanae,
2884 3342 2986 3386 aut
3006 3325 3263 3387 aliarum

649 3433 1059 3495 Ecclesiarum
1090 3449 1151 3494 et
1182 3432 1621 3495 beneficiorum
1657 3452 2226 3514 quorumcumque,
2272 3453 2401 3495 non
2453 3433 2833 3494 consentiam
2869 3432 2983 3493 nisi
3016 3433 3081 3493 in
3113 3432 3261 3493 casi—

648 3545 765 3604 bus
797 3563 829 3601 a
864 3540 994 3619 jure
1028 3538 1359 3621 permissiS,
1410 3555 1466 3600 et
1500 3557 1614 3619 pro
1647 3539 1921 3600 alienatis
1953 3541 2027 3599 ab
2064 3539 2332 3600 Ecclesia
2366 3540 2649 3600 Romana
2683 3539 3118 3619 recuperandis
3151 3557 3261 3621 pro

648 3668 827 3731 posse
875 3666 1126 3728 operam
1174 3648 1352 3708 dabo.
1414 3646 1562 3707 Non
1609 3646 1931 3707 consulam
1965 3646 2311 3726 quidquam
2344 3664 2595 3706 summo
2629 3645 2933 3724 Pontifici,
2969 3664 3084 3706 nec
3114 3649 3260 3707 sub-

648 3754 911 3817 scribam
957 3773 1076 3833 me,
1125 3751 1239 3814 nisi
1272 3752 1618 3814 secundum
1653 3753 1861 3814 Deum
1893 3770 1952 3814 et
1983 3753 2423 3815 conscientiam
2463 3771 2685 3814 meam.
2756 3752 2936 3828 Quae
2970 3753 3121 3813 mihi
3157 3771 3264 3834 per

646 3862 856 3923 sedem
893 3860 1316 3941 Apostolicam
1365 3858 1693 3921 commissa
1729 3861 1954 3922 fuerint
1989 3861 2246 3922 fideliter
2276 3878 2558 3940 exequar.
2592 3859 2851 3922 Cultum
2885 3858 3166 3920 divinum
3198 3860 3259 3920 in

646 3969 913 4030 Ecclesia
946 3966 1102 4028 tituli
1137 3967 1277 4044 mei,
1312 3981 1370 4027 et
1403 3965 1534 4044 ejus
1568 3969 1732 4028 bona
1766 3970 2165 4042 conservabO,
2198 3967 2286 4027 sic
2317 3985 2418 4027 me
2454 3967 2623 4026 Deus
2658 3966 2922 4042 adjuvet.

861 4076 978 4135 Pro
1024 4073 1458 4135 conservandis
1503 4072 1929 4135 Cardinalium
1982 4074 2188 4152 titulis,
2234 4092 2504 4154 quorum
2554 4073 2746 4154 aliqui
2796 4072 3017 4133 tamin
3051 4072 3261 4133 divino

646 4183 815 4242 cultu
850 4201 1040 4261 quam
1073 4180 1362 4241 aedificiis
1396 4181 1680 4259 nimium,
1716 4182 1874 4262 proh
1910 4182 2108 4259 dolor,
2146 4182 2206 4242 in
2239 4181 2651 4261 opprobrium
2683 4180 2846 4241 sedis
2868 4179 3261 4261 Apostolicae

646 4303 705 4349 et
751 4288 1030 4368 ipsorum
1062 4286 1486 4349 Cardinalium
1538 4288 1788 4368 collapsi
1836 4305 2000 4366 sunt,
2050 4288 2257 4350 statuit
2303 4288 2453 4348 haec
2498 4303 2702 4349 sancta
2738 4285 3052 4368 SynoduS‚
3084 4301 3154 4347 ut
3184 4286 3262 4347 de

646 4393 984 4455 redditibus
1016 4413 1125 4453 seu
1160 4396 1563 4475 proventibus
1596 4411 1900 4457 terrarum
1932 4397 2252 4457 Romanae
2287 4394 2606 4472 Ecclesiae,
2659 4412 2931 4474 quorum
2968 4393 3262 4453 medietas

646 4500 807 4577 juxta
844 4498 1344 4561 constitutionem
1376 4501 1617 4563 Nicolai
1651 4501 1850 4583 Papae
1898 4503 1973 4563 ad
2010 4501 2367 4562 Cardinales
2402 4503 2488 4576 (ut
2521 4500 2898 4582 praedictum
2934 4501 3039 4577 est)
3074 4499 3261 4581 perti—

643 4625 800 4685 neat,
838 4605 1074 4668 decima
1110 4626 1246 4686 pars
1280 4607 1410 4684 ejus
1444 4609 1617 4689 quod
1652 4624 1879 4690 spectat
1900 4609 1976 4669 ad
1997 4607 2336 4688 quemlibet
2358 4607 2783 4669 Cardinalium
2805 4606 3060 4688 proprio
3081 4605 3262 4666 titulo

643 4715 901 4795 singulis
935 4713 1111 4775 annis
1147 4713 1502 4794 applicetur.
1569 4715 1643 4774 Et
1692 4714 1891 4775 nihilo
1925 4716 2134 4775 minus
2169 4715 2262 4774 vel
2296 4714 2359 4774 in
2392 4713 2512 4773 vita
2545 4714 2642 4773 vel
2675 4713 2737 4773 in
2773 4727 2971 4774 morte
3005 4711 3262 4792 quilibet

643 4821 987 4884 Cardinalis
1033 4835 1270 4881 tantum
1317 4820 1568 4902 proprio
1615 4822 1798 4881 titulo
1832 4821 2153 4901 relinquat,
2189 4822 2358 4881 unde
2391 4820 2809 4881 communiter
2841 4838 2966 4880 una
2999 4836 3260 4901 persona

642 4928 966 4990 sustentari
999 4928 1205 5009 possit.
1248 4928 1440 5004 Quod
1475 4928 1525 4988 si
1558 4947 1686 4988 non
1722 4928 1946 5006 fecerit,
1980 4942 2103 4988 tam
2140 4948 2253 5008 pro
2289 4929 2428 5005 hoc,
2464 4945 2656 5007 quam
2689 4946 2801 5007 pro
2834 4926 2989 4987 dicta
3023 4924 3262 4986 decima
