<?xml version="1.0" encoding="UTF-8"?>
<!DOCTYPE html PUBLIC "-//W3C//DTD XHTML 1.0 Transitional//EN"
    "http://www.w3.org/TR/xhtml1/DTD/xhtml1-transitional.dtd">
<html xmlns="http://www.w3.org/1999/xhtml" xml:lang="en" lang="en">
 <head>
  <title>
</title>
<meta http-equiv="Content-Type" content="text/html;charset=utf-8" />
  <meta name='ocr-system' content='tesseract 3.04.00' />
  <meta name='ocr-capabilities' content='ocr_page ocr_carea ocr_par ocr_line ocrx_word'/>
</head>
<body>
  <div class='ocr_page' id='page_1' title='image "./fontesiuriscano00unkngoog_0545.png"; bbox 0 0 3684 5416; ppageno 0'>
   <div class='ocr_carea' id='block_1_1' title="bbox 374 1516 423 1548">
    <p class='ocr_par' dir='ltr' id='par_1_1' title="bbox 374 1516 423 1548">
     <span class='ocr_line' id='line_1_1' title="bbox 374 1516 423 1548; baseline -0.02 0"><span class='ocrx_word' id='word_1_1' title='bbox 374 1516 423 1548; x_wconf 84' lang='lat'>10</span> 
     </span>
    </p>
   </div>
   <div class='ocr_carea' id='block_1_2' title="bbox 372 2051 417 2094">
    <p class='ocr_par' dir='ltr' id='par_1_2' title="bbox 372 2051 417 2094">
     <span class='ocr_line' id='line_1_2' title="bbox 372 2051 417 2094; baseline 0 0"><span class='ocrx_word' id='word_1_2' title='bbox 372 2051 417 2094; x_wconf 79' lang='lat'>¹5</span> 
     </span>
    </p>
   </div>
   <div class='ocr_carea' id='block_1_3' title="bbox 367 2590 420 2622">
    <p class='ocr_par' dir='ltr' id='par_1_3' title="bbox 367 2590 420 2622">
     <span class='ocr_line' id='line_1_3' title="bbox 367 2590 420 2622; baseline 0 0"><span class='ocrx_word' id='word_1_3' title='bbox 367 2590 420 2622; x_wconf 86' lang='lat'>20</span> 
     </span>
    </p>
   </div>
   <div class='ocr_carea' id='block_1_4' title="bbox 362 3777 417 3820">
    <p class='ocr_par' dir='ltr' id='par_1_4' title="bbox 362 3777 417 3820">
     <span class='ocr_line' id='line_1_4' title="bbox 362 3777 417 3820; baseline 0 -13"><span class='ocrx_word' id='word_1_4' title='bbox 362 3777 417 3820; x_wconf 77' lang='lat'>30</span> 
     </span>
    </p>
   </div>
   <div class='ocr_carea' id='block_1_5' title="bbox 362 4316 412 4360">
    <p class='ocr_par' dir='ltr' id='par_1_5' title="bbox 362 4316 412 4360">
     <span class='ocr_line' id='line_1_5' title="bbox 362 4316 412 4360; baseline 0.02 -1"><span class='ocrx_word' id='word_1_5' title='bbox 362 4316 412 4360; x_wconf 70' lang='lat'>35</span> 
     </span>
    </p>
   </div>
   <div class='ocr_carea' id='block_1_6' title="bbox 362 4854 413 4892">
    <p class='ocr_par' dir='ltr' id='par_1_6' title="bbox 362 4854 413 4892">
     <span class='ocr_line' id='line_1_6' title="bbox 362 4854 413 4892; baseline 0 -8"><span class='ocrx_word' id='word_1_6' title='bbox 362 4854 413 4892; x_wconf 62' lang='lat'>40</span> 
     </span>
    </p>
   </div>
   <div class='ocr_carea' id='block_1_7' title="bbox 1548 353 3097 425">
    <p class='ocr_par' dir='ltr' id='par_1_7' title="bbox 1548 353 3097 425">
     <span class='ocr_line' id='line_1_7' title="bbox 1548 353 3097 425; baseline 0.002 -20"><span class='ocrx_word' id='word_1_7' title='bbox 1548 353 1720 407; x_wconf 85' lang='lat' dir='ltr'>Curia</span> <span class='ocrx_word' id='word_1_8' title='bbox 1762 370 2024 409; x_wconf 84' lang='lat' dir='ltr'>romana.</span> <span class='ocrx_word' id='word_1_9' title='bbox 2509 353 2512 356; x_wconf 43' lang='lat'><em>⁴</em></span> <span class='ocrx_word' id='word_1_10' title='bbox 2989 373 3097 425; x_wconf 79' lang='lat'>509</span> 
     </span>
    </p>
   </div>
   <div class='ocr_carea' id='block_1_8' title="bbox 484 424 817 436">
    <p class='ocr_par' dir='ltr' id='par_1_8' title="bbox 484 424 817 436">
     <span class='ocr_line' id='line_1_8' title="bbox 484 424 817 436; baseline 0 4980"><span class='ocrx_word' id='word_1_11' title='bbox 484 424 817 436; x_wconf 95' lang='lat' dir='ltr'> </span> 
     </span>
    </p>
   </div>
   <div class='ocr_carea' id='block_1_9' title="bbox 2793 428 3084 438">
    <p class='ocr_par' dir='ltr' id='par_1_9' title="bbox 2793 428 3084 438">
     <span class='ocr_line' id='line_1_9' title="bbox 2793 428 3084 438; baseline 0 4978"><span class='ocrx_word' id='word_1_12' title='bbox 2793 428 3084 438; x_wconf 95' lang='lat' dir='ltr'> </span> 
     </span>
    </p>
   </div>
   <div class='ocr_carea' id='block_1_10' title="bbox 474 533 3099 3079">
    <p class='ocr_par' dir='ltr' id='par_1_10' title="bbox 474 533 3099 3079">
     <span class='ocr_line' id='line_1_10' title="bbox 692 533 3091 618; baseline 0.002 -26"><span class='ocrx_word' id='word_1_13' title='bbox 692 540 719 601; x_wconf 82' lang='lat' dir='ltr'>s</span> <span class='ocrx_word' id='word_1_14' title='bbox 760 553 811 596; x_wconf 87' lang='lat'>2.</span> <span class='ocrx_word' id='word_1_15' title='bbox 864 533 994 593; x_wconf 90' lang='lat' dir='ltr'>Nos</span> <span class='ocrx_word' id='word_1_16' title='bbox 1039 533 1225 612; x_wconf 88' lang='lat' dir='ltr'>igitur</span> <span class='ocrx_word' id='word_1_17' title='bbox 1273 534 1479 614; x_wconf 88' lang='lat' dir='ltr'>magni</span> <span class='ocrx_word' id='word_1_18' title='bbox 1526 535 1690 597; x_wconf 88' lang='lat' dir='ltr'>illius</span> <span class='ocrx_word' id='word_1_19' title='bbox 1726 535 1959 618; x_wconf 87' lang='lat' dir='ltr'>Moysis</span> <span class='ocrx_word' id='word_1_20' title='bbox 2007 538 2294 618; x_wconf 85' lang='lat' dir='ltr'>exemplo</span> <span class='ocrx_word' id='word_1_21' title='bbox 2324 536 2593 612; x_wconf 89' lang='lat' dir='ltr'>adducti,</span> <span class='ocrx_word' id='word_1_22' title='bbox 2629 536 2736 616; x_wconf 91' lang='lat' dir='ltr'>qui</span> <span class='ocrx_word' id='word_1_23' title='bbox 2772 555 2915 596; x_wconf 90' lang='lat' dir='ltr'>cum</span> <span class='ocrx_word' id='word_1_24' title='bbox 2955 538 3091 597; x_wconf 91' lang='lat' dir='ltr'>Deo</span> 
     </span>
     <span class='ocr_line' id='line_1_11' title="bbox 476 638 3090 719; baseline 0.002 -21"><span class='ocrx_word' id='word_1_25' title='bbox 476 638 740 719; x_wconf 89' lang='lat' dir='ltr'>loquens</span> <span class='ocrx_word' id='word_1_26' title='bbox 785 641 979 701; x_wconf 85' lang='lat' dir='ltr'>soceri</span> <span class='ocrx_word' id='word_1_27' title='bbox 1026 641 1123 702; x_wconf 91' lang='lat' dir='ltr'>sui</span> <span class='ocrx_word' id='word_1_28' title='bbox 1153 641 1366 702; x_wconf 85' lang='lat' dir='ltr'>Jethro</span> <span class='ocrx_word' id='word_1_29' title='bbox 1399 641 1756 703; x_wconf 87' lang='lat' dir='ltr'>Consilium</span> <span class='ocrx_word' id='word_1_30' title='bbox 1803 643 1880 703; x_wconf 90' lang='lat' dir='ltr'>de</span> <span class='ocrx_word' id='word_1_31' title='bbox 1913 643 2092 704; x_wconf 88' lang='lat' dir='ltr'>variis</span> <span class='ocrx_word' id='word_1_32' title='bbox 2124 643 2443 704; x_wconf 91' lang='lat' dir='ltr'>Judicibus</span> <span class='ocrx_word' id='word_1_33' title='bbox 2476 642 2924 704; x_wconf 83' lang='lat' dir='ltr'>constituendis</span> <span class='ocrx_word' id='word_1_34' title='bbox 2961 663 3090 704; x_wconf 88' lang='lat' dir='ltr'>non</span> 
     </span>
     <span class='ocr_line' id='line_1_12' title="bbox 478 747 3089 830; baseline 0.002 -25"><span class='ocrx_word' id='word_1_35' title='bbox 478 747 836 827; x_wconf 88' lang='lat' dir='ltr'>repudiavit,</span> <span class='ocrx_word' id='word_1_36' title='bbox 866 748 1105 828; x_wconf 89' lang='lat' dir='ltr'>quique</span> <span class='ocrx_word' id='word_1_37' title='bbox 1140 749 1255 809; x_wconf 92' lang='lat' dir='ltr'>Dei</span> <span class='ocrx_word' id='word_1_38' title='bbox 1291 748 1460 824; x_wconf 86' lang='lat' dir='ltr'>jussu</span> <span class='ocrx_word' id='word_1_39' title='bbox 1493 749 1800 828; x_wconf 85' lang='lat' dir='ltr'>insignem</span> <span class='ocrx_word' id='word_1_40' title='bbox 1836 750 2131 810; x_wconf 82' lang='lat' dir='ltr'>Senatum</span> <span class='ocrx_word' id='word_1_41' title='bbox 2164 750 2547 830; x_wconf 78' lang='lat' dir='ltr'>septuaginta</span> <span class='ocrx_word' id='word_1_42' title='bbox 2580 749 2911 810; x_wconf 87' lang='lat' dir='ltr'>Seniorum</span> <span class='ocrx_word' id='word_1_43' title='bbox 2945 769 3089 810; x_wconf 92' lang='lat' dir='ltr'>con-</span> 
     </span>
     <span class='ocr_line' id='line_1_13' title="bbox 475 853 3094 937; baseline 0.001 -24"><span class='ocrx_word' id='word_1_44' title='bbox 475 853 729 934; x_wconf 86' lang='lat' dir='ltr'>scripsit,</span> <span class='ocrx_word' id='word_1_45' title='bbox 763 853 864 915; x_wconf 91' lang='lat' dir='ltr'>cui</span> <span class='ocrx_word' id='word_1_46' title='bbox 897 873 1041 915; x_wconf 91' lang='lat' dir='ltr'>cum</span> <span class='ocrx_word' id='word_1_47' title='bbox 1075 875 1151 916; x_wconf 91' lang='lat' dir='ltr'>eo</span> <span class='ocrx_word' id='word_1_48' title='bbox 1180 875 1347 917; x_wconf 89' lang='lat' dir='ltr'>onus</span> <span class='ocrx_word' id='word_1_49' title='bbox 1381 857 1597 937; x_wconf 87' lang='lat' dir='ltr'>populi</span> <span class='ocrx_word' id='word_1_50' title='bbox 1631 856 2028 933; x_wconf 84' lang='lat' dir='ltr'>sustinerent,</span> <span class='ocrx_word' id='word_1_51' title='bbox 2066 876 2143 917; x_wconf 91' lang='lat' dir='ltr'>ne</span> <span class='ocrx_word' id='word_1_52' title='bbox 2175 856 2348 917; x_wconf 88' lang='lat' dir='ltr'>solus</span> <span class='ocrx_word' id='word_1_53' title='bbox 2379 857 2508 937; x_wconf 88' lang='lat' dir='ltr'>ipse</span> <span class='ocrx_word' id='word_1_54' title='bbox 2526 872 2901 936; x_wconf 84' lang='lat' dir='ltr'>gravaretur,</span> <span class='ocrx_word' id='word_1_55' title='bbox 2924 857 3094 916; x_wconf 81' lang='lat' dir='ltr'>Pon·</span> 
     </span>
     <span class='ocr_line' id='line_1_14' title="bbox 476 962 3092 1044; baseline -0 -21"><span class='ocrx_word' id='word_1_56' title='bbox 476 963 732 1025; x_wconf 87' lang='lat' dir='ltr'>tificium</span> <span class='ocrx_word' id='word_1_57' title='bbox 784 963 903 1024; x_wconf 88' lang='lat' dir='ltr'>hoc</span> <span class='ocrx_word' id='word_1_58' title='bbox 949 983 1113 1025; x_wconf 89' lang='lat' dir='ltr'>onus</span> <span class='ocrx_word' id='word_1_59' title='bbox 1146 963 1462 1043; x_wconf 85' lang='lat' dir='ltr'>Angelicis</span> <span class='ocrx_word' id='word_1_60' title='bbox 1510 965 1691 1044; x_wconf 89' lang='lat' dir='ltr'>plane</span> <span class='ocrx_word' id='word_1_61' title='bbox 1744 964 2020 1025; x_wconf 87' lang='lat' dir='ltr'>humeris</span> <span class='ocrx_word' id='word_1_62' title='bbox 2057 964 2541 1036; x_wconf 87' lang='lat' dir='ltr'>formidandum,</span> <span class='ocrx_word' id='word_1_63' title='bbox 2573 962 2733 1023; x_wconf 88' lang='lat' dir='ltr'>inter</span> <span class='ocrx_word' id='word_1_64' title='bbox 2764 962 3092 1025; x_wconf 83' lang='lat' dir='ltr'>Senatores</span> 
     </span>
     <span class='ocr_line' id='line_1_15' title="bbox 477 1069 3087 1152; baseline 0 -22"><span class='ocrx_word' id='word_1_65' title='bbox 477 1069 662 1130; x_wconf 89' lang='lat' dir='ltr'>Orbis</span> <span class='ocrx_word' id='word_1_66' title='bbox 691 1086 882 1131; x_wconf 87' lang='lat' dir='ltr'>terrae</span> <span class='ocrx_word' id='word_1_67' title='bbox 922 1071 1156 1131; x_wconf 80' lang='lat' dir='ltr'>Fratres</span> <span class='ocrx_word' id='word_1_68' title='bbox 1187 1087 1431 1131; x_wconf 89' lang='lat' dir='ltr'>nostros</span> <span class='ocrx_word' id='word_1_69' title='bbox 1463 1071 1820 1132; x_wconf 88' lang='lat' dir='ltr'>Cardinales</span> <span class='ocrx_word' id='word_1_70' title='bbox 1853 1087 1989 1152; x_wconf 90' lang='lat' dir='ltr'>apta</span> <span class='ocrx_word' id='word_1_71' title='bbox 2024 1072 2295 1151; x_wconf 87' lang='lat' dir='ltr'>quadam</span> <span class='ocrx_word' id='word_1_72' title='bbox 2330 1069 2761 1131; x_wconf 85' lang='lat' dir='ltr'>distributione</span> <span class='ocrx_word' id='word_1_73' title='bbox 2797 1089 2909 1151; x_wconf 89' lang='lat' dir='ltr'>pro</span> <span class='ocrx_word' id='word_1_74' title='bbox 2934 1086 3087 1131; x_wconf 87' lang='lat' dir='ltr'>tem—</span> 
     </span>
     <span class='ocr_line' id='line_1_16' title="bbox 479 1176 3089 1258; baseline 0 -22"><span class='ocrx_word' id='word_1_75' title='bbox 479 1196 701 1257; x_wconf 90' lang='lat' dir='ltr'>porum</span> <span class='ocrx_word' id='word_1_76' title='bbox 752 1176 1130 1255; x_wconf 85' lang='lat' dir='ltr'>conditione,</span> <span class='ocrx_word' id='word_1_77' title='bbox 1176 1177 1570 1256; x_wconf 87' lang='lat' dir='ltr'>negotiorum</span> <span class='ocrx_word' id='word_1_78' title='bbox 1621 1177 2036 1254; x_wconf 90' lang='lat' dir='ltr'>multitudine,</span> <span class='ocrx_word' id='word_1_79' title='bbox 2085 1193 2143 1238; x_wconf 93' lang='lat' dir='ltr'>et</span> <span class='ocrx_word' id='word_1_80' title='bbox 2190 1178 2494 1252; x_wconf 87' lang='lat' dir='ltr'>varietate,</span> <span class='ocrx_word' id='word_1_81' title='bbox 2527 1176 2781 1258; x_wconf 88' lang='lat' dir='ltr'>ipsaque</span> <span class='ocrx_word' id='word_1_82' title='bbox 2814 1177 3089 1238; x_wconf 80' lang='lat' dir='ltr'>utilitatis</span> 
     </span>
     <span class='ocr_line' id='line_1_17' title="bbox 479 1283 3091 1365; baseline 0.001 -23"><span class='ocrx_word' id='word_1_83' title='bbox 479 1283 710 1344; x_wconf 89' lang='lat' dir='ltr'>ratione</span> <span class='ocrx_word' id='word_1_84' title='bbox 754 1284 1075 1345; x_wconf 84' lang='lat' dir='ltr'>salubriter</span> <span class='ocrx_word' id='word_1_85' title='bbox 1123 1284 1327 1365; x_wconf 89' lang='lat' dir='ltr'>partiri</span> <span class='ocrx_word' id='word_1_86' title='bbox 1369 1284 1786 1356; x_wconf 84' lang='lat' dir='ltr'>decrevimus;</span> <span class='ocrx_word' id='word_1_87' title='bbox 1840 1284 1924 1345; x_wconf 86' lang='lat' dir='ltr'>Ea</span> <span class='ocrx_word' id='word_1_88' title='bbox 1957 1285 2021 1345; x_wconf 90' lang='lat' dir='ltr'>in</span> <span class='ocrx_word' id='word_1_89' title='bbox 2054 1284 2268 1365; x_wconf 87' lang='lat' dir='ltr'>primis</span> <span class='ocrx_word' id='word_1_90' title='bbox 2301 1285 2674 1365; x_wconf 78' lang='lat' dir='ltr'>cogitatione</span> <span class='ocrx_word' id='word_1_91' title='bbox 2710 1284 2990 1365; x_wconf 89' lang='lat' dir='ltr'>permoti,</span> <span class='ocrx_word' id='word_1_92' title='bbox 3025 1301 3091 1345; x_wconf 89' lang='lat' dir='ltr'>ut</span> 
     </span>
     <span class='ocr_line' id='line_1_18' title="bbox 478 1389 3091 1472; baseline 0.001 -23"><span class='ocrx_word' id='word_1_93' title='bbox 478 1389 584 1469; x_wconf 83' lang='lat' dir='ltr'>qui</span> <span class='ocrx_word' id='word_1_94' title='bbox 618 1408 688 1450; x_wconf 87' lang='lat' dir='ltr'>ex</span> <span class='ocrx_word' id='word_1_95' title='bbox 718 1391 1012 1452; x_wconf 89' lang='lat' dir='ltr'>omnibus</span> <span class='ocrx_word' id='word_1_96' title='bbox 1047 1391 1401 1451; x_wconf 89' lang='lat' dir='ltr'>nationibus</span> <span class='ocrx_word' id='word_1_97' title='bbox 1434 1391 1509 1450; x_wconf 91' lang='lat' dir='ltr'>ad</span> <span class='ocrx_word' id='word_1_98' title='bbox 1540 1391 1701 1451; x_wconf 89' lang='lat' dir='ltr'>hanc</span> <span class='ocrx_word' id='word_1_99' title='bbox 1737 1406 2017 1468; x_wconf 89' lang='lat' dir='ltr'>matrem,</span> <span class='ocrx_word' id='word_1_100' title='bbox 2041 1391 2415 1472; x_wconf 88' lang='lat' dir='ltr'>magistram,</span> <span class='ocrx_word' id='word_1_101' title='bbox 2437 1389 2914 1471; x_wconf 85' lang='lat' dir='ltr'>perfugiumque</span> <span class='ocrx_word' id='word_1_102' title='bbox 2939 1390 3091 1451; x_wconf 88' lang='lat' dir='ltr'>fide-</span> 
     </span>
     <span class='ocr_line' id='line_1_19' title="bbox 475 1496 3091 1578; baseline 0 -22"><span class='ocrx_word' id='word_1_103' title='bbox 475 1497 631 1557; x_wconf 90' lang='lat' dir='ltr'>lium</span> <span class='ocrx_word' id='word_1_104' title='bbox 663 1497 1086 1578; x_wconf 88' lang='lat' dir='ltr'>Apostolicam</span> <span class='ocrx_word' id='word_1_105' title='bbox 1118 1497 1364 1570; x_wconf 88' lang='lat' dir='ltr'>Sedem,</span> <span class='ocrx_word' id='word_1_106' title='bbox 1409 1498 1779 1574; x_wconf 91' lang='lat' dir='ltr'>devotionis,</span> <span class='ocrx_word' id='word_1_107' title='bbox 1828 1497 2166 1578; x_wconf 87' lang='lat' dir='ltr'>salutisque</span> <span class='ocrx_word' id='word_1_108' title='bbox 2206 1497 2433 1574; x_wconf 90' lang='lat' dir='ltr'>studi0‚</span> <span class='ocrx_word' id='word_1_109' title='bbox 2468 1496 2617 1575; x_wconf 89' lang='lat' dir='ltr'>juris</span> <span class='ocrx_word' id='word_1_110' title='bbox 2652 1498 3091 1578; x_wconf 90' lang='lat' dir='ltr'>persequendi,</span> 
     </span>
     <span class='ocr_line' id='line_1_20' title="bbox 474 1603 3094 1686; baseline 0 -23"><span class='ocrx_word' id='word_1_111' title='bbox 474 1603 697 1682; x_wconf 91' lang='lat' dir='ltr'>gratiae</span> <span class='ocrx_word' id='word_1_112' title='bbox 731 1604 1164 1685; x_wconf 83' lang='lat' dir='ltr'>impetrandae,</span> <span class='ocrx_word' id='word_1_113' title='bbox 1196 1604 1416 1665; x_wconf 87' lang='lat' dir='ltr'>aliasve</span> <span class='ocrx_word' id='word_1_114' title='bbox 1449 1604 1821 1686; x_wconf 88' lang='lat' dir='ltr'>multiplices</span> <span class='ocrx_word' id='word_1_115' title='bbox 1845 1607 1926 1665; x_wconf 94' lang='lat' dir='ltr'>ob</span> <span class='ocrx_word' id='word_1_116' title='bbox 1948 1624 2158 1665; x_wconf 83' lang='lat' dir='ltr'>causas</span> <span class='ocrx_word' id='word_1_117' title='bbox 2181 1603 2661 1684; x_wconf 86' lang='lat' dir='ltr'>frequentissimi</span> <span class='ocrx_word' id='word_1_118' title='bbox 2696 1603 3094 1683; x_wconf 83' lang='lat' dir='ltr'>confugiunt,</span> 
     </span>
     <span class='ocr_line' id='line_1_21' title="bbox 475 1709 3094 1792; baseline 0.001 -23"><span class='ocrx_word' id='word_1_119' title='bbox 475 1709 517 1769; x_wconf 90' lang='lat' dir='ltr'>ii</span> <span class='ocrx_word' id='word_1_120' title='bbox 563 1710 835 1790; x_wconf 89' lang='lat' dir='ltr'>quidem,</span> <span class='ocrx_word' id='word_1_121' title='bbox 888 1728 946 1771; x_wconf 90' lang='lat' dir='ltr'>et</span> <span class='ocrx_word' id='word_1_122' title='bbox 996 1727 1132 1773; x_wconf 89' lang='lat' dir='ltr'>tuto</span> <span class='ocrx_word' id='word_1_123' title='bbox 1182 1729 1240 1773; x_wconf 95' lang='lat' dir='ltr'>et</span> <span class='ocrx_word' id='word_1_124' title='bbox 1290 1713 1623 1773; x_wconf 91' lang='lat' dir='ltr'>commode</span> <span class='ocrx_word' id='word_1_125' title='bbox 1675 1712 2001 1792; x_wconf 87' lang='lat' dir='ltr'>(quantum</span> <span class='ocrx_word' id='word_1_126' title='bbox 2053 1712 2116 1772; x_wconf 92' lang='lat' dir='ltr'>in</span> <span class='ocrx_word' id='word_1_127' title='bbox 2164 1710 2501 1772; x_wconf 83' lang='lat' dir='ltr'>Provinciis</span> <span class='ocrx_word' id='word_1_128' title='bbox 2534 1711 2757 1773; x_wconf 89' lang='lat' dir='ltr'>nostris</span> <span class='ocrx_word' id='word_1_129' title='bbox 2790 1728 3094 1792; x_wconf 89' lang='lat' dir='ltr'>praestare</span> 
     </span>
     <span class='ocr_line' id='line_1_22' title="bbox 477 1819 3092 1901; baseline 0 -23"><span class='ocrx_word' id='word_1_130' title='bbox 477 1819 829 1898; x_wconf 88' lang='lat' dir='ltr'>possumus)</span> <span class='ocrx_word' id='word_1_131' title='bbox 867 1819 1135 1880; x_wconf 83' lang='lat' dir='ltr'>Romam</span> <span class='ocrx_word' id='word_1_132' title='bbox 1170 1820 1545 1901; x_wconf 82' lang='lat' dir='ltr'>perveniant,</span> <span class='ocrx_word' id='word_1_133' title='bbox 1580 1836 1636 1881; x_wconf 93' lang='lat' dir='ltr'>et</span> <span class='ocrx_word' id='word_1_134' title='bbox 1676 1836 1739 1880; x_wconf 86' lang='lat' dir='ltr'>ut</span> <span class='ocrx_word' id='word_1_135' title='bbox 1777 1819 2014 1881; x_wconf 88' lang='lat' dir='ltr'>facilius</span> <span class='ocrx_word' id='word_1_136' title='bbox 2048 1819 2428 1899; x_wconf 87' lang='lat' dir='ltr'>celeriusque</span> <span class='ocrx_word' id='word_1_137' title='bbox 2450 1819 2854 1900; x_wconf 80' lang='lat' dir='ltr'>expediantur</span> <span class='ocrx_word' id='word_1_138' title='bbox 2876 1819 3092 1880; x_wconf 88' lang='lat' dir='ltr'>distin-</span> 
     </span>
     <span class='ocr_line' id='line_1_23' title="bbox 475 1925 3087 2006; baseline 0.001 -22"><span class='ocrx_word' id='word_1_139' title='bbox 475 1940 606 1985; x_wconf 90' lang='lat' dir='ltr'>ctos</span> <span class='ocrx_word' id='word_1_140' title='bbox 638 1925 1061 1987; x_wconf 87' lang='lat' dir='ltr'>Cardinalium</span> <span class='ocrx_word' id='word_1_141' title='bbox 1094 1928 1480 2005; x_wconf 86' lang='lat' dir='ltr'>Conventus,</span> <span class='ocrx_word' id='word_1_142' title='bbox 1531 1943 1588 1988; x_wconf 90' lang='lat' dir='ltr'>et</span> <span class='ocrx_word' id='word_1_143' title='bbox 1620 1927 2151 2006; x_wconf 88' lang='lat' dir='ltr'>Congregationes</span> <span class='ocrx_word' id='word_1_144' title='bbox 2198 1927 2273 1987; x_wconf 88' lang='lat' dir='ltr'>ad</span> <span class='ocrx_word' id='word_1_145' title='bbox 2306 1941 2500 1986; x_wconf 89' lang='lat' dir='ltr'>certas</span> <span class='ocrx_word' id='word_1_146' title='bbox 2533 1945 2763 1999; x_wconf 89' lang='lat' dir='ltr'>rerum,</span> <span class='ocrx_word' id='word_1_147' title='bbox 2802 1928 3087 2005; x_wconf 85' lang='lat' dir='ltr'>negotio·</span> 
     </span>
     <span class='ocr_line' id='line_1_24' title="bbox 477 2033 3091 2114; baseline 0.001 -25"><span class='ocrx_word' id='word_1_148' title='bbox 477 2050 741 2111; x_wconf 88' lang='lat' dir='ltr'>rumque</span> <span class='ocrx_word' id='word_1_149' title='bbox 777 2034 1162 2094; x_wconf 83' lang='lat' dir='ltr'>tractationes</span> <span class='ocrx_word' id='word_1_150' title='bbox 1196 2049 1432 2114; x_wconf 87' lang='lat' dir='ltr'>paratas</span> <span class='ocrx_word' id='word_1_151' title='bbox 1464 2036 1748 2111; x_wconf 89' lang='lat' dir='ltr'>habeant,</span> <span class='ocrx_word' id='word_1_152' title='bbox 1798 2033 2283 2113; x_wconf 87' lang='lat' dir='ltr'>Cardinalesque</span> <span class='ocrx_word' id='word_1_153' title='bbox 2318 2033 2434 2114; x_wconf 91' lang='lat' dir='ltr'>ipsi</span> <span class='ocrx_word' id='word_1_154' title='bbox 2466 2033 2778 2093; x_wconf 88' lang='lat' dir='ltr'>distributi</span> <span class='ocrx_word' id='word_1_155' title='bbox 2814 2035 3091 2094; x_wconf 88' lang='lat' dir='ltr'>muneris</span> 
     </span>
     <span class='ocr_line' id='line_1_25' title="bbox 477 2139 3088 2219; baseline 0.001 -22"><span class='ocrx_word' id='word_1_156' title='bbox 477 2155 710 2218; x_wconf 83' lang='lat' dir='ltr'>partem</span> <span class='ocrx_word' id='word_1_157' title='bbox 757 2139 950 2200; x_wconf 86' lang='lat' dir='ltr'>levius</span> <span class='ocrx_word' id='word_1_158' title='bbox 997 2140 1210 2217; x_wconf 83' lang='lat' dir='ltr'>ferant,</span> <span class='ocrx_word' id='word_1_159' title='bbox 1254 2140 1610 2219; x_wconf 87' lang='lat' dir='ltr'>diligentius</span> <span class='ocrx_word' id='word_1_160' title='bbox 1659 2142 2107 2216; x_wconf 86' lang='lat' dir='ltr'>administrent,</span> <span class='ocrx_word' id='word_1_161' title='bbox 2160 2139 2554 2201; x_wconf 85' lang='lat' dir='ltr'>commodius</span> <span class='ocrx_word' id='word_1_162' title='bbox 2589 2159 2705 2200; x_wconf 91' lang='lat' dir='ltr'>nos</span> <span class='ocrx_word' id='word_1_163' title='bbox 2738 2141 3088 2213; x_wconf 87' lang='lat' dir='ltr'>consulant,</span> 
     </span>
     <span class='ocr_line' id='line_1_26' title="bbox 477 2245 3092 2329; baseline 0 -25"><span class='ocrx_word' id='word_1_164' title='bbox 477 2261 534 2304; x_wconf 93' lang='lat' dir='ltr'>et</span> <span class='ocrx_word' id='word_1_165' title='bbox 566 2245 837 2326; x_wconf 88' lang='lat' dir='ltr'>denique</span> <span class='ocrx_word' id='word_1_166' title='bbox 872 2246 980 2307; x_wconf 84' lang='lat' dir='ltr'>viri</span> <span class='ocrx_word' id='word_1_167' title='bbox 1015 2247 1285 2329; x_wconf 86' lang='lat' dir='ltr'>primarii</span> <span class='ocrx_word' id='word_1_168' title='bbox 1319 2249 1578 2329; x_wconf 90' lang='lat' dir='ltr'>publicis</span> <span class='ocrx_word' id='word_1_169' title='bbox 1611 2249 1674 2310; x_wconf 91' lang='lat' dir='ltr'>in</span> <span class='ocrx_word' id='word_1_170' title='bbox 1709 2251 1894 2309; x_wconf 91' lang='lat' dir='ltr'>rebus</span> <span class='ocrx_word' id='word_1_171' title='bbox 1927 2246 2249 2322; x_wconf 83' lang='lat' dir='ltr'>exercitati,</span> <span class='ocrx_word' id='word_1_172' title='bbox 2285 2246 2459 2308; x_wconf 89' lang='lat' dir='ltr'>nullo</span> <span class='ocrx_word' id='word_1_173' title='bbox 2493 2266 2776 2326; x_wconf 88' lang='lat' dir='ltr'>unquam</span> <span class='ocrx_word' id='word_1_174' title='bbox 2811 2263 3092 2326; x_wconf 86' lang='lat' dir='ltr'>tempore</span> 
     </span>
     <span class='ocr_line' id='line_1_27' title="bbox 477 2352 3089 2436; baseline 0 -24"><span class='ocrx_word' id='word_1_175' title='bbox 477 2352 693 2413; x_wconf 88' lang='lat' dir='ltr'>desint.</span> <span class='ocrx_word' id='word_1_176' title='bbox 741 2354 951 2435; x_wconf 85' lang='lat' dir='ltr'>ltaque</span> <span class='ocrx_word' id='word_1_177' title='bbox 984 2356 1161 2416; x_wconf 83' lang='lat' dir='ltr'>Motu</span> <span class='ocrx_word' id='word_1_178' title='bbox 1196 2356 1469 2436; x_wconf 90' lang='lat' dir='ltr'>propri0,</span> <span class='ocrx_word' id='word_1_179' title='bbox 1504 2371 1562 2416; x_wconf 90' lang='lat' dir='ltr'>et</span> <span class='ocrx_word' id='word_1_180' title='bbox 1594 2375 1666 2416; x_wconf 86' lang='lat' dir='ltr'>ex</span> <span class='ocrx_word' id='word_1_181' title='bbox 1700 2373 1860 2416; x_wconf 89' lang='lat' dir='ltr'>certa</span> <span class='ocrx_word' id='word_1_182' title='bbox 1894 2354 2163 2432; x_wconf 86' lang='lat' dir='ltr'>scientia,</span> <span class='ocrx_word' id='word_1_183' title='bbox 2199 2374 2267 2414; x_wconf 90' lang='lat' dir='ltr'>ac</span> <span class='ocrx_word' id='word_1_184' title='bbox 2299 2354 2374 2414; x_wconf 90' lang='lat' dir='ltr'>de</span> <span class='ocrx_word' id='word_1_185' title='bbox 2408 2354 2774 2414; x_wconf 86' lang='lat' dir='ltr'>eorumdem</span> <span class='ocrx_word' id='word_1_186' title='bbox 2810 2353 3089 2414; x_wconf 87' lang='lat' dir='ltr'>Fratrum</span> 
     </span>
     <span class='ocr_line' id='line_1_28' title="bbox 478 2459 3091 2536; baseline 0 -17"><span class='ocrx_word' id='word_1_187' title='bbox 478 2476 833 2522; x_wconf 88' lang='lat' dir='ltr'>nostrorum</span> <span class='ocrx_word' id='word_1_188' title='bbox 869 2461 1125 2523; x_wconf 84' lang='lat' dir='ltr'>Sanctae</span> <span class='ocrx_word' id='word_1_189' title='bbox 1159 2463 1476 2523; x_wconf 85' lang='lat' dir='ltr'>Romanae</span> <span class='ocrx_word' id='word_1_190' title='bbox 1510 2462 1815 2523; x_wconf 86' lang='lat' dir='ltr'>Ecclesiae</span> <span class='ocrx_word' id='word_1_191' title='bbox 1851 2461 2278 2524; x_wconf 88' lang='lat' dir='ltr'>Cardinalium</span> <span class='ocrx_word' id='word_1_192' title='bbox 2316 2459 2596 2536; x_wconf 80' lang='lat' dir='ltr'>consilio,</span> <span class='ocrx_word' id='word_1_193' title='bbox 2618 2476 2674 2520; x_wconf 87' lang='lat' dir='ltr'>et</span> <span class='ocrx_word' id='word_1_194' title='bbox 2706 2479 2983 2535; x_wconf 88' lang='lat' dir='ltr'>assensu,</span> <span class='ocrx_word' id='word_1_195' title='bbox 3019 2479 3091 2519; x_wconf 86' lang='lat' dir='ltr'>ex</span> 
     </span>
     <span class='ocr_line' id='line_1_29' title="bbox 476 2567 3089 2650; baseline 0 -24"><span class='ocrx_word' id='word_1_196' title='bbox 476 2568 697 2628; x_wconf 89' lang='lat' dir='ltr'>eodem</span> <span class='ocrx_word' id='word_1_197' title='bbox 730 2588 902 2629; x_wconf 89' lang='lat' dir='ltr'>sacro</span> <span class='ocrx_word' id='word_1_198' title='bbox 934 2570 1238 2649; x_wconf 86' lang='lat' dir='ltr'>Collegio,</span> <span class='ocrx_word' id='word_1_199' title='bbox 1274 2571 1446 2650; x_wconf 87' lang='lat' dir='ltr'>quod</span> <span class='ocrx_word' id='word_1_200' title='bbox 1481 2589 1590 2650; x_wconf 89' lang='lat' dir='ltr'>per</span> <span class='ocrx_word' id='word_1_201' title='bbox 1628 2569 1741 2630; x_wconf 92' lang='lat' dir='ltr'>Dei</span> <span class='ocrx_word' id='word_1_202' title='bbox 1773 2568 2025 2647; x_wconf 84' lang='lat' dir='ltr'>gratiam</span> <span class='ocrx_word' id='word_1_203' title='bbox 2063 2568 2205 2629; x_wconf 88' lang='lat' dir='ltr'>viris</span> <span class='ocrx_word' id='word_1_204' title='bbox 2240 2568 2477 2649; x_wconf 87' lang='lat' dir='ltr'>pietate,</span> <span class='ocrx_word' id='word_1_205' title='bbox 2503 2567 2817 2644; x_wconf 74' lang='lat' dir='ltr'>Doctrina,</span> <span class='ocrx_word' id='word_1_206' title='bbox 2853 2584 3089 2627; x_wconf 89' lang='lat' dir='ltr'>rerum-</span> 
     </span>
     <span class='ocr_line' id='line_1_30' title="bbox 475 2674 3099 2756; baseline 0.002 -22"><span class='ocrx_word' id='word_1_207' title='bbox 475 2692 598 2753; x_wconf 87' lang='lat' dir='ltr'>que</span> <span class='ocrx_word' id='word_1_208' title='bbox 634 2694 748 2737; x_wconf 88' lang='lat' dir='ltr'>usu</span> <span class='ocrx_word' id='word_1_209' title='bbox 785 2676 1232 2756; x_wconf 88' lang='lat' dir='ltr'>praestantibus</span> <span class='ocrx_word' id='word_1_210' title='bbox 1262 2696 1333 2737; x_wconf 85' lang='lat' dir='ltr'>ex</span> <span class='ocrx_word' id='word_1_211' title='bbox 1366 2677 1542 2739; x_wconf 88' lang='lat' dir='ltr'>omni</span> <span class='ocrx_word' id='word_1_212' title='bbox 1576 2676 1824 2739; x_wconf 87' lang='lat' dir='ltr'>natione</span> <span class='ocrx_word' id='word_1_213' title='bbox 1857 2677 2147 2750; x_wconf 84' lang='lat' dir='ltr'>abundat,</span> <span class='ocrx_word' id='word_1_214' title='bbox 2167 2674 2699 2756; x_wconf 80' lang='lat' dir='ltr'>Congregationes</span> <span class='ocrx_word' id='word_1_215' title='bbox 2733 2674 3099 2755; x_wconf 86' lang='lat' dir='ltr'>quindecim</span> 
     </span>
     <span class='ocr_line' id='line_1_31' title="bbox 475 2781 3091 2866; baseline 0 -25"><span class='ocrx_word' id='word_1_216' title='bbox 475 2781 925 2861; x_wconf 77' lang='lat' dir='ltr'>constituimuS,</span> <span class='ocrx_word' id='word_1_217' title='bbox 973 2784 1360 2864; x_wconf 87' lang='lat' dir='ltr'>singulisque</span> <span class='ocrx_word' id='word_1_218' title='bbox 1406 2800 1565 2846; x_wconf 85' lang='lat' dir='ltr'>certa</span> <span class='ocrx_word' id='word_1_219' title='bbox 1614 2786 1862 2866; x_wconf 87' lang='lat' dir='ltr'>negotia</span> <span class='ocrx_word' id='word_1_220' title='bbox 1895 2784 2363 2863; x_wconf 81' lang='lat' dir='ltr'>assignavimus,</span> <span class='ocrx_word' id='word_1_221' title='bbox 2398 2784 2475 2844; x_wconf 89' lang='lat' dir='ltr'>ita</span> <span class='ocrx_word' id='word_1_222' title='bbox 2509 2801 2575 2844; x_wconf 92' lang='lat' dir='ltr'>ut</span> <span class='ocrx_word' id='word_1_223' title='bbox 2606 2782 2939 2863; x_wconf 83' lang='lat' dir='ltr'>graviores,</span> <span class='ocrx_word' id='word_1_224' title='bbox 2976 2781 3091 2842; x_wconf 90' lang='lat' dir='ltr'>dif-</span> 
     </span>
     <span class='ocr_line' id='line_1_32' title="bbox 474 2888 3090 2971; baseline 0 -23"><span class='ocrx_word' id='word_1_225' title='bbox 474 2888 883 2970; x_wconf 86' lang='lat' dir='ltr'>ficilioresque</span> <span class='ocrx_word' id='word_1_226' title='bbox 914 2891 1397 2952; x_wconf 89' lang='lat' dir='ltr'>consultationes</span> <span class='ocrx_word' id='word_1_227' title='bbox 1430 2893 1506 2952; x_wconf 91' lang='lat' dir='ltr'>ad</span> <span class='ocrx_word' id='word_1_228' title='bbox 1541 2910 1657 2953; x_wconf 89' lang='lat' dir='ltr'>nos</span> <span class='ocrx_word' id='word_1_229' title='bbox 1690 2891 1971 2968; x_wconf 86' lang='lat' dir='ltr'>referant,</span> <span class='ocrx_word' id='word_1_230' title='bbox 2004 2911 2073 2952; x_wconf 88' lang='lat' dir='ltr'>ac</span> <span class='ocrx_word' id='word_1_231' title='bbox 2106 2890 2446 2971; x_wconf 79' lang='lat' dir='ltr'>unicuique</span> <span class='ocrx_word' id='word_1_232' title='bbox 2480 2910 2694 2952; x_wconf 90' lang='lat' dir='ltr'>earum</span> <span class='ocrx_word' id='word_1_233' title='bbox 2735 2910 2878 2951; x_wconf 89' lang='lat' dir='ltr'>suas</span> <span class='ocrx_word' id='word_1_234' title='bbox 2900 2890 3090 2950; x_wconf 88' lang='lat' dir='ltr'>facul-</span> 
     </span>
     <span class='ocr_line' id='line_1_33' title="bbox 475 2997 3086 3079; baseline 0 -23"><span class='ocrx_word' id='word_1_235' title='bbox 475 3012 636 3073; x_wconf 86' lang='lat' dir='ltr'>tates,</span> <span class='ocrx_word' id='word_1_236' title='bbox 688 3014 743 3057; x_wconf 89' lang='lat' dir='ltr'>et</span> <span class='ocrx_word' id='word_1_237' title='bbox 792 2998 1213 3059; x_wconf 86' lang='lat' dir='ltr'>auctoritatem</span> <span class='ocrx_word' id='word_1_238' title='bbox 1262 2999 1327 3059; x_wconf 90' lang='lat' dir='ltr'>in</span> <span class='ocrx_word' id='word_1_239' title='bbox 1372 3017 1517 3060; x_wconf 92' lang='lat' dir='ltr'>eum</span> <span class='ocrx_word' id='word_1_240' title='bbox 1569 3000 1853 3077; x_wconf 86' lang='lat' dir='ltr'>modum,</span> <span class='ocrx_word' id='word_1_241' title='bbox 1903 2999 2011 3079; x_wconf 89' lang='lat' dir='ltr'>qui</span> <span class='ocrx_word' id='word_1_242' title='bbox 2062 2999 2218 3059; x_wconf 85' lang='lat' dir='ltr'>infra</span> <span class='ocrx_word' id='word_1_243' title='bbox 2268 2998 2610 3079; x_wconf 81' lang='lat' dir='ltr'>descriptus</span> <span class='ocrx_word' id='word_1_244' title='bbox 2659 3015 2764 3073; x_wconf 87' lang='lat' dir='ltr'>est,</span> <span class='ocrx_word' id='word_1_245' title='bbox 2798 2997 3086 3058; x_wconf 88' lang='lat' dir='ltr'>dedimus</span> 
     </span>
    </p>
   </div>
   <div class='ocr_carea' id='block_1_11' title="bbox 397 3105 1096 3183">
    <p class='ocr_par' dir='ltr' id='par_1_11' title="bbox 397 3105 1096 3183">
     <span class='ocr_line' id='line_1_34' title="bbox 397 3105 1096 3183; baseline 0.007 -21"><span class='ocrx_word' id='word_1_246' title='bbox 397 3127 413 3137; x_wconf 87' lang='lat'><em>·</em></span> <span class='ocrx_word' id='word_1_247' title='bbox 474 3121 654 3183; x_wconf 88' lang='lat' dir='ltr'>atque</span> <span class='ocrx_word' id='word_1_248' title='bbox 688 3105 1096 3168; x_wconf 81' lang='lat' dir='ltr'>attribuimus.</span> 
     </span>
    </p>
   </div>
   <div class='ocr_carea' id='block_1_12' title="bbox 1093 3267 2479 3348">
    <p class='ocr_par' dir='ltr' id='par_1_12' title="bbox 1093 3267 2479 3348">
     <span class='ocr_line' id='line_1_35' title="bbox 1093 3267 2479 3348; baseline -0.001 -20"><span class='ocrx_word' id='word_1_249' title='bbox 1093 3267 1513 3348; x_wconf 78' lang='lat' dir='ltr'>Congregalz‘o</span> <span class='ocrx_word' id='word_1_250' title='bbox 1546 3268 1616 3341; x_wconf 89' lang='lat' dir='ltr'>I.,</span> <span class='ocrx_word' id='word_1_251' title='bbox 1636 3278 1758 3348; x_wconf 80' lang='lat' dir='ltr'>pro</span> <span class='ocrx_word' id='word_1_252' title='bbox 1792 3269 2022 3327; x_wconf 80' lang='lat' dir='ltr'>Sancta</span> <span class='ocrx_word' id='word_1_253' title='bbox 2056 3269 2479 3347; x_wconf 73' lang='lat' dir='ltr'>Inquisitione.</span> 
     </span>
    </p>
   </div>
   <div class='ocr_carea' id='block_1_13' title="bbox 468 3425 3094 5011">
    <p class='ocr_par' dir='ltr' id='par_1_13' title="bbox 468 3425 3094 5011">
     <span class='ocr_line' id='line_1_36' title="bbox 687 3425 3090 3509; baseline -0.002 -20"><span class='ocrx_word' id='word_1_254' title='bbox 687 3438 715 3498; x_wconf 85' lang='lat' dir='ltr'>S</span> <span class='ocrx_word' id='word_1_255' title='bbox 762 3449 807 3488; x_wconf 81' lang='grc' dir='ltr'>ι.</span> <span class='ocrx_word' id='word_1_256' title='bbox 858 3429 923 3489; x_wconf 89' lang='lat' dir='ltr'>In</span> <span class='ocrx_word' id='word_1_257' title='bbox 959 3429 1169 3509; x_wconf 89' lang='lat' dir='ltr'>primis</span> <span class='ocrx_word' id='word_1_258' title='bbox 1203 3429 1404 3507; x_wconf 83' lang='lat' dir='ltr'>igitur,</span> <span class='ocrx_word' id='word_1_259' title='bbox 1454 3427 1754 3508; x_wconf 87' lang='lat' dir='ltr'>quoniam</span> <span class='ocrx_word' id='word_1_260' title='bbox 1794 3428 1962 3501; x_wconf 77' lang='lat' dir='ltr'>fides,</span> <span class='ocrx_word' id='word_1_261' title='bbox 1995 3428 2125 3487; x_wconf 88' lang='lat' dir='ltr'>sine</span> <span class='ocrx_word' id='word_1_262' title='bbox 2159 3447 2278 3506; x_wconf 85' lang='lat' dir='ltr'>qua</span> <span class='ocrx_word' id='word_1_263' title='bbox 2315 3425 2692 3507; x_wconf 86' lang='lat' dir='ltr'>impossibile</span> <span class='ocrx_word' id='word_1_264' title='bbox 2729 3440 2819 3485; x_wconf 91' lang='lat' dir='ltr'>est</span> <span class='ocrx_word' id='word_1_265' title='bbox 2856 3426 3090 3504; x_wconf 87' lang='lat' dir='ltr'>placere</span> 
     </span>
     <span class='ocr_line' id='line_1_37' title="bbox 476 3531 3090 3617; baseline -0.003 -21"><span class='ocrx_word' id='word_1_266' title='bbox 476 3537 628 3611; x_wconf 90' lang='lat' dir='ltr'>De0,</span> <span class='ocrx_word' id='word_1_267' title='bbox 675 3535 864 3597; x_wconf 91' lang='lat' dir='ltr'>totius</span> <span class='ocrx_word' id='word_1_268' title='bbox 909 3535 1242 3617; x_wconf 86' lang='lat' dir='ltr'>spiritualis</span> <span class='ocrx_word' id='word_1_269' title='bbox 1288 3534 1727 3595; x_wconf 84' lang='lat' dir='ltr'>aedificationis</span> <span class='ocrx_word' id='word_1_270' title='bbox 1778 3534 2255 3596; x_wconf 90' lang='lat' dir='ltr'>fundamentum</span> <span class='ocrx_word' id='word_1_271' title='bbox 2304 3550 2408 3603; x_wconf 92' lang='lat' dir='ltr'>est,</span> <span class='ocrx_word' id='word_1_272' title='bbox 2456 3532 2768 3612; x_wconf 80' lang='lat' dir='ltr'>cupientes</span> <span class='ocrx_word' id='word_1_273' title='bbox 2803 3531 2923 3591; x_wconf 88' lang='lat' dir='ltr'>hoc</span> <span class='ocrx_word' id='word_1_274' title='bbox 2956 3550 3090 3610; x_wconf 88' lang='lat' dir='ltr'>pre—</span> 
     </span>
     <span class='ocr_line' id='line_1_38' title="bbox 472 3637 3094 3722; baseline -0.002 -20"><span class='ocrx_word' id='word_1_275' title='bbox 472 3642 699 3704; x_wconf 89' lang='lat' dir='ltr'>tiosum</span> <span class='ocrx_word' id='word_1_276' title='bbox 752 3642 1125 3722; x_wconf 89' lang='lat' dir='ltr'>depositum,</span> <span class='ocrx_word' id='word_1_277' title='bbox 1178 3643 1353 3722; x_wconf 89' lang='lat' dir='ltr'>quod</span> <span class='ocrx_word' id='word_1_278' title='bbox 1406 3644 1587 3702; x_wconf 89' lang='lat' dir='ltr'>nobis</span> <span class='ocrx_word' id='word_1_279' title='bbox 1640 3641 2031 3721; x_wconf 87' lang='lat' dir='ltr'>potissimum</span> <span class='ocrx_word' id='word_1_280' title='bbox 2084 3662 2115 3700; x_wconf 88' lang='lat' dir='ltr'>a</span> <span class='ocrx_word' id='word_1_281' title='bbox 2168 3638 2418 3700; x_wconf 89' lang='lat' dir='ltr'>Christo</span> <span class='ocrx_word' id='word_1_282' title='bbox 2467 3638 2743 3699; x_wconf 90' lang='lat' dir='ltr'>Domino</span> <span class='ocrx_word' id='word_1_283' title='bbox 2792 3637 2855 3697; x_wconf 90' lang='lat' dir='ltr'>in</span> <span class='ocrx_word' id='word_1_284' title='bbox 2903 3639 3094 3698; x_wconf 86' lang='lat' dir='ltr'>Beato</span> 
     </span>
     <span class='ocr_line' id='line_1_39' title="bbox 474 3744 3089 3831; baseline -0.003 -21"><span class='ocrx_word' id='word_1_285' title='bbox 474 3750 651 3811; x_wconf 84' lang='lat' dir='ltr'>Petro</span> <span class='ocrx_word' id='word_1_286' title='bbox 686 3751 989 3831; x_wconf 84' lang='lat' dir='ltr'>Apostolo</span> <span class='ocrx_word' id='word_1_287' title='bbox 1033 3766 1122 3810; x_wconf 90' lang='lat' dir='ltr'>est</span> <span class='ocrx_word' id='word_1_288' title='bbox 1168 3750 1490 3825; x_wconf 89' lang='lat' dir='ltr'>creditum,</span> <span class='ocrx_word' id='word_1_289' title='bbox 1539 3750 1831 3810; x_wconf 89' lang='lat' dir='ltr'>adversus</span> <span class='ocrx_word' id='word_1_290' title='bbox 1880 3767 2100 3809; x_wconf 87' lang='lat' dir='ltr'>omnes</span> <span class='ocrx_word' id='word_1_291' title='bbox 2149 3748 2488 3809; x_wconf 89' lang='lat' dir='ltr'>inferorum</span> <span class='ocrx_word' id='word_1_292' title='bbox 2542 3760 2746 3826; x_wconf 87' lang='lat' dir='ltr'>portas</span> <span class='ocrx_word' id='word_1_293' title='bbox 2780 3744 3089 3824; x_wconf 89' lang='lat' dir='ltr'>integrum</span> 
     </span>
     <span class='ocr_line' id='line_1_40' title="bbox 472 3850 3088 3937; baseline -0.003 -20"><span class='ocrx_word' id='word_1_294' title='bbox 472 3857 961 3937; x_wconf 88' lang='lat' dir='ltr'>inviolatumque</span> <span class='ocrx_word' id='word_1_295' title='bbox 1009 3857 1346 3928; x_wconf 86' lang='lat' dir='ltr'>custodire;</span> <span class='ocrx_word' id='word_1_296' title='bbox 1398 3855 1960 3935; x_wconf 88' lang='lat' dir='ltr'>Congregationem</span> <span class='ocrx_word' id='word_1_297' title='bbox 2011 3870 2253 3915; x_wconf 87' lang='lat' dir='ltr'>sanctae</span> <span class='ocrx_word' id='word_1_298' title='bbox 2288 3851 2708 3932; x_wconf 89' lang='lat' dir='ltr'>Inquisitionis</span> <span class='ocrx_word' id='word_1_299' title='bbox 2756 3850 3088 3911; x_wconf 87' lang='lat' dir='ltr'>haereticae</span> 
     </span>
     <span class='ocr_line' id='line_1_41' title="bbox 476 3957 3078 4045; baseline -0.003 -21"><span class='ocrx_word' id='word_1_300' title='bbox 476 3964 778 4045; x_wconf 89' lang='lat' dir='ltr'>pravitatis</span> <span class='ocrx_word' id='word_1_301' title='bbox 830 3983 1053 4044; x_wconf 87' lang='lat' dir='ltr'>magna</span> <span class='ocrx_word' id='word_1_302' title='bbox 1090 3964 1637 4026; x_wconf 80' lang='lat' dir='ltr'>Praedecessorum</span> <span class='ocrx_word' id='word_1_303' title='bbox 1688 3961 2090 4043; x_wconf 86' lang='lat' dir='ltr'>providentia,</span> <span class='ocrx_word' id='word_1_304' title='bbox 2140 3976 2459 4040; x_wconf 85' lang='lat' dir='ltr'>tamquam</span> <span class='ocrx_word' id='word_1_305' title='bbox 2512 3957 2936 4019; x_wconf 85' lang='lat' dir='ltr'>firmissimum</span> <span class='ocrx_word' id='word_1_306' title='bbox 2971 3958 3078 4018; x_wconf 83' lang='lat' dir='ltr'>Ca-</span> 
     </span>
     <span class='ocr_line' id='line_1_42' title="bbox 473 4064 3090 4152; baseline -0.003 -21"><span class='ocrx_word' id='word_1_307' title='bbox 473 4072 731 4133; x_wconf 88' lang='lat' dir='ltr'>tholicae</span> <span class='ocrx_word' id='word_1_308' title='bbox 767 4072 907 4132; x_wconf 87' lang='lat' dir='ltr'>fidei</span> <span class='ocrx_word' id='word_1_309' title='bbox 942 4071 1485 4152; x_wconf 89' lang='lat' dir='ltr'>propugnaculum</span> <span class='ocrx_word' id='word_1_310' title='bbox 1520 4071 1580 4131; x_wconf 90' lang='lat' dir='ltr'>in</span> <span class='ocrx_word' id='word_1_311' title='bbox 1618 4071 1781 4132; x_wconf 89' lang='lat' dir='ltr'>Urbe</span> <span class='ocrx_word' id='word_1_312' title='bbox 1818 4069 2188 4144; x_wconf 87' lang='lat' dir='ltr'>institutum,</span> <span class='ocrx_word' id='word_1_313' title='bbox 2242 4067 2341 4128; x_wconf 89' lang='lat' dir='ltr'>cui</span> <span class='ocrx_word' id='word_1_314' title='bbox 2375 4069 2455 4126; x_wconf 95' lang='lat' dir='ltr'>ob</span> <span class='ocrx_word' id='word_1_315' title='bbox 2488 4084 2803 4127; x_wconf 90' lang='lat' dir='ltr'>summam</span> <span class='ocrx_word' id='word_1_316' title='bbox 2838 4064 2919 4123; x_wconf 89' lang='lat' dir='ltr'>rei</span> <span class='ocrx_word' id='word_1_317' title='bbox 2955 4084 3090 4141; x_wconf 79' lang='lat' dir='ltr'>gra-</span> 
     </span>
     <span class='ocr_line' id='line_1_43' title="bbox 473 4171 3090 4258; baseline -0.003 -20"><span class='ocrx_word' id='word_1_318' title='bbox 473 4179 738 4252; x_wconf 86' lang='lat' dir='ltr'>vitatem,</span> <span class='ocrx_word' id='word_1_319' title='bbox 775 4180 1099 4239; x_wconf 85' lang='lat' dir='ltr'>Romanus</span> <span class='ocrx_word' id='word_1_320' title='bbox 1133 4177 1414 4239; x_wconf 88' lang='lat' dir='ltr'>Pontifex</span> <span class='ocrx_word' id='word_1_321' title='bbox 1464 4177 1805 4258; x_wconf 84' lang='lat' dir='ltr'>praesidere</span> <span class='ocrx_word' id='word_1_322' title='bbox 1854 4176 2024 4252; x_wconf 87' lang='lat' dir='ltr'>solet,</span> <span class='ocrx_word' id='word_1_323' title='bbox 2079 4196 2192 4235; x_wconf 91' lang='lat' dir='ltr'>nos</span> <span class='ocrx_word' id='word_1_324' title='bbox 2240 4193 2493 4255; x_wconf 87' lang='lat' dir='ltr'>quoque</span> <span class='ocrx_word' id='word_1_325' title='bbox 2542 4171 2988 4233; x_wconf 88' lang='lat' dir='ltr'>confirmamus</span> <span class='ocrx_word' id='word_1_326' title='bbox 3036 4188 3090 4230; x_wconf 89' lang='lat' dir='ltr'>et</span> 
     </span>
     <span class='ocr_line' id='line_1_44' title="bbox 471 4278 3089 4365; baseline -0.004 -19"><span class='ocrx_word' id='word_1_327' title='bbox 471 4288 965 4363; x_wconf 82' lang='lat' dir='ltr'>corroboramus,</span> <span class='ocrx_word' id='word_1_328' title='bbox 1011 4284 1301 4365; x_wconf 89' lang='lat' dir='ltr'>illiusque</span> <span class='ocrx_word' id='word_1_329' title='bbox 1347 4286 1556 4346; x_wconf 89' lang='lat' dir='ltr'>omnia</span> <span class='ocrx_word' id='word_1_330' title='bbox 1607 4285 1894 4356; x_wconf 88' lang='lat' dir='ltr'>instituta,</span> <span class='ocrx_word' id='word_1_331' title='bbox 1944 4302 2293 4361; x_wconf 89' lang='lat' dir='ltr'>omnesque</span> <span class='ocrx_word' id='word_1_332' title='bbox 2326 4296 2384 4341; x_wconf 90' lang='lat' dir='ltr'>et</span> <span class='ocrx_word' id='word_1_333' title='bbox 2415 4280 2692 4360; x_wconf 90' lang='lat' dir='ltr'>singulas</span> <span class='ocrx_word' id='word_1_334' title='bbox 2727 4278 3024 4339; x_wconf 84' lang='lat' dir='ltr'>fatultates</span> <span class='ocrx_word' id='word_1_335' title='bbox 3059 4301 3089 4336; x_wconf 83' lang='lat' dir='ltr'>a</span> 
     </span>
     <span class='ocr_line' id='line_1_45' title="bbox 473 4385 3090 4456; baseline -0.005 0"><span class='ocrx_word' id='word_1_336' title='bbox 473 4395 771 4456; x_wconf 86' lang='lat' dir='ltr'>Romanis</span> <span class='ocrx_word' id='word_1_337' title='bbox 805 4394 1205 4456; x_wconf 85' lang='lat' dir='ltr'>Pontificibus</span> <span class='ocrx_word' id='word_1_338' title='bbox 1243 4392 1819 4454; x_wconf 85' lang='lat' dir='ltr'>Praedecessoribus</span> <span class='ocrx_word' id='word_1_339' title='bbox 1869 4391 2094 4451; x_wconf 86' lang='lat' dir='ltr'>nostris</span> <span class='ocrx_word' id='word_1_340' title='bbox 2142 4387 2574 4451; x_wconf 88' lang='lat' dir='ltr'>Cardinalibus</span> <span class='ocrx_word' id='word_1_341' title='bbox 2623 4388 2698 4446; x_wconf 91' lang='lat' dir='ltr'>ad</span> <span class='ocrx_word' id='word_1_342' title='bbox 2749 4404 2884 4445; x_wconf 88' lang='lat' dir='ltr'>eam</span> <span class='ocrx_word' id='word_1_343' title='bbox 2918 4385 3090 4446; x_wconf 88' lang='lat' dir='ltr'>Con-</span> 
     </span>
     <span class='ocr_line' id='line_1_46' title="bbox 469 4492 3091 4582; baseline -0.005 -20"><span class='ocrx_word' id='word_1_344' title='bbox 469 4503 892 4581; x_wconf 83' lang='lat' dir='ltr'>gregationem</span> <span class='ocrx_word' id='word_1_345' title='bbox 956 4522 1069 4582; x_wconf 90' lang='lat' dir='ltr'>pro</span> <span class='ocrx_word' id='word_1_346' title='bbox 1132 4518 1407 4582; x_wconf 89' lang='lat' dir='ltr'>tempore</span> <span class='ocrx_word' id='word_1_347' title='bbox 1454 4500 1702 4560; x_wconf 89' lang='lat' dir='ltr'>delectis</span> <span class='ocrx_word' id='word_1_348' title='bbox 1749 4518 2090 4568; x_wconf 76' lang='lat' dir='ltr'>concessa5,</span> <span class='ocrx_word' id='word_1_349' title='bbox 2138 4515 2518 4575; x_wconf 89' lang='lat' dir='ltr'>omnemque</span> <span class='ocrx_word' id='word_1_350' title='bbox 2566 4492 2983 4555; x_wconf 85' lang='lat' dir='ltr'>auctoritatem</span> <span class='ocrx_word' id='word_1_351' title='bbox 3036 4508 3091 4550; x_wconf 91' lang='lat' dir='ltr'>et</span> 
     </span>
     <span class='ocr_line' id='line_1_47' title="bbox 471 4600 3086 4690; baseline -0.005 -20"><span class='ocrx_word' id='word_1_352' title='bbox 471 4626 831 4690; x_wconf 90' lang='lat' dir='ltr'>potestatem</span> <span class='ocrx_word' id='word_1_353' title='bbox 867 4609 951 4668; x_wconf 91' lang='lat' dir='ltr'>eis</span> <span class='ocrx_word' id='word_1_354' title='bbox 986 4607 1527 4679; x_wconf 88' lang='lat' dir='ltr'>communicatam,</span> <span class='ocrx_word' id='word_1_355' title='bbox 1560 4607 1784 4668; x_wconf 87' lang='lat' dir='ltr'>scilicet</span> <span class='ocrx_word' id='word_1_356' title='bbox 1815 4605 2191 4686; x_wconf 89' lang='lat' dir='ltr'>inquirendi,</span> <span class='ocrx_word' id='word_1_357' title='bbox 2233 4604 2478 4680; x_wconf 83' lang='lat' dir='ltr'>citandi,</span> <span class='ocrx_word' id='word_1_358' title='bbox 2516 4600 2913 4684; x_wconf 86' lang='lat' dir='ltr'>procedendi,</span> <span class='ocrx_word' id='word_1_359' title='bbox 2948 4617 3086 4657; x_wconf 90' lang='lat' dir='ltr'>sen·</span> 
     </span>
     <span class='ocr_line' id='line_1_48' title="bbox 468 4706 3090 4791; baseline -0.006 -14"><span class='ocrx_word' id='word_1_360' title='bbox 468 4717 789 4791; x_wconf 89' lang='lat' dir='ltr'>tentiandi,</span> <span class='ocrx_word' id='word_1_361' title='bbox 821 4732 879 4777; x_wconf 92' lang='lat' dir='ltr'>et</span> <span class='ocrx_word' id='word_1_362' title='bbox 909 4715 1249 4776; x_wconf 86' lang='lat' dir='ltr'>definiendi</span> <span class='ocrx_word' id='word_1_363' title='bbox 1283 4716 1345 4775; x_wconf 87' lang='lat' dir='ltr'>in</span> <span class='ocrx_word' id='word_1_364' title='bbox 1380 4716 1673 4775; x_wconf 89' lang='lat' dir='ltr'>omnibus</span> <span class='ocrx_word' id='word_1_365' title='bbox 1707 4714 1921 4788; x_wconf 87' lang='lat' dir='ltr'>causis,</span> <span class='ocrx_word' id='word_1_366' title='bbox 1956 4729 2080 4773; x_wconf 88' lang='lat' dir='ltr'>tam</span> <span class='ocrx_word' id='word_1_367' title='bbox 2119 4710 2417 4771; x_wconf 86' lang='lat' dir='ltr'>haeresim</span> <span class='ocrx_word' id='word_1_368' title='bbox 2452 4706 2862 4783; x_wconf 87' lang='lat' dir='ltr'>manifestam,</span> <span class='ocrx_word' id='word_1_369' title='bbox 2896 4724 3090 4784; x_wconf 85' lang='lat' dir='ltr'>quam</span> 
     </span>
     <span class='ocr_line' id='line_1_49' title="bbox 469 4816 3088 4903; baseline -0.005 -20"><span class='ocrx_word' id='word_1_370' title='bbox 469 4824 812 4897; x_wconf 85' lang='lat' dir='ltr'>schismata,</span> <span class='ocrx_word' id='word_1_371' title='bbox 849 4823 1232 4903; x_wconf 81' lang='lat' dir='ltr'>Apostasiam</span> <span class='ocrx_word' id='word_1_372' title='bbox 1281 4843 1312 4882; x_wconf 90' lang='lat' dir='ltr'>a</span> <span class='ocrx_word' id='word_1_373' title='bbox 1362 4820 1501 4897; x_wconf 83' lang='lat' dir='ltr'>fide,</span> <span class='ocrx_word' id='word_1_374' title='bbox 1549 4821 1836 4897; x_wconf 85' lang='lat' dir='ltr'>magiam,</span> <span class='ocrx_word' id='word_1_375' title='bbox 1888 4818 2216 4898; x_wconf 88' lang='lat' dir='ltr'>sortilegia,</span> <span class='ocrx_word' id='word_1_376' title='bbox 2266 4816 2696 4887; x_wconf 80' lang='lat' dir='ltr'>divinationes,</span> <span class='ocrx_word' id='word_1_377' title='bbox 2743 4830 3088 4874; x_wconf 82' lang='lat' dir='ltr'>sacramen—</span> 
     </span>
     <span class='ocr_line' id='line_1_50' title="bbox 470 4918 3086 5011; baseline -0.005 -21"><span class='ocrx_word' id='word_1_378' title='bbox 470 4947 677 4992; x_wconf 89' lang='lat' dir='ltr'>torum</span> <span class='ocrx_word' id='word_1_379' title='bbox 712 4933 959 5005; x_wconf 79' lang='lat' dir='ltr'>abusuS,</span> <span class='ocrx_word' id='word_1_380' title='bbox 1006 4947 1063 4991; x_wconf 94' lang='lat' dir='ltr'>et</span> <span class='ocrx_word' id='word_1_381' title='bbox 1111 4948 1547 5011; x_wconf 83' lang='lat' dir='ltr'>quaecumque</span> <span class='ocrx_word' id='word_1_382' title='bbox 1583 4928 1712 5003; x_wconf 86' lang='lat' dir='ltr'>alia,</span> <span class='ocrx_word' id='word_1_383' title='bbox 1748 4946 1906 5006; x_wconf 86' lang='lat' dir='ltr'>quae</span> <span class='ocrx_word' id='word_1_384' title='bbox 1941 4927 2126 4986; x_wconf 89' lang='lat' dir='ltr'>etiam</span> <span class='ocrx_word' id='word_1_385' title='bbox 2167 4938 2625 5005; x_wconf 88' lang='lat' dir='ltr'>praesumptam</span> <span class='ocrx_word' id='word_1_386' title='bbox 2661 4918 2959 4980; x_wconf 84' lang='lat' dir='ltr'>haeresim</span> <span class='ocrx_word' id='word_1_387' title='bbox 2996 4940 3086 4978; x_wconf 81' lang='lat' dir='ltr'>sa-</span> 
     </span>
    </p>
   </div>
  </div>
 </body>
</html>
