3684 5416
371 1731 416 1762 to

370 2265 413 2309 ¹5

367 3426 417 3470 ²5

368 3962 420 4003 ‘30

368 4495 418 4539 35

467 514 638 594 scopi
672 514 938 595 paternis
971 513 1520 591 admonitionibus,
1558 529 1621 573 ut
1652 533 1874 576 eorum
1907 514 2289 593 regularium
2309 515 2658 596 superiores
2680 514 2846 576 iuxta
2867 535 3084 577 eorum

469 620 769 700 regularia
817 621 1089 681 instituta
1136 620 1403 681 debitam
1438 620 1683 680 vivendi
1716 621 2017 682 rationem
2056 623 2384 683 observent
2417 637 2475 682 et
2507 622 2817 683 observari
2850 622 3090 695 faciant,

468 744 523 788 et
555 726 667 787 sibi
700 727 981 788 subditos
1012 722 1079 787 in
1112 725 1319 788 officio
1354 727 1708 788 contineant
1741 747 1809 788 ac
1845 729 2270 791 moderentur.
2304 727 2498 803 Quod
2520 730 2568 788 si
2591 729 2895 790 admoniti
2930 731 3086 791 intra

468 855 571 894 sex
604 852 846 894 menses
892 852 999 893 eos
1044 851 1174 893 non
1209 832 1579 894 visitaverint
1616 835 1708 895 vel
1744 835 2140 912 correxerint,
2171 850 2322 895 tunc
2358 834 2544 895 iidem
2578 836 2870 918 episcopi,
2905 837 3088 897 etiam

472 955 536 1001 ut
568 939 822 1018 delegati
855 940 1017 1001 sedis
1049 940 1438 1022 apostolicae,
1474 959 1580 1002 eos
1613 942 1857 1003 visitare
1891 942 2126 1022 possint
2161 957 2219 1003 et
2252 941 2574 1021 corrigere,
2610 959 2795 1025 prout
2828 943 2945 1024 ipsi
2978 963 3075 1003 su-

469 1047 738 1126 periores
772 1064 1022 1126 possent
1058 1047 1221 1107 iuxta
1254 1067 1476 1108 eorum
1509 1047 1816 1120 instituta3
1869 1048 2354 1128 quibuscunque
2389 1049 2923 1131 appellationibus,
2961 1052 3084 1131 pri·

471 1151 702 1231 vilegiis
734 1169 792 1213 et
824 1154 1323 1234 exemptionibus
1354 1154 1599 1235 penitus
1632 1155 1884 1216 remotis
1917 1171 1973 1216 et
2006 1175 2137 1217 non
2171 1156 2573 1217 obstantibus.
2611 1155 2666 1236 [1.
2686 1177 2733 1217 c.
2757 1177 2892 1239 pag.
2927 1156 3087 1237 122]

1076 1385 1349 1446 Sessio
1396 1382 1669 1447 XXIV.
1734 1386 1838 1448 De
1886 1386 2491 1448 reformatione.

705 1575 769 1629 C.
810 1575 901 1628 lx.
957 1579 1005 1627 Α
1045 1593 1150 1644 quo
1188 1579 1405 1631 vtse'tart'
1438 1578 1671 1628 debeant
1704 1579 1958 1629 ccclesiae
1993 1581 2298 1630 saeculares
2340 1581 2545 1631 nullius
2583 1580 2852 1632 dioecesis,

682 1703 861 1779 Quae
913 1705 1060 1765 alias
1109 1707 1225 1767 sub
1274 1707 1369 1767 fel.
1403 1725 1518 1768 rec.
1554 1706 1747 1767 Paulo
1780 1706 1870 1769 111.
1904 1723 1963 1768 et
2011 1727 2210 1789 nuper
2257 1711 2374 1770 sub
2422 1709 2774 1770 beatissimo
2822 1709 3088 1770 domino

473 1827 683 1872 nostro
715 1812 826 1873 Pio
859 1813 956 1873 lV.
991 1813 1055 1872 in
1095 1813 1217 1874 hoc
1250 1814 1473 1874 eodem
1509 1813 1774 1875 concilio
1807 1815 1884 1875 de
1919 1815 2274 1876 adhibenda
2308 1818 2382 1875 ab
2417 1815 2743 1876 ordinariis
2777 1817 3087 1895 diligentia

471 1919 532 1979 in
565 1917 1030 1997 beneficiorum,
1064 1919 1245 1979 etiam
1280 1935 1727 2001 exemptorum,
1761 1920 2108 1983 visitatione
2128 1922 2451 1983 constituta
2476 1939 2641 1999 sunt,
2666 1923 2881 1983 eadem
2903 1924 3088 1983 etiam

471 2025 534 2085 in
581 2026 655 2085 iis
701 2026 975 2086 ecclesiis
1020 2026 1436 2088 saecularibus
1487 2029 1908 2104 observentur,
1958 2047 2116 2108 quae
2169 2029 2231 2089 in
2265 2028 2496 2090 nullius
2530 2029 2796 2090 dioecesi
2828 2049 2959 2089 esse
2994 2030 3085 2089 di-

471 2148 711 2206 cuntur,
745 2147 811 2193 ut
843 2134 917 2192 ab
950 2133 1262 2215 episcop0,
1298 2134 1473 2197 cuius
1506 2133 1868 2195 cathedralis
1901 2134 2154 2195 ecclesia
2176 2150 2265 2195 est
2288 2134 2646 2215 proximior,
2671 2135 2720 2194 si
2745 2135 2806 2195 id
2828 2152 3086 2210 constet,

471 2238 745 2319 alioquin
775 2242 851 2299 ab
885 2259 981 2317 e0,
1015 2241 1125 2321 qui
1159 2242 1347 2301 semel
1382 2241 1447 2301 in
1479 2240 1745 2302 concilio
1780 2240 2136 2321 provinciali
2173 2261 2206 2301 a
2239 2241 2507 2322 praelato
2527 2241 2648 2302 loci
2669 2241 2836 2303 illius
2857 2242 3091 2302 electus

472 2344 667 2421 fuerit,
699 2363 995 2427 tanquam
1027 2346 1189 2407 sedis
1221 2346 1592 2427 apostolicae
1626 2348 1908 2429 delegato
1941 2347 2294 2418 visitentur;
2360 2366 2487 2409 non
2541 2349 2930 2409 obstantibus
2965 2348 3085 2429 pri-

472 2452 705 2534 vilegiis
749 2469 806 2514 et
851 2454 1409 2515 consuetudinibus
1455 2454 1960 2535 quibuscunque,
2006 2455 2187 2515 etiam
2236 2454 2853 2516 immemorabilibuS.
2926 2453 2983 2534 [1.
3038 2474 3086 2516 c.

474 2580 607 2640 pag·
648 2559 815 2641 345·]

1090 2703 1358 2766 Sessio
1408 2703 1623 2765 XXV.
1689 2705 1791 2765 De
1839 2704 2443 2768 reformatione.

475 2868 538 2921 (3.
568 2868 633 2923 X.
688 2870 898 2923 Iudices
936 2889 968 2922 α
1008 2871 1207 2939 synodo
1243 2870 1591 2939 designandi,
1633 2872 1732 2939 qui
1765 2872 2090 2940 delegentur
2126 2887 2160 2923 a
2199 2872 2322 2923 sede
2359 2872 2687 2941 apostolica:
2738 2888 2771 2923 a
2810 2873 3001 2940 quibus
3039 2877 3094 2924 et

1163 2951 1465 3004 ordinariis
1502 2968 1700 3004 causae
1737 2953 1966 3005 breviter
2004 2952 2396 3004 terminandae.

687 3077 1006 3154 Quoniam
1053 3081 1136 3140 ob
1183 3079 1551 3141 malitiosam
1599 3080 1944 3160 petentium
1975 3080 2460 3160 suggestionem,
2496 3095 2555 3140 et
2586 3081 2971 3161 quandoque
3005 3082 3089 3141 ob

472 3186 758 3248 locorum
808 3186 1349 3267 longinquitatem,
1402 3206 1808 3268 personarum
1860 3187 2090 3265 notitia,
2139 3186 2366 3268 quibus
2417 3207 2636 3248 causae
2691 3188 3086 3257 mandantur,

475 3313 671 3373 usque
717 3293 874 3355 adeo
922 3294 1130 3354 haberi
1176 3312 1307 3354 non
1353 3309 1568 3376 potest,
1601 3294 1872 3375 hincque
1905 3295 2221 3355 interdum
2255 3294 2568 3355 iudicibus
2601 3313 2730 3355 non
2764 3295 3089 3374 undequa-

474 3420 593 3480 que
643 3400 882 3461 idoneis
929 3421 1147 3462 causae
1198 3402 1259 3463 in
1305 3402 1578 3483 partibus
1624 3402 2005 3482 delegantur,
2051 3401 2258 3461 statuit
2289 3415 2495 3460 sancta
2528 3400 2827 3480 synodus,
2865 3400 2926 3459 in
2961 3401 3086 3459 sin·

473 3507 632 3584 gulis
682 3507 955 3569 conciliis
1000 3508 1476 3589 provincialibus
1521 3523 1628 3569 aut
1674 3508 2057 3568 dioecesanis
2104 3507 2343 3587 aliquot
2377 3524 2694 3587 personaS,
2731 3525 2890 3584 quae
2925 3526 3084 3584 qua-

473 3613 667 3675 litates
699 3615 963 3676 habeant
996 3615 1159 3676 iuxta
1193 3615 1702 3677 constitutionem
1738 3613 2033 3675 Bonifacii
2071 3614 2234 3691 V111.,
2268 3634 2430 3694 quae
2462 3611 2703 3692 incipit:
2756 3612 3088 3684 Statutum,

473 3736 530 3780 et
581 3720 860 3802 alioquin
911 3723 986 3783 ad
1037 3723 1096 3783 id
1144 3738 1313 3804 aptas
1360 3723 1683 3802 designari,
1733 3737 1800 3782 ut
1833 3736 2072 3802 praeter
2105 3720 2447 3781 ordinarios
2481 3719 2770 3780 locorum
2803 3719 2872 3779 iis
2906 3719 3086 3779 etiam

474 3829 729 3909 posthac
773 3849 989 3891 causae
1035 3831 1469 3892 ecclesiasticae
1515 3850 1584 3891 ac
1615 3829 1956 3911 spirituales
1990 3843 2047 3888 et
2078 3829 2154 3889 ad
2191 3828 2397 3889 forum
2436 3826 2916 3887 ecclesiasticum
2952 3847 3090 3904 per-

473 3933 741 3997 tinentes
791 3936 855 3996 in
907 3938 1177 4017 partibus
1229 3937 1603 4016 delegandae
1650 3936 2140 3998 committantur.
2204 3936 2278 3995 Et
2326 3934 2375 3994 si
2422 3934 2697 4013 aliquem
2744 3932 2987 3993 interim
3020 3953 3090 3991 ex

474 4041 803 4120 designatis
848 4045 1008 4105 mori
1056 4044 1395 4124 contigerit,
1443 4044 1769 4104 substituat
1817 4044 2170 4105 ordinarius
2215 4042 2335 4103 loci
2369 4061 2512 4102 curn
2547 4040 2808 4101 consilio
2842 4038 3091 4118 capituli

474 4148 663 4209 alium
697 4149 757 4210 in
790 4150 921 4211 eius
952 4151 1163 4212 locum
1195 4171 1398 4231 usque
1430 4152 1507 4212 ad
1544 4152 1814 4212 futuram
1850 4150 2290 4231 provincialem
2323 4163 2429 4210 aut
2448 4148 2876 4209 dioecesanam
2901 4164 3090 4227 syuo-

475 4256 647 4333 dum,
685 4257 764 4319 ita
798 4274 865 4318 ut
897 4259 1115 4319 habeat
1147 4278 1433 4339 quaeque
1467 4258 1764 4319 dioecesis
1798 4273 2069 4337 quatuor
2100 4258 2317 4318 saltem
2350 4271 2458 4317 aut
2491 4256 2676 4315 etiam
2711 4255 2916 4334 plures
2950 4272 3092 4333 pro-

476 4365 643 4424 batas
675 4384 968 4445 personas
1002 4386 1070 4426 ac
1103 4381 1168 4425 ut
1198 4385 1380 4447 supra
1415 4365 1811 4445 qualificataS,
1837 4365 2069 4445 quibus
2094 4362 2458 4426 huiusmodi
2493 4381 2711 4423 causae
2744 4383 2778 4422 a
2810 4360 3092 4441 quolibet

474 4469 674 4552 legato
726 4472 823 4532 vel
872 4472 1125 4551 nunciO,
1170 4489 1351 4552 atque
1398 4473 1581 4533 etiam
1627 4494 1658 4532 a
1702 4472 1847 4533 sede
1880 4472 2214 4552 apostolica
2247 4470 2728 4531 committantur.
2789 4468 3092 4547 Alioquin

477 4593 613 4658 post
660 4579 1146 4658 designationem
1194 4580 1432 4656 factam,
1479 4599 1669 4660 quam
1715 4578 1913 4639 statim
1956 4577 2225 4659 episcopi
2260 4579 2337 4638 ad
2369 4595 2693 4638 summum
2730 4575 3093 4635 Romanum

477 4685 836 4747 Pontificem
887 4687 1312 4757 transmittant,
1367 4686 1781 4765 delegationes
1833 4705 2248 4766 quaecunque
2299 4685 2567 4746 aliorum
2620 4682 2915 4753 iudicum,
2964 4680 3096 4740 aliis

478 4812 668 4872 quam
716 4794 809 4853 his
856 4794 1062 4871 factae,
1110 4794 1488 4875 surreptitiae
1522 4809 1902 4854 censeantur.
1966 4794 2286 4854 Admonet
2321 4793 2545 4853 dehinc
2579 4807 2781 4853 sancta
2817 4790 3095 4871 synodus

476 4914 603 4961 tam
655 4901 999 4962 ordinarios
1049 4922 1235 4982 quam
1290 4901 1440 4963 alios
1504 4919 1920 4981 quoscunque
1983 4900 2239 4976 iudices,
2304 4915 2368 4961 ut
2430 4899 2831 4960 terminandis
2894 4897 3096 4958 causis
