<?xml version="1.0" encoding="UTF-8"?>
<!DOCTYPE html PUBLIC "-//W3C//DTD XHTML 1.0 Transitional//EN"
    "http://www.w3.org/TR/xhtml1/DTD/xhtml1-transitional.dtd">
<html xmlns="http://www.w3.org/1999/xhtml" xml:lang="en" lang="en">
 <head>
  <title>
</title>
<meta http-equiv="Content-Type" content="text/html;charset=utf-8" />
  <meta name='ocr-system' content='tesseract 3.04.00' />
  <meta name='ocr-capabilities' content='ocr_page ocr_carea ocr_par ocr_line ocrx_word'/>
</head>
<body>
  <div class='ocr_page' id='page_1' title='image "./fontesiuriscano00unkngoog_0166.png"; bbox 0 0 3684 5416; ppageno 0'>
   <div class='ocr_carea' id='block_1_1' title="bbox 532 1561 583 1593">
    <p class='ocr_par' dir='ltr' id='par_1_1' title="bbox 532 1561 583 1593">
     <span class='ocr_line' id='line_1_1' title="bbox 532 1561 583 1593; baseline -0.02 0"><span class='ocrx_word' id='word_1_1' title='bbox 532 1561 583 1593; x_wconf 81' lang='lat' dir='ltr'>to</span> 
     </span>
    </p>
   </div>
   <div class='ocr_carea' id='block_1_2' title="bbox 534 2093 580 2138">
    <p class='ocr_par' dir='ltr' id='par_1_2' title="bbox 534 2093 580 2138">
     <span class='ocr_line' id='line_1_2' title="bbox 534 2093 580 2138; baseline 0 0"><span class='ocrx_word' id='word_1_2' title='bbox 534 2093 580 2138; x_wconf 82' lang='lat'>¹5</span> 
     </span>
    </p>
   </div>
   <div class='ocr_carea' id='block_1_3' title="bbox 530 3168 580 3212">
    <p class='ocr_par' dir='ltr' id='par_1_3' title="bbox 530 3168 580 3212">
     <span class='ocr_line' id='line_1_3' title="bbox 530 3168 580 3212; baseline 0 0"><span class='ocrx_word' id='word_1_3' title='bbox 530 3168 580 3212; x_wconf 81' lang='lat'>²5</span> 
     </span>
    </p>
   </div>
   <div class='ocr_carea' id='block_1_4' title="bbox 530 3702 584 3746">
    <p class='ocr_par' dir='ltr' id='par_1_4' title="bbox 530 3702 584 3746">
     <span class='ocr_line' id='line_1_4' title="bbox 530 3702 584 3746; baseline 0 -13"><span class='ocrx_word' id='word_1_4' title='bbox 530 3702 584 3746; x_wconf 77' lang='lat'>30</span> 
     </span>
    </p>
   </div>
   <div class='ocr_carea' id='block_1_5' title="bbox 531 4242 581 4286">
    <p class='ocr_par' dir='ltr' id='par_1_5' title="bbox 531 4242 581 4286">
     <span class='ocr_line' id='line_1_5' title="bbox 531 4242 581 4286; baseline -0.02 0"><span class='ocrx_word' id='word_1_5' title='bbox 531 4242 581 4286; x_wconf 83' lang='lat'>35</span> 
     </span>
    </p>
   </div>
   <div class='ocr_carea' id='block_1_6' title="bbox 648 391 2625 462">
    <p class='ocr_par' dir='ltr' id='par_1_6' title="bbox 648 391 2625 462">
     <span class='ocr_line' id='line_1_6' title="bbox 648 391 2625 462; baseline 0.001 -18"><span class='ocrx_word' id='word_1_6' title='bbox 648 391 742 445; x_wconf 81' lang='lat'>126</span> <span class='ocrx_word' id='word_1_7' title='bbox 1278 394 1539 447; x_wconf 81' lang='lat' dir='ltr'>Potestas</span> <span class='ocrx_word' id='word_1_8' title='bbox 1579 392 1960 447; x_wconf 81' lang='lat' dir='ltr'>ecclesiastica</span> <span class='ocrx_word' id='word_1_9' title='bbox 2004 405 2063 447; x_wconf 90' lang='lat' dir='ltr'>et</span> <span class='ocrx_word' id='word_1_10' title='bbox 2099 391 2405 462; x_wconf 83' lang='lat' dir='ltr'>imperium</span> <span class='ocrx_word' id='word_1_11' title='bbox 2443 392 2625 447; x_wconf 69' lang='lat' dir='ltr'>civile.</span> 
     </span>
    </p>
   </div>
   <div class='ocr_carea' id='block_1_7' title="bbox 633 573 3247 5051">
    <p class='ocr_par' dir='ltr' id='par_1_7' title="bbox 633 573 3247 2479">
     <span class='ocr_line' id='line_1_7' title="bbox 636 573 3246 656; baseline -0.001 -20"><span class='ocrx_word' id='word_1_12' title='bbox 636 575 787 650; x_wconf 84' lang='lat' dir='ltr'>niel,</span> <span class='ocrx_word' id='word_1_13' title='bbox 818 573 986 655; x_wconf 76' lang='lat' dir='ltr'>xlm.</span> <span class='ocrx_word' id='word_1_14' title='bbox 1050 576 1107 637; x_wconf 93' lang='lat' dir='ltr'>O</span> <span class='ocrx_word' id='word_1_15' title='bbox 1157 575 1656 650; x_wconf 82' lang='lat' dir='ltr'>christianissimi,</span> <span class='ocrx_word' id='word_1_16' title='bbox 1707 596 1845 637; x_wconf 89' lang='lat' dir='ltr'>ecce</span> <span class='ocrx_word' id='word_1_17' title='bbox 1894 593 2196 639; x_wconf 88' lang='lat' dir='ltr'>venerunt</span> <span class='ocrx_word' id='word_1_18' title='bbox 2242 576 2421 638; x_wconf 90' lang='lat' dir='ltr'>nobis</span> <span class='ocrx_word' id='word_1_19' title='bbox 2468 576 2596 636; x_wconf 88' lang='lat' dir='ltr'>dies</span> <span class='ocrx_word' id='word_1_20' title='bbox 2644 574 2991 655; x_wconf 83' lang='lat' dir='ltr'>angustiae;</span> <span class='ocrx_word' id='word_1_21' title='bbox 3046 590 3246 656; x_wconf 87' lang='lat' dir='ltr'>presto</span> 
     </span>
     <span class='ocr_line' id='line_1_8' title="bbox 637 680 3245 765; baseline 0 -23"><span class='ocrx_word' id='word_1_22' title='bbox 637 699 782 742; x_wconf 91' lang='lat' dir='ltr'>sunt</span> <span class='ocrx_word' id='word_1_23' title='bbox 828 681 955 743; x_wconf 91' lang='lat' dir='ltr'>dies</span> <span class='ocrx_word' id='word_1_24' title='bbox 1002 681 1182 743; x_wconf 88' lang='lat' dir='ltr'>fletus</span> <span class='ocrx_word' id='word_1_25' title='bbox 1215 698 1274 743; x_wconf 90' lang='lat' dir='ltr'>et</span> <span class='ocrx_word' id='word_1_26' title='bbox 1307 683 1748 759; x_wconf 79' lang='lat' dir='ltr'>amaritudinis,</span> <span class='ocrx_word' id='word_1_27' title='bbox 1800 685 2120 765; x_wconf 81' lang='lat' dir='ltr'>quoniam,</span> <span class='ocrx_word' id='word_1_28' title='bbox 2155 685 2325 764; x_wconf 85' lang='lat' dir='ltr'>quod</span> <span class='ocrx_word' id='word_1_29' title='bbox 2359 683 2727 744; x_wconf 80' lang='lat' dir='ltr'>timebamus</span> <span class='ocrx_word' id='word_1_30' title='bbox 2759 704 2790 742; x_wconf 91' lang='lat' dir='ltr'>a</span> <span class='ocrx_word' id='word_1_31' title='bbox 2826 680 3245 761; x_wconf 86' lang='lat' dir='ltr'>Langobardis</span> 
     </span>
     <span class='ocr_line' id='line_1_9' title="bbox 636 788 3243 871; baseline -0 -21"><span class='ocrx_word' id='word_1_32' title='bbox 636 790 857 851; x_wconf 90' lang='lat' dir='ltr'>evenit.</span> <span class='ocrx_word' id='word_1_33' title='bbox 923 791 1041 851; x_wconf 88' lang='lat' dir='ltr'>Pro</span> <span class='ocrx_word' id='word_1_34' title='bbox 1074 810 1197 871; x_wconf 90' lang='lat' dir='ltr'>qua</span> <span class='ocrx_word' id='word_1_35' title='bbox 1230 790 1571 870; x_wconf 81' lang='lat' dir='ltr'>angustiati,</span> <span class='ocrx_word' id='word_1_36' title='bbox 1604 790 1828 868; x_wconf 88' lang='lat' dir='ltr'>afflicti,</span> <span class='ocrx_word' id='word_1_37' title='bbox 1869 808 1924 851; x_wconf 88' lang='lat' dir='ltr'>et</span> <span class='ocrx_word' id='word_1_38' title='bbox 1958 811 2029 853; x_wconf 87' lang='lat' dir='ltr'>ex</span> <span class='ocrx_word' id='word_1_39' title='bbox 2064 791 2234 853; x_wconf 84' lang='lat' dir='ltr'>omni</span> <span class='ocrx_word' id='word_1_40' title='bbox 2269 791 2751 871; x_wconf 79' lang='lat' dir='ltr'>circumquaque</span> <span class='ocrx_word' id='word_1_41' title='bbox 2785 805 2951 870; x_wconf 88' lang='lat' dir='ltr'>parte</span> <span class='ocrx_word' id='word_1_42' title='bbox 2984 788 3243 850; x_wconf 90' lang='lat' dir='ltr'>circum—</span> 
     </span>
     <span class='ocr_line' id='line_1_10' title="bbox 635 897 3245 980; baseline -0.001 -21"><span class='ocrx_word' id='word_1_43' title='bbox 635 899 778 973; x_wconf 88' lang='lat' dir='ltr'>dati,</span> <span class='ocrx_word' id='word_1_44' title='bbox 811 901 888 960; x_wconf 88' lang='lat' dir='ltr'>ab</span> <span class='ocrx_word' id='word_1_45' title='bbox 920 918 1140 960; x_wconf 90' lang='lat' dir='ltr'>eorum</span> <span class='ocrx_word' id='word_1_46' title='bbox 1174 899 1569 979; x_wconf 89' lang='lat' dir='ltr'>nequissimo</span> <span class='ocrx_word' id='word_1_47' title='bbox 1605 899 1917 961; x_wconf 87' lang='lat' dir='ltr'>Haistulfo</span> <span class='ocrx_word' id='word_1_48' title='bbox 1938 919 2081 978; x_wconf 84' lang='lat' dir='ltr'>rege</span> <span class='ocrx_word' id='word_1_49' title='bbox 2103 915 2160 959; x_wconf 89' lang='lat' dir='ltr'>et</span> <span class='ocrx_word' id='word_1_50' title='bbox 2180 915 2379 980; x_wconf 80' lang='lat' dir='ltr'>gente,</span> <span class='ocrx_word' id='word_1_51' title='bbox 2415 917 2557 959; x_wconf 89' lang='lat' dir='ltr'>cum</span> <span class='ocrx_word' id='word_1_52' title='bbox 2579 899 2877 980; x_wconf 84' lang='lat' dir='ltr'>propheta</span> <span class='ocrx_word' id='word_1_53' title='bbox 2904 897 3245 958; x_wconf 88' lang='lat' dir='ltr'>Dominum</span> 
     </span>
     <span class='ocr_line' id='line_1_11' title="bbox 636 1003 3243 1088; baseline 0 -23"><span class='ocrx_word' id='word_1_54' title='bbox 636 1007 1032 1088; x_wconf 87' lang='lat' dir='ltr'>deprecantes</span> <span class='ocrx_word' id='word_1_55' title='bbox 1067 1006 1361 1067; x_wconf 88' lang='lat' dir='ltr'>dicimus:</span> <span class='ocrx_word' id='word_1_56' title='bbox 1429 1008 1671 1067; x_wconf 80' lang='lat' dir='ltr'>Ade&#39;uva</span> <span class='ocrx_word' id='word_1_57' title='bbox 1705 1028 1839 1081; x_wconf 79' lang='lat' dir='ltr'>nos,</span> <span class='ocrx_word' id='word_1_58' title='bbox 1872 1007 2071 1078; x_wconf 82' lang='lat' dir='ltr'>Deus,</span> <span class='ocrx_word' id='word_1_59' title='bbox 2104 1006 2405 1066; x_wconf 79' lang='lat' dir='ltr'>salutaris</span> <span class='ocrx_word' id='word_1_60' title='bbox 2436 1012 2664 1079; x_wconf 80' lang='lat' dir='ltr'>noster,</span> <span class='ocrx_word' id='word_1_61' title='bbox 2697 1011 2757 1065; x_wconf 82' lang='lat' dir='ltr'>et</span> <span class='ocrx_word' id='word_1_62' title='bbox 2774 1011 3033 1086; x_wconf 81' lang='lat' dir='ltr'>propter</span> <span class='ocrx_word' id='word_1_63' title='bbox 3064 1003 3243 1066; x_wconf 80' lang='lat' dir='ltr'>hono·</span> 
     </span>
     <span class='ocr_line' id='line_1_12' title="bbox 635 1109 3245 1193; baseline -0.001 -20"><span class='ocrx_word' id='word_1_64' title='bbox 635 1134 760 1174; x_wconf 88' lang='lat' dir='ltr'>rem</span> <span class='ocrx_word' id='word_1_65' title='bbox 812 1115 1079 1174; x_wconf 83' lang='lat' dir='ltr'>nominis</span> <span class='ocrx_word' id='word_1_66' title='bbox 1129 1116 1225 1174; x_wconf 84' lang='lat' dir='ltr'>tui</span> <span class='ocrx_word' id='word_1_67' title='bbox 1272 1113 1469 1174; x_wconf 81' lang='lat' dir='ltr'>libera</span> <span class='ocrx_word' id='word_1_68' title='bbox 1520 1134 1657 1188; x_wconf 80' lang='lat' dir='ltr'>n05,</span> <span class='ocrx_word' id='word_1_69' title='bbox 1709 1111 1893 1193; x_wconf 83' lang='lat' dir='ltr'>[Psal.</span> <span class='ocrx_word' id='word_1_70' title='bbox 1958 1111 2300 1192; x_wconf 80' lang='lat' dir='ltr'>Lxxv111].</span> <span class='ocrx_word' id='word_1_71' title='bbox 2382 1113 2456 1173; x_wconf 81' lang='lat' dir='ltr'>Et</span> <span class='ocrx_word' id='word_1_72' title='bbox 2500 1131 2783 1173; x_wconf 88' lang='lat' dir='ltr'>rursum:</span> <span class='ocrx_word' id='word_1_73' title='bbox 2848 1109 3245 1193; x_wconf 79' lang='lat' dir='ltr'>Apprehende</span> 
     </span>
     <span class='ocr_line' id='line_1_13' title="bbox 636 1215 3242 1302; baseline -0.002 -20"><span class='ocrx_word' id='word_1_74' title='bbox 636 1243 812 1282; x_wconf 86' lang='lat' dir='ltr'>arma</span> <span class='ocrx_word' id='word_1_75' title='bbox 859 1228 921 1281; x_wconf 81' lang='lat' dir='ltr'>et</span> <span class='ocrx_word' id='word_1_76' title='bbox 968 1227 1224 1293; x_wconf 80' lang='lat' dir='ltr'>scutum,</span> <span class='ocrx_word' id='word_1_77' title='bbox 1275 1227 1337 1281; x_wconf 82' lang='lat' dir='ltr'>et</span> <span class='ocrx_word' id='word_1_78' title='bbox 1384 1242 1610 1302; x_wconf 80' lang='lat' dir='ltr'>exurge</span> <span class='ocrx_word' id='word_1_79' title='bbox 1658 1225 1722 1282; x_wconf 85' lang='lat' dir='ltr'>in</span> <span class='ocrx_word' id='word_1_80' title='bbox 1772 1222 2148 1282; x_wconf 78' lang='lat' dir='ltr'>adiutorium</span> <span class='ocrx_word' id='word_1_81' title='bbox 2199 1226 2473 1281; x_wconf 79' lang='lat' dir='ltr'>nostrum</span> <span class='ocrx_word' id='word_1_82' title='bbox 2509 1217 2701 1298; x_wconf 84' lang='lat' dir='ltr'>[Psal.</span> <span class='ocrx_word' id='word_1_83' title='bbox 2732 1215 3031 1297; x_wconf 71' lang='lat' dir='ltr'>XXXNJ.</span> <span class='ocrx_word' id='word_1_84' title='bbox 3095 1217 3242 1277; x_wconf 86' lang='lat' dir='ltr'>Ecce</span> 
     </span>
     <span class='ocr_line' id='line_1_14' title="bbox 635 1322 3242 1408; baseline -0.003 -18"><span class='ocrx_word' id='word_1_85' title='bbox 635 1330 798 1391; x_wconf 88' lang='lat' dir='ltr'>enim</span> <span class='ocrx_word' id='word_1_86' title='bbox 829 1327 1150 1408; x_wconf 91' lang='lat' dir='ltr'>cognitum</span> <span class='ocrx_word' id='word_1_87' title='bbox 1183 1327 1443 1389; x_wconf 88' lang='lat' dir='ltr'>habetis:</span> <span class='ocrx_word' id='word_1_88' title='bbox 1480 1328 1806 1408; x_wconf 88' lang='lat' dir='ltr'>quomodo</span> <span class='ocrx_word' id='word_1_89' title='bbox 1841 1329 2004 1408; x_wconf 81' lang='lat' dir='ltr'>pacis</span> <span class='ocrx_word' id='word_1_90' title='bbox 2040 1328 2284 1389; x_wconf 86' lang='lat' dir='ltr'>foedera</span> <span class='ocrx_word' id='word_1_91' title='bbox 2316 1347 2349 1387; x_wconf 91' lang='lat' dir='ltr'>a</span> <span class='ocrx_word' id='word_1_92' title='bbox 2383 1326 2653 1407; x_wconf 88' lang='lat' dir='ltr'>praefato</span> <span class='ocrx_word' id='word_1_93' title='bbox 2686 1325 2880 1406; x_wconf 90' lang='lat' dir='ltr'>impio</span> <span class='ocrx_word' id='word_1_94' title='bbox 2915 1322 3242 1386; x_wconf 87' lang='lat' dir='ltr'>Haistulffo</span> 
     </span>
     <span class='ocr_line' id='line_1_15' title="bbox 634 1430 3240 1516; baseline -0.003 -19"><span class='ocrx_word' id='word_1_95' title='bbox 634 1456 774 1516; x_wconf 89' lang='lat' dir='ltr'>rege</span> <span class='ocrx_word' id='word_1_96' title='bbox 808 1451 867 1496; x_wconf 89' lang='lat' dir='ltr'>et</span> <span class='ocrx_word' id='word_1_97' title='bbox 899 1435 1028 1496; x_wconf 92' lang='lat' dir='ltr'>eius</span> <span class='ocrx_word' id='word_1_98' title='bbox 1059 1451 1239 1513; x_wconf 89' lang='lat' dir='ltr'>gente</span> <span class='ocrx_word' id='word_1_99' title='bbox 1273 1435 1556 1516; x_wconf 86' lang='lat' dir='ltr'>dissipata</span> <span class='ocrx_word' id='word_1_100' title='bbox 1591 1452 1767 1510; x_wconf 87' lang='lat' dir='ltr'>sunt;</span> <span class='ocrx_word' id='word_1_101' title='bbox 1815 1452 1873 1496; x_wconf 88' lang='lat' dir='ltr'>et</span> <span class='ocrx_word' id='word_1_102' title='bbox 1905 1435 2166 1516; x_wconf 87' lang='lat' dir='ltr'>qualiter</span> <span class='ocrx_word' id='word_1_103' title='bbox 2197 1434 2371 1511; x_wconf 87' lang='lat' dir='ltr'>nibil,</span> <span class='ocrx_word' id='word_1_104' title='bbox 2405 1433 2568 1494; x_wconf 86' lang='lat' dir='ltr'>iuxta</span> <span class='ocrx_word' id='word_1_105' title='bbox 2605 1448 2669 1492; x_wconf 89' lang='lat' dir='ltr'>ut</span> <span class='ocrx_word' id='word_1_106' title='bbox 2704 1430 3018 1492; x_wconf 88' lang='lat' dir='ltr'>constituit</span> <span class='ocrx_word' id='word_1_107' title='bbox 3049 1446 3106 1490; x_wconf 90' lang='lat' dir='ltr'>et</span> <span class='ocrx_word' id='word_1_108' title='bbox 3140 1449 3240 1511; x_wconf 90' lang='lat' dir='ltr'>per</span> 
     </span>
     <span class='ocr_line' id='line_1_16' title="bbox 633 1536 3242 1623; baseline -0.003 -20"><span class='ocrx_word' id='word_1_109' title='bbox 633 1542 953 1605; x_wconf 87' lang='lat' dir='ltr'>vinculum</span> <span class='ocrx_word' id='word_1_110' title='bbox 1002 1541 1361 1604; x_wconf 85' lang='lat' dir='ltr'>sacramenti</span> <span class='ocrx_word' id='word_1_111' title='bbox 1394 1542 1828 1603; x_wconf 85' lang='lat' dir='ltr'>confirmatum</span> <span class='ocrx_word' id='word_1_112' title='bbox 1864 1559 1972 1616; x_wconf 77' lang='lat' dir='ltr'>est,</span> <span class='ocrx_word' id='word_1_113' title='bbox 2008 1542 2315 1604; x_wconf 88' lang='lat' dir='ltr'>valuimus</span> <span class='ocrx_word' id='word_1_114' title='bbox 2347 1542 2688 1623; x_wconf 90' lang='lat' dir='ltr'>impetrare.</span> <span class='ocrx_word' id='word_1_115' title='bbox 2749 1539 2825 1599; x_wconf 86' lang='lat' dir='ltr'>Et</span> <span class='ocrx_word' id='word_1_116' title='bbox 2857 1539 2978 1599; x_wconf 91' lang='lat' dir='ltr'>iam</span> <span class='ocrx_word' id='word_1_117' title='bbox 3012 1537 3072 1598; x_wconf 91' lang='lat' dir='ltr'>in</span> <span class='ocrx_word' id='word_1_118' title='bbox 3106 1536 3242 1618; x_wconf 90' lang='lat' dir='ltr'>ipsis</span> 
     </span>
     <span class='ocr_line' id='line_1_17' title="bbox 636 1642 3241 1729; baseline -0.003 -17"><span class='ocrx_word' id='word_1_119' title='bbox 636 1649 1056 1712; x_wconf 88' lang='lat' dir='ltr'>Ianuariarum</span> <span class='ocrx_word' id='word_1_120' title='bbox 1091 1649 1385 1710; x_wconf 83' lang='lat' dir='ltr'>Kalendis</span> <span class='ocrx_word' id='word_1_121' title='bbox 1432 1665 1693 1710; x_wconf 91' lang='lat' dir='ltr'>cunctus</span> <span class='ocrx_word' id='word_1_122' title='bbox 1740 1650 2014 1712; x_wconf 90' lang='lat' dir='ltr'>eiusdem</span> <span class='ocrx_word' id='word_1_123' title='bbox 2055 1650 2609 1729; x_wconf 83' lang='lat' dir='ltr'>Langobardorum</span> <span class='ocrx_word' id='word_1_124' title='bbox 2660 1647 2957 1707; x_wconf 87' lang='lat' dir='ltr'>exercitus</span> <span class='ocrx_word' id='word_1_125' title='bbox 2985 1642 3241 1705; x_wconf 87' lang='lat' dir='ltr'>Tusciae</span> 
     </span>
     <span class='ocr_line' id='line_1_18' title="bbox 638 1750 3240 1839; baseline -0.003 -21"><span class='ocrx_word' id='word_1_126' title='bbox 638 1757 929 1839; x_wconf 88' lang='lat' dir='ltr'>partibus,</span> <span class='ocrx_word' id='word_1_127' title='bbox 980 1755 1040 1817; x_wconf 90' lang='lat' dir='ltr'>in</span> <span class='ocrx_word' id='word_1_128' title='bbox 1093 1757 1252 1817; x_wconf 91' lang='lat' dir='ltr'>hanc</span> <span class='ocrx_word' id='word_1_129' title='bbox 1298 1756 1600 1816; x_wconf 88' lang='lat' dir='ltr'>civitatem</span> <span class='ocrx_word' id='word_1_130' title='bbox 1651 1756 1998 1817; x_wconf 87' lang='lat' dir='ltr'>Romanam</span> <span class='ocrx_word' id='word_1_131' title='bbox 2047 1756 2525 1831; x_wconf 81' lang='lat' dir='ltr'>coniunxerunt,</span> <span class='ocrx_word' id='word_1_132' title='bbox 2578 1769 2637 1815; x_wconf 91' lang='lat' dir='ltr'>et</span> <span class='ocrx_word' id='word_1_133' title='bbox 2681 1752 3040 1814; x_wconf 89' lang='lat' dir='ltr'>resederunt</span> <span class='ocrx_word' id='word_1_134' title='bbox 3084 1750 3240 1811; x_wconf 83' lang='lat' dir='ltr'>iuxta</span> 
     </span>
     <span class='ocr_line' id='line_1_19' title="bbox 637 1858 3247 1946; baseline -0.003 -21"><span class='ocrx_word' id='word_1_135' title='bbox 637 1882 878 1946; x_wconf 86' lang='lat' dir='ltr'>portam</span> <span class='ocrx_word' id='word_1_136' title='bbox 920 1862 1077 1923; x_wconf 88' lang='lat' dir='ltr'>beati</span> <span class='ocrx_word' id='word_1_137' title='bbox 1114 1862 1288 1928; x_wconf 78' lang='lat' dir='ltr'>Petri,</span> <span class='ocrx_word' id='word_1_138' title='bbox 1337 1861 1540 1941; x_wconf 89' lang='lat' dir='ltr'>adque</span> <span class='ocrx_word' id='word_1_139' title='bbox 1590 1863 1746 1923; x_wconf 89' lang='lat' dir='ltr'>beati</span> <span class='ocrx_word' id='word_1_140' title='bbox 1785 1861 2094 1940; x_wconf 87' lang='lat' dir='ltr'>Pancratii,</span> <span class='ocrx_word' id='word_1_141' title='bbox 2143 1878 2202 1923; x_wconf 91' lang='lat' dir='ltr'>et</span> <span class='ocrx_word' id='word_1_142' title='bbox 2234 1863 2605 1928; x_wconf 85' lang='lat' dir='ltr'>Portuense;</span> <span class='ocrx_word' id='word_1_143' title='bbox 2659 1860 2784 1942; x_wconf 92' lang='lat' dir='ltr'>ipse</span> <span class='ocrx_word' id='word_1_144' title='bbox 2832 1878 2976 1920; x_wconf 88' lang='lat' dir='ltr'>vero</span> <span class='ocrx_word' id='word_1_145' title='bbox 3024 1858 3247 1919; x_wconf 88' lang='lat' dir='ltr'>Aistul-</span> 
     </span>
     <span class='ocr_line' id='line_1_20' title="bbox 638 1965 3239 2050; baseline -0.003 -18"><span class='ocrx_word' id='word_1_146' title='bbox 638 1971 735 2032; x_wconf 86' lang='lat' dir='ltr'>fus</span> <span class='ocrx_word' id='word_1_147' title='bbox 781 1991 926 2032; x_wconf 89' lang='lat' dir='ltr'>cum</span> <span class='ocrx_word' id='word_1_148' title='bbox 973 1970 1100 2030; x_wconf 88' lang='lat' dir='ltr'>aliis</span> <span class='ocrx_word' id='word_1_149' title='bbox 1148 1969 1508 2031; x_wconf 85' lang='lat' dir='ltr'>exercitibus</span> <span class='ocrx_word' id='word_1_150' title='bbox 1559 1969 1881 2030; x_wconf 84' lang='lat' dir='ltr'>coniunxit</span> <span class='ocrx_word' id='word_1_151' title='bbox 1929 1990 2001 2030; x_wconf 92' lang='lat' dir='ltr'>ex</span> <span class='ocrx_word' id='word_1_152' title='bbox 2034 1969 2148 2029; x_wconf 91' lang='lat' dir='ltr'>alia</span> <span class='ocrx_word' id='word_1_153' title='bbox 2181 1985 2368 2050; x_wconf 81' lang='lat' dir='ltr'>parte,</span> <span class='ocrx_word' id='word_1_154' title='bbox 2405 1985 2461 2029; x_wconf 91' lang='lat' dir='ltr'>et</span> <span class='ocrx_word' id='word_1_155' title='bbox 2493 1988 2603 2029; x_wconf 88' lang='lat' dir='ltr'>sua</span> <span class='ocrx_word' id='word_1_156' title='bbox 2638 1966 2762 2027; x_wconf 84' lang='lat' dir='ltr'>fixit</span> <span class='ocrx_word' id='word_1_157' title='bbox 2793 1965 3049 2027; x_wconf 87' lang='lat' dir='ltr'>tentoria</span> <span class='ocrx_word' id='word_1_158' title='bbox 3084 1965 3239 2026; x_wconf 79' lang='lat' dir='ltr'>iuxta</span> 
     </span>
     <span class='ocr_line' id='line_1_21' title="bbox 638 2072 3241 2160; baseline -0.003 -21"><span class='ocrx_word' id='word_1_159' title='bbox 638 2094 877 2160; x_wconf 90' lang='lat' dir='ltr'>portam</span> <span class='ocrx_word' id='word_1_160' title='bbox 912 2077 1202 2138; x_wconf 88' lang='lat' dir='ltr'>Salariam</span> <span class='ocrx_word' id='word_1_161' title='bbox 1251 2094 1309 2138; x_wconf 90' lang='lat' dir='ltr'>et</span> <span class='ocrx_word' id='word_1_162' title='bbox 1354 2093 1614 2138; x_wconf 86' lang='lat' dir='ltr'>caeteras</span> <span class='ocrx_word' id='word_1_163' title='bbox 1660 2093 1864 2157; x_wconf 91' lang='lat' dir='ltr'>portas</span> <span class='ocrx_word' id='word_1_164' title='bbox 1914 2093 1972 2137; x_wconf 91' lang='lat' dir='ltr'>et</span> <span class='ocrx_word' id='word_1_165' title='bbox 2012 2077 2217 2157; x_wconf 89' lang='lat' dir='ltr'>sepius</span> <span class='ocrx_word' id='word_1_166' title='bbox 2249 2076 2431 2137; x_wconf 92' lang='lat' dir='ltr'>nobis</span> <span class='ocrx_word' id='word_1_167' title='bbox 2469 2075 2718 2136; x_wconf 85' lang='lat' dir='ltr'>direxit:</span> <span class='ocrx_word' id='word_1_168' title='bbox 2777 2073 3061 2155; x_wconf 78' lang='lat' dir='ltr'>«Aperite</span> <span class='ocrx_word' id='word_1_169' title='bbox 3096 2072 3241 2133; x_wconf 89' lang='lat' dir='ltr'>mihi</span> 
     </span>
     <span class='ocr_line' id='line_1_22' title="bbox 638 2181 3238 2267; baseline -0.003 -21"><span class='ocrx_word' id='word_1_170' title='bbox 638 2201 874 2267; x_wconf 87' lang='lat' dir='ltr'>portam</span> <span class='ocrx_word' id='word_1_171' title='bbox 909 2184 1221 2260; x_wconf 86' lang='lat' dir='ltr'>Salariam,</span> <span class='ocrx_word' id='word_1_172' title='bbox 1257 2201 1311 2244; x_wconf 90' lang='lat' dir='ltr'>et</span> <span class='ocrx_word' id='word_1_173' title='bbox 1332 2183 1639 2263; x_wconf 87' lang='lat' dir='ltr'>ingrediar</span> <span class='ocrx_word' id='word_1_174' title='bbox 1671 2183 2010 2250; x_wconf 82' lang='lat' dir='ltr'>civitatem:</span> <span class='ocrx_word' id='word_1_175' title='bbox 2045 2199 2103 2244; x_wconf 89' lang='lat' dir='ltr'>et</span> <span class='ocrx_word' id='word_1_176' title='bbox 2135 2184 2348 2243; x_wconf 88' lang='lat' dir='ltr'>tradite</span> <span class='ocrx_word' id='word_1_177' title='bbox 2382 2182 2533 2243; x_wconf 90' lang='lat' dir='ltr'>mihi</span> <span class='ocrx_word' id='word_1_178' title='bbox 2566 2181 2917 2263; x_wconf 84' lang='lat' dir='ltr'>pontificem</span> <span class='ocrx_word' id='word_1_179' title='bbox 2954 2197 3238 2256; x_wconf 85' lang='lat' dir='ltr'>vestrum,</span> 
     </span>
     <span class='ocr_line' id='line_1_23' title="bbox 637 2287 3240 2374; baseline -0.002 -21"><span class='ocrx_word' id='word_1_180' title='bbox 637 2311 691 2353; x_wconf 92' lang='lat' dir='ltr'>et</span> <span class='ocrx_word' id='word_1_181' title='bbox 739 2292 1100 2374; x_wconf 85' lang='lat' dir='ltr'>pacientiam</span> <span class='ocrx_word' id='word_1_182' title='bbox 1148 2311 1266 2368; x_wconf 85' lang='lat' dir='ltr'>ago</span> <span class='ocrx_word' id='word_1_183' title='bbox 1314 2292 1374 2352; x_wconf 92' lang='lat' dir='ltr'>in</span> <span class='ocrx_word' id='word_1_184' title='bbox 1421 2290 1626 2364; x_wconf 85' lang='lat' dir='ltr'>vobis;</span> <span class='ocrx_word' id='word_1_185' title='bbox 1696 2289 1921 2365; x_wconf 86' lang='lat' dir='ltr'>minus,</span> <span class='ocrx_word' id='word_1_186' title='bbox 1972 2309 2047 2352; x_wconf 92' lang='lat' dir='ltr'>ne</span> <span class='ocrx_word' id='word_1_187' title='bbox 2096 2310 2309 2352; x_wconf 90' lang='lat' dir='ltr'>muros</span> <span class='ocrx_word' id='word_1_188' title='bbox 2356 2291 2691 2367; x_wconf 86' lang='lat' dir='ltr'>devertens,</span> <span class='ocrx_word' id='word_1_189' title='bbox 2732 2307 2862 2350; x_wconf 88' lang='lat' dir='ltr'>uno</span> <span class='ocrx_word' id='word_1_190' title='bbox 2895 2309 3005 2349; x_wconf 91' lang='lat' dir='ltr'>vos</span> <span class='ocrx_word' id='word_1_191' title='bbox 3037 2287 3240 2368; x_wconf 88' lang='lat' dir='ltr'>gladio</span> 
     </span>
     <span class='ocr_line' id='line_1_24' title="bbox 636 2396 2813 2479; baseline -0.002 -16"><span class='ocrx_word' id='word_1_192' title='bbox 636 2400 993 2463; x_wconf 88' lang='lat' dir='ltr'>interficiam</span> <span class='ocrx_word' id='word_1_193' title='bbox 1029 2416 1089 2460; x_wconf 90' lang='lat' dir='ltr'>et</span> <span class='ocrx_word' id='word_1_194' title='bbox 1119 2400 1379 2472; x_wconf 85' lang='lat' dir='ltr'>videam,</span> <span class='ocrx_word' id='word_1_195' title='bbox 1401 2399 1543 2479; x_wconf 90' lang='lat' dir='ltr'>quis</span> <span class='ocrx_word' id='word_1_196' title='bbox 1564 2418 1673 2459; x_wconf 85' lang='lat' dir='ltr'>vos</span> <span class='ocrx_word' id='word_1_197' title='bbox 1706 2417 1919 2459; x_wconf 88' lang='lat' dir='ltr'>eruere</span> <span class='ocrx_word' id='word_1_198' title='bbox 1955 2398 2147 2479; x_wconf 87' lang='lat' dir='ltr'>possit</span> <span class='ocrx_word' id='word_1_199' title='bbox 2178 2399 2254 2458; x_wconf 90' lang='lat' dir='ltr'>de</span> <span class='ocrx_word' id='word_1_200' title='bbox 2289 2398 2573 2458; x_wconf 89' lang='lat' dir='ltr'>manibus</span> <span class='ocrx_word' id='word_1_201' title='bbox 2606 2396 2813 2459; x_wconf 79' lang='lat' dir='ltr'>meis.»</span> 
     </span>
    </p>

    <p class='ocr_par' dir='ltr' id='par_1_8' title="bbox 634 2505 3243 5051">
     <span class='ocr_line' id='line_1_25' title="bbox 849 2505 3239 2584; baseline -0.003 -15"><span class='ocrx_word' id='word_1_202' title='bbox 849 2508 970 2569; x_wconf 89' lang='lat' dir='ltr'>Sed</span> <span class='ocrx_word' id='word_1_203' title='bbox 1004 2523 1060 2568; x_wconf 90' lang='lat' dir='ltr'>et</span> <span class='ocrx_word' id='word_1_204' title='bbox 1098 2507 1507 2567; x_wconf 81' lang='lat' dir='ltr'>Beneventani</span> <span class='ocrx_word' id='word_1_205' title='bbox 1543 2525 1764 2567; x_wconf 89' lang='lat' dir='ltr'>omnes</span> <span class='ocrx_word' id='word_1_206' title='bbox 1795 2505 2156 2584; x_wconf 83' lang='lat' dir='ltr'>generaliter</span> <span class='ocrx_word' id='word_1_207' title='bbox 2187 2505 2248 2566; x_wconf 91' lang='lat' dir='ltr'>in</span> <span class='ocrx_word' id='word_1_208' title='bbox 2282 2505 2440 2565; x_wconf 88' lang='lat' dir='ltr'>hanc</span> <span class='ocrx_word' id='word_1_209' title='bbox 2474 2505 2825 2566; x_wconf 86' lang='lat' dir='ltr'>Romanam</span> <span class='ocrx_word' id='word_1_210' title='bbox 2859 2506 3071 2563; x_wconf 90' lang='lat' dir='ltr'>urbem</span> <span class='ocrx_word' id='word_1_211' title='bbox 3096 2522 3239 2563; x_wconf 89' lang='lat' dir='ltr'>con-</span> 
     </span>
     <span class='ocr_line' id='line_1_26' title="bbox 636 2611 3241 2695; baseline -0.002 -18"><span class='ocrx_word' id='word_1_212' title='bbox 636 2616 975 2695; x_wconf 86' lang='lat' dir='ltr'>iungentes,</span> <span class='ocrx_word' id='word_1_213' title='bbox 1009 2615 1363 2674; x_wconf 90' lang='lat' dir='ltr'>resederunt</span> <span class='ocrx_word' id='word_1_214' title='bbox 1395 2613 1558 2675; x_wconf 66' lang='lat' dir='ltr'>iuxta</span> <span class='ocrx_word' id='word_1_215' title='bbox 1594 2630 1833 2694; x_wconf 90' lang='lat' dir='ltr'>portam</span> <span class='ocrx_word' id='word_1_216' title='bbox 1870 2614 2023 2674; x_wconf 88' lang='lat' dir='ltr'>beati</span> <span class='ocrx_word' id='word_1_217' title='bbox 2057 2612 2368 2689; x_wconf 84' lang='lat' dir='ltr'>Johannis,</span> <span class='ocrx_word' id='word_1_218' title='bbox 2401 2628 2458 2673; x_wconf 89' lang='lat' dir='ltr'>et</span> <span class='ocrx_word' id='word_1_219' title='bbox 2489 2611 2644 2672; x_wconf 89' lang='lat' dir='ltr'>beati</span> <span class='ocrx_word' id='word_1_220' title='bbox 2669 2612 2838 2672; x_wconf 84' lang='lat' dir='ltr'>Pauli</span> <span class='ocrx_word' id='word_1_221' title='bbox 2873 2612 3154 2692; x_wconf 76' lang='lat' dir='ltr'>apostoli,</span> <span class='ocrx_word' id='word_1_222' title='bbox 3186 2628 3241 2671; x_wconf 91' lang='lat' dir='ltr'>et</span> 
     </span>
     <span class='ocr_line' id='line_1_27' title="bbox 634 2720 3239 2801; baseline -0.002 -17"><span class='ocrx_word' id='word_1_223' title='bbox 634 2740 896 2784; x_wconf 87' lang='lat' dir='ltr'>caeteras</span> <span class='ocrx_word' id='word_1_224' title='bbox 928 2722 1101 2783; x_wconf 90' lang='lat' dir='ltr'>istius</span> <span class='ocrx_word' id='word_1_225' title='bbox 1136 2722 1417 2782; x_wconf 83' lang='lat' dir='ltr'>Romane</span> <span class='ocrx_word' id='word_1_226' title='bbox 1470 2722 1639 2783; x_wconf 91' lang='lat' dir='ltr'>urbis</span> <span class='ocrx_word' id='word_1_227' title='bbox 1702 2737 1924 2801; x_wconf 82' lang='lat' dir='ltr'>portas,</span> <span class='ocrx_word' id='word_1_228' title='bbox 1991 2722 2063 2782; x_wconf 90' lang='lat' dir='ltr'>Et</span> <span class='ocrx_word' id='word_1_229' title='bbox 2095 2721 2301 2782; x_wconf 91' lang='lat' dir='ltr'>omnia</span> <span class='ocrx_word' id='word_1_230' title='bbox 2335 2738 2495 2781; x_wconf 79' lang='lat' dir='ltr'>extra</span> <span class='ocrx_word' id='word_1_231' title='bbox 2530 2723 2746 2781; x_wconf 87' lang='lat' dir='ltr'>urbem</span> <span class='ocrx_word' id='word_1_232' title='bbox 2784 2720 3024 2799; x_wconf 88' lang='lat' dir='ltr'>praedia</span> <span class='ocrx_word' id='word_1_233' title='bbox 3057 2721 3239 2799; x_wconf 90' lang='lat' dir='ltr'>longe</span> 
     </span>
     <span class='ocr_line' id='line_1_28' title="bbox 635 2826 3235 2910; baseline -0.002 -19"><span class='ocrx_word' id='word_1_234' title='bbox 635 2832 877 2910; x_wconf 89' lang='lat' dir='ltr'>lateque</span> <span class='ocrx_word' id='word_1_235' title='bbox 926 2829 1087 2890; x_wconf 89' lang='lat' dir='ltr'>ferro</span> <span class='ocrx_word' id='word_1_236' title='bbox 1136 2844 1192 2889; x_wconf 90' lang='lat' dir='ltr'>et</span> <span class='ocrx_word' id='word_1_237' title='bbox 1237 2828 1375 2908; x_wconf 84' lang='lat' dir='ltr'>igne</span> <span class='ocrx_word' id='word_1_238' title='bbox 1422 2845 1919 2905; x_wconf 84' lang='lat' dir='ltr'>consumserunt,</span> <span class='ocrx_word' id='word_1_239' title='bbox 1966 2828 2113 2888; x_wconf 90' lang='lat' dir='ltr'>dom</span> <span class='ocrx_word' id='word_1_240' title='bbox 2139 2849 2189 2888; x_wconf 79' lang='lat' dir='ltr'>&gt;s</span> <span class='ocrx_word' id='word_1_241' title='bbox 2236 2847 2456 2889; x_wconf 85' lang='lat' dir='ltr'>omnes</span> <span class='ocrx_word' id='word_1_242' title='bbox 2503 2829 2934 2888; x_wconf 87' lang='lat' dir='ltr'>comburentes</span> <span class='ocrx_word' id='word_1_243' title='bbox 2975 2846 3130 2907; x_wconf 91' lang='lat' dir='ltr'>pene</span> <span class='ocrx_word' id='word_1_244' title='bbox 3162 2826 3235 2886; x_wconf 89' lang='lat' dir='ltr'>ad</span> 
     </span>
     <span class='ocr_line' id='line_1_29' title="bbox 638 2934 3235 3013; baseline -0.002 -14"><span class='ocrx_word' id='word_1_245' title='bbox 638 2938 1040 2999; x_wconf 88' lang='lat' dir='ltr'>fundamenta</span> <span class='ocrx_word' id='word_1_246' title='bbox 1086 2936 1533 2997; x_wconf 87' lang='lat' dir='ltr'>destruxerunt.</span> <span class='ocrx_word' id='word_1_247' title='bbox 1597 2935 1895 2996; x_wconf 87' lang='lat' dir='ltr'>Ecclesias</span> <span class='ocrx_word' id='word_1_248' title='bbox 1934 2935 2043 2996; x_wconf 92' lang='lat' dir='ltr'>Dei</span> <span class='ocrx_word' id='word_1_249' title='bbox 2077 2936 2505 3013; x_wconf 85' lang='lat' dir='ltr'>incenderunt,</span> <span class='ocrx_word' id='word_1_250' title='bbox 2554 2950 2611 2995; x_wconf 90' lang='lat' dir='ltr'>et</span> <span class='ocrx_word' id='word_1_251' title='bbox 2643 2934 3071 2995; x_wconf 88' lang='lat' dir='ltr'>sacratissimas</span> <span class='ocrx_word' id='word_1_252' title='bbox 3103 2954 3235 2994; x_wconf 90' lang='lat' dir='ltr'>san-</span> 
     </span>
     <span class='ocr_line' id='line_1_30' title="bbox 635 3042 3241 3122; baseline -0.002 -17"><span class='ocrx_word' id='word_1_253' title='bbox 635 3062 877 3105; x_wconf 86' lang='lat' dir='ltr'>ctorum</span> <span class='ocrx_word' id='word_1_254' title='bbox 929 3042 1225 3122; x_wconf 87' lang='lat' dir='ltr'>imagines</span> <span class='ocrx_word' id='word_1_255' title='bbox 1272 3043 1336 3103; x_wconf 88' lang='lat' dir='ltr'>in</span> <span class='ocrx_word' id='word_1_256' title='bbox 1381 3044 1589 3122; x_wconf 88' lang='lat' dir='ltr'>ignem</span> <span class='ocrx_word' id='word_1_257' title='bbox 1638 3042 2005 3122; x_wconf 84' lang='lat' dir='ltr'>proicientes</span> <span class='ocrx_word' id='word_1_258' title='bbox 2044 3042 2171 3103; x_wconf 90' lang='lat' dir='ltr'>suis</span> <span class='ocrx_word' id='word_1_259' title='bbox 2203 3042 2418 3122; x_wconf 81' lang='lat' dir='ltr'>gladiis</span> <span class='ocrx_word' id='word_1_260' title='bbox 2449 3057 2958 3116; x_wconf 87' lang='lat' dir='ltr'>consumserunt;</span> <span class='ocrx_word' id='word_1_261' title='bbox 3013 3056 3071 3101; x_wconf 92' lang='lat' dir='ltr'>et</span> <span class='ocrx_word' id='word_1_262' title='bbox 3103 3060 3241 3100; x_wconf 90' lang='lat' dir='ltr'>mu-</span> 
     </span>
     <span class='ocr_line' id='line_1_31' title="bbox 637 3146 3242 3228; baseline -0.001 -18"><span class='ocrx_word' id='word_1_263' title='bbox 637 3169 780 3211; x_wconf 89' lang='lat' dir='ltr'>nera</span> <span class='ocrx_word' id='word_1_264' title='bbox 828 3163 1054 3223; x_wconf 86' lang='lat' dir='ltr'>sancta,</span> <span class='ocrx_word' id='word_1_265' title='bbox 1105 3149 1165 3209; x_wconf 89' lang='lat' dir='ltr'>id</span> <span class='ocrx_word' id='word_1_266' title='bbox 1215 3165 1302 3209; x_wconf 87' lang='lat' dir='ltr'>est</span> <span class='ocrx_word' id='word_1_267' title='bbox 1349 3167 1576 3228; x_wconf 89' lang='lat' dir='ltr'>corpus</span> <span class='ocrx_word' id='word_1_268' title='bbox 1610 3147 1848 3209; x_wconf 92' lang='lat' dir='ltr'>domini</span> <span class='ocrx_word' id='word_1_269' title='bbox 1883 3148 2074 3209; x_wconf 85' lang='lat' dir='ltr'>nostri</span> <span class='ocrx_word' id='word_1_270' title='bbox 2107 3149 2248 3209; x_wconf 89' lang='lat' dir='ltr'>Jesu</span> <span class='ocrx_word' id='word_1_271' title='bbox 2284 3148 2530 3223; x_wconf 86' lang='lat' dir='ltr'>Christi,</span> <span class='ocrx_word' id='word_1_272' title='bbox 2563 3148 2624 3209; x_wconf 92' lang='lat' dir='ltr'>in</span> <span class='ocrx_word' id='word_1_273' title='bbox 2657 3148 2783 3208; x_wconf 92' lang='lat' dir='ltr'>suis</span> <span class='ocrx_word' id='word_1_274' title='bbox 2816 3146 3242 3208; x_wconf 90' lang='lat' dir='ltr'>contaminatis</span> 
     </span>
     <span class='ocr_line' id='line_1_32' title="bbox 635 3255 3241 3337; baseline -0.001 -19"><span class='ocrx_word' id='word_1_275' title='bbox 635 3258 899 3331; x_wconf 88' lang='lat' dir='ltr'>vasibus,</span> <span class='ocrx_word' id='word_1_276' title='bbox 935 3276 1098 3337; x_wconf 88' lang='lat' dir='ltr'>quos</span> <span class='ocrx_word' id='word_1_277' title='bbox 1132 3255 1308 3317; x_wconf 90' lang='lat' dir='ltr'>folles</span> <span class='ocrx_word' id='word_1_278' title='bbox 1340 3271 1585 3332; x_wconf 86' lang='lat' dir='ltr'>vocant,</span> <span class='ocrx_word' id='word_1_279' title='bbox 1621 3255 1942 3332; x_wconf 82' lang='lat' dir='ltr'>miserunt,</span> <span class='ocrx_word' id='word_1_280' title='bbox 1978 3272 2036 3315; x_wconf 91' lang='lat' dir='ltr'>et</span> <span class='ocrx_word' id='word_1_281' title='bbox 2069 3256 2207 3317; x_wconf 90' lang='lat' dir='ltr'>cibo</span> <span class='ocrx_word' id='word_1_282' title='bbox 2241 3256 2518 3316; x_wconf 90' lang='lat' dir='ltr'>carnium</span> <span class='ocrx_word' id='word_1_283' title='bbox 2554 3255 2807 3335; x_wconf 91' lang='lat' dir='ltr'>copioso</span> <span class='ocrx_word' id='word_1_284' title='bbox 2839 3255 3104 3331; x_wconf 80' lang='lat' dir='ltr'>saturati,</span> <span class='ocrx_word' id='word_1_285' title='bbox 3137 3275 3241 3315; x_wconf 90' lang='lat' dir='ltr'>co-</span> 
     </span>
     <span class='ocr_line' id='line_1_33' title="bbox 636 3361 3241 3436; baseline -0.002 -11"><span class='ocrx_word' id='word_1_286' title='bbox 636 3364 968 3425; x_wconf 90' lang='lat' dir='ltr'>medebant</span> <span class='ocrx_word' id='word_1_287' title='bbox 1022 3363 1236 3424; x_wconf 86' lang='lat' dir='ltr'>eadem</span> <span class='ocrx_word' id='word_1_288' title='bbox 1289 3382 1575 3436; x_wconf 85' lang='lat' dir='ltr'>munera;</span> <span class='ocrx_word' id='word_1_289' title='bbox 1629 3363 1929 3423; x_wconf 87' lang='lat' dir='ltr'>velamina</span> <span class='ocrx_word' id='word_1_290' title='bbox 1977 3362 2262 3424; x_wconf 88' lang='lat' dir='ltr'>altarium</span> <span class='ocrx_word' id='word_1_291' title='bbox 2308 3362 2698 3424; x_wconf 89' lang='lat' dir='ltr'>ecclesiarum</span> <span class='ocrx_word' id='word_1_292' title='bbox 2737 3361 2847 3422; x_wconf 89' lang='lat' dir='ltr'>Dei</span> <span class='ocrx_word' id='word_1_293' title='bbox 2892 3361 2988 3422; x_wconf 88' lang='lat' dir='ltr'>vel</span> <span class='ocrx_word' id='word_1_294' title='bbox 3033 3362 3241 3423; x_wconf 87' lang='lat' dir='ltr'>omnia</span> 
     </span>
     <span class='ocr_line' id='line_1_34' title="bbox 637 3468 3243 3551; baseline -0.002 -18"><span class='ocrx_word' id='word_1_295' title='bbox 637 3488 1017 3546; x_wconf 84' lang='lat' dir='ltr'>ornamenta,</span> <span class='ocrx_word' id='word_1_296' title='bbox 1066 3473 1239 3551; x_wconf 92' lang='lat' dir='ltr'>quod</span> <span class='ocrx_word' id='word_1_297' title='bbox 1293 3471 1479 3532; x_wconf 89' lang='lat' dir='ltr'>nimis</span> <span class='ocrx_word' id='word_1_298' title='bbox 1531 3471 1775 3532; x_wconf 86' lang='lat' dir='ltr'>crudele</span> <span class='ocrx_word' id='word_1_299' title='bbox 1839 3471 1995 3531; x_wconf 88' lang='lat' dir='ltr'>edici</span> <span class='ocrx_word' id='word_1_300' title='bbox 2057 3488 2163 3548; x_wconf 86' lang='lat' dir='ltr'>est,</span> <span class='ocrx_word' id='word_1_301' title='bbox 2224 3470 2564 3532; x_wconf 86' lang='lat' dir='ltr'>auferentes</span> <span class='ocrx_word' id='word_1_302' title='bbox 2624 3471 2687 3531; x_wconf 87' lang='lat' dir='ltr'>in</span> <span class='ocrx_word' id='word_1_303' title='bbox 2753 3468 3018 3550; x_wconf 89' lang='lat' dir='ltr'>propriis</span> <span class='ocrx_word' id='word_1_304' title='bbox 3080 3468 3243 3529; x_wconf 85' lang='lat' dir='ltr'>utili·-</span> 
     </span>
     <span class='ocr_line' id='line_1_35' title="bbox 636 3577 3243 3658; baseline -0.001 -18"><span class='ocrx_word' id='word_1_305' title='bbox 636 3580 859 3641; x_wconf 87' lang='lat' dir='ltr'>tatibus</span> <span class='ocrx_word' id='word_1_306' title='bbox 893 3580 986 3639; x_wconf 90' lang='lat' dir='ltr'>usi</span> <span class='ocrx_word' id='word_1_307' title='bbox 1020 3594 1182 3641; x_wconf 85' lang='lat' dir='ltr'>sunt.</span> <span class='ocrx_word' id='word_1_308' title='bbox 1220 3578 1444 3640; x_wconf 85' lang='lat' dir='ltr'>Servos</span> <span class='ocrx_word' id='word_1_309' title='bbox 1470 3578 1580 3638; x_wconf 91' lang='lat' dir='ltr'>Dei</span> <span class='ocrx_word' id='word_1_310' title='bbox 1614 3579 1975 3653; x_wconf 85' lang='lat' dir='ltr'>monachos,</span> <span class='ocrx_word' id='word_1_311' title='bbox 2010 3578 2116 3658; x_wconf 93' lang='lat' dir='ltr'>qui</span> <span class='ocrx_word' id='word_1_312' title='bbox 2153 3597 2266 3657; x_wconf 90' lang='lat' dir='ltr'>pro</span> <span class='ocrx_word' id='word_1_313' title='bbox 2299 3577 2506 3639; x_wconf 88' lang='lat' dir='ltr'>officio</span> <span class='ocrx_word' id='word_1_314' title='bbox 2539 3578 2748 3639; x_wconf 90' lang='lat' dir='ltr'>divino</span> <span class='ocrx_word' id='word_1_315' title='bbox 2780 3578 2843 3639; x_wconf 90' lang='lat' dir='ltr'>in</span> <span class='ocrx_word' id='word_1_316' title='bbox 2862 3577 3243 3639; x_wconf 88' lang='lat' dir='ltr'>monasteriis</span> 
     </span>
     <span class='ocr_line' id='line_1_36' title="bbox 637 3685 3242 3765; baseline -0 -18"><span class='ocrx_word' id='word_1_317' title='bbox 637 3689 1050 3759; x_wconf 80' lang='lat' dir='ltr'>morabantur,</span> <span class='ocrx_word' id='word_1_318' title='bbox 1083 3685 1274 3765; x_wconf 89' lang='lat' dir='ltr'>plagis</span> <span class='ocrx_word' id='word_1_319' title='bbox 1309 3685 1590 3746; x_wconf 85' lang='lat' dir='ltr'>maximis</span> <span class='ocrx_word' id='word_1_320' title='bbox 1612 3686 1964 3759; x_wconf 85' lang='lat' dir='ltr'>tundentes,</span> <span class='ocrx_word' id='word_1_321' title='bbox 2000 3686 2207 3764; x_wconf 92' lang='lat' dir='ltr'>plures</span> <span class='ocrx_word' id='word_1_322' title='bbox 2228 3685 2633 3757; x_wconf 88' lang='lat' dir='ltr'>laniaverunt;</span> <span class='ocrx_word' id='word_1_323' title='bbox 2673 3703 2729 3746; x_wconf 89' lang='lat' dir='ltr'>et</span> <span class='ocrx_word' id='word_1_324' title='bbox 2748 3686 3242 3747; x_wconf 86' lang='lat' dir='ltr'>sanctimoniales</span> 
     </span>
     <span class='ocr_line' id='line_1_37' title="bbox 638 3793 3239 3875; baseline -0 -18"><span class='ocrx_word' id='word_1_325' title='bbox 638 3796 897 3858; x_wconf 89' lang='lat' dir='ltr'>feminas</span> <span class='ocrx_word' id='word_1_326' title='bbox 929 3811 1112 3875; x_wconf 86' lang='lat' dir='ltr'>atque</span> <span class='ocrx_word' id='word_1_327' title='bbox 1147 3794 1432 3867; x_wconf 87' lang='lat' dir='ltr'>reclusas,</span> <span class='ocrx_word' id='word_1_328' title='bbox 1468 3812 1626 3873; x_wconf 89' lang='lat' dir='ltr'>quae</span> <span class='ocrx_word' id='word_1_329' title='bbox 1652 3796 1727 3853; x_wconf 89' lang='lat' dir='ltr'>ab</span> <span class='ocrx_word' id='word_1_330' title='bbox 1749 3793 2010 3854; x_wconf 89' lang='lat' dir='ltr'>infancia</span> <span class='ocrx_word' id='word_1_331' title='bbox 2033 3809 2090 3854; x_wconf 90' lang='lat' dir='ltr'>et</span> <span class='ocrx_word' id='word_1_332' title='bbox 2111 3794 2446 3874; x_wconf 89' lang='lat' dir='ltr'>pubertatis</span> <span class='ocrx_word' id='word_1_333' title='bbox 2464 3808 2742 3875; x_wconf 90' lang='lat' dir='ltr'>tempore</span> <span class='ocrx_word' id='word_1_334' title='bbox 2765 3813 2878 3875; x_wconf 94' lang='lat' dir='ltr'>pro</span> <span class='ocrx_word' id='word_1_335' title='bbox 2902 3794 3015 3855; x_wconf 90' lang='lat' dir='ltr'>Dei</span> <span class='ocrx_word' id='word_1_336' title='bbox 3034 3814 3239 3856; x_wconf 89' lang='lat' dir='ltr'>amore</span> 
     </span>
     <span class='ocr_line' id='line_1_38' title="bbox 636 3901 3237 3982; baseline 0.001 -19"><span class='ocrx_word' id='word_1_337' title='bbox 636 3923 766 3964; x_wconf 88' lang='lat' dir='ltr'>sese</span> <span class='ocrx_word' id='word_1_338' title='bbox 801 3902 1117 3963; x_wconf 88' lang='lat' dir='ltr'>clausurae</span> <span class='ocrx_word' id='word_1_339' title='bbox 1148 3901 1546 3975; x_wconf 80' lang='lat' dir='ltr'>tradiderunt,</span> <span class='ocrx_word' id='word_1_340' title='bbox 1582 3902 2001 3960; x_wconf 86' lang='lat' dir='ltr'>abstrahentes</span> <span class='ocrx_word' id='word_1_341' title='bbox 2035 3919 2178 3961; x_wconf 89' lang='lat' dir='ltr'>cum</span> <span class='ocrx_word' id='word_1_342' title='bbox 2214 3919 2433 3982; x_wconf 88' lang='lat' dir='ltr'>magna</span> <span class='ocrx_word' id='word_1_343' title='bbox 2467 3901 2819 3961; x_wconf 87' lang='lat' dir='ltr'>crudelitate</span> <span class='ocrx_word' id='word_1_344' title='bbox 2854 3902 3237 3982; x_wconf 80' lang='lat' dir='ltr'>polluerunt:</span> 
     </span>
     <span class='ocr_line' id='line_1_39' title="bbox 637 4006 3240 4089; baseline 0 -20"><span class='ocrx_word' id='word_1_345' title='bbox 637 4010 746 4089; x_wconf 88' lang='lat' dir='ltr'>qui</span> <span class='ocrx_word' id='word_1_346' title='bbox 780 4009 972 4070; x_wconf 88' lang='lat' dir='ltr'>eciam</span> <span class='ocrx_word' id='word_1_347' title='bbox 1005 4023 1065 4068; x_wconf 89' lang='lat' dir='ltr'>et</span> <span class='ocrx_word' id='word_1_348' title='bbox 1096 4007 1158 4068; x_wconf 89' lang='lat' dir='ltr'>in</span> <span class='ocrx_word' id='word_1_349' title='bbox 1191 4007 1317 4088; x_wconf 92' lang='lat' dir='ltr'>ipsa</span> <span class='ocrx_word' id='word_1_350' title='bbox 1353 4006 1883 4068; x_wconf 88' lang='lat' dir='ltr'>contaminatione</span> <span class='ocrx_word' id='word_1_351' title='bbox 1905 4007 2050 4068; x_wconf 87' lang='lat' dir='ltr'>alias</span> <span class='ocrx_word' id='word_1_352' title='bbox 2083 4006 2421 4069; x_wconf 90' lang='lat' dir='ltr'>interficere</span> <span class='ocrx_word' id='word_1_353' title='bbox 2454 4008 2562 4067; x_wconf 86' lang='lat' dir='ltr'>visi</span> <span class='ocrx_word' id='word_1_354' title='bbox 2601 4023 2762 4068; x_wconf 88' lang='lat' dir='ltr'>sunt.</span> <span class='ocrx_word' id='word_1_355' title='bbox 2798 4009 2870 4069; x_wconf 87' lang='lat' dir='ltr'>Et</span> <span class='ocrx_word' id='word_1_356' title='bbox 2889 4027 3110 4069; x_wconf 88' lang='lat' dir='ltr'>omnes</span> <span class='ocrx_word' id='word_1_357' title='bbox 3131 4009 3240 4070; x_wconf 89' lang='lat' dir='ltr'>do-</span> 
     </span>
     <span class='ocr_line' id='line_1_40' title="bbox 636 4114 3240 4193; baseline 0 -17"><span class='ocrx_word' id='word_1_358' title='bbox 636 4134 775 4176; x_wconf 89' lang='lat' dir='ltr'>mos</span> <span class='ocrx_word' id='word_1_359' title='bbox 827 4116 1017 4176; x_wconf 88' lang='lat' dir='ltr'>cultas</span> <span class='ocrx_word' id='word_1_360' title='bbox 1068 4115 1224 4174; x_wconf 88' lang='lat' dir='ltr'>beati</span> <span class='ocrx_word' id='word_1_361' title='bbox 1275 4114 1430 4175; x_wconf 80' lang='lat' dir='ltr'>Petri</span> <span class='ocrx_word' id='word_1_362' title='bbox 1477 4114 1605 4193; x_wconf 87' lang='lat' dir='ltr'>igni</span> <span class='ocrx_word' id='word_1_363' title='bbox 1654 4118 2154 4191; x_wconf 84' lang='lat' dir='ltr'>combusserunt,</span> <span class='ocrx_word' id='word_1_364' title='bbox 2200 4115 2296 4174; x_wconf 90' lang='lat' dir='ltr'>vel</span> <span class='ocrx_word' id='word_1_365' title='bbox 2344 4115 2631 4176; x_wconf 90' lang='lat' dir='ltr'>omnium</span> <span class='ocrx_word' id='word_1_366' title='bbox 2680 4116 3131 4189; x_wconf 84' lang='lat' dir='ltr'>Romanorum,</span> <span class='ocrx_word' id='word_1_367' title='bbox 3176 4133 3240 4177; x_wconf 90' lang='lat' dir='ltr'>ut</span> 
     </span>
     <span class='ocr_line' id='line_1_41' title="bbox 638 4221 3242 4299; baseline -0 -16"><span class='ocrx_word' id='word_1_368' title='bbox 638 4221 872 4283; x_wconf 90' lang='lat' dir='ltr'>dictum</span> <span class='ocrx_word' id='word_1_369' title='bbox 923 4237 1030 4295; x_wconf 81' lang='lat' dir='ltr'>est,</span> <span class='ocrx_word' id='word_1_370' title='bbox 1097 4222 1320 4282; x_wconf 92' lang='lat' dir='ltr'>domos</span> <span class='ocrx_word' id='word_1_371' title='bbox 1382 4224 1819 4283; x_wconf 88' lang='lat' dir='ltr'>comburentes</span> <span class='ocrx_word' id='word_1_372' title='bbox 1872 4237 2030 4282; x_wconf 85' lang='lat' dir='ltr'>extra</span> <span class='ocrx_word' id='word_1_373' title='bbox 2080 4224 2302 4282; x_wconf 88' lang='lat' dir='ltr'>urbem</span> <span class='ocrx_word' id='word_1_374' title='bbox 2353 4222 2630 4283; x_wconf 88' lang='lat' dir='ltr'>funditus</span> <span class='ocrx_word' id='word_1_375' title='bbox 2682 4223 3133 4299; x_wconf 84' lang='lat' dir='ltr'>destruxerunt,</span> <span class='ocrx_word' id='word_1_376' title='bbox 3184 4238 3242 4283; x_wconf 88' lang='lat' dir='ltr'>et</span> 
     </span>
     <span class='ocr_line' id='line_1_42' title="bbox 637 4327 3239 4408; baseline -0 -17"><span class='ocrx_word' id='word_1_377' title='bbox 637 4327 845 4391; x_wconf 88' lang='lat' dir='ltr'>omnia</span> <span class='ocrx_word' id='word_1_378' title='bbox 892 4327 1126 4408; x_wconf 88' lang='lat' dir='ltr'>peculia</span> <span class='ocrx_word' id='word_1_379' title='bbox 1173 4328 1576 4402; x_wconf 74' lang='lat' dir='ltr'>abstulerunt,</span> <span class='ocrx_word' id='word_1_380' title='bbox 1626 4343 1683 4388; x_wconf 88' lang='lat' dir='ltr'>et</span> <span class='ocrx_word' id='word_1_381' title='bbox 1714 4328 1922 4390; x_wconf 87' lang='lat' dir='ltr'>vineas</span> <span class='ocrx_word' id='word_1_382' title='bbox 1957 4329 2079 4390; x_wconf 89' lang='lat' dir='ltr'>fere</span> <span class='ocrx_word' id='word_1_383' title='bbox 2113 4329 2187 4389; x_wconf 85' lang='lat' dir='ltr'>ad</span> <span class='ocrx_word' id='word_1_384' title='bbox 2221 4328 2452 4390; x_wconf 90' lang='lat' dir='ltr'>radices</span> <span class='ocrx_word' id='word_1_385' title='bbox 2485 4329 2891 4405; x_wconf 87' lang='lat' dir='ltr'>absciderunt,</span> <span class='ocrx_word' id='word_1_386' title='bbox 2925 4344 2984 4390; x_wconf 90' lang='lat' dir='ltr'>et</span> <span class='ocrx_word' id='word_1_387' title='bbox 3014 4350 3239 4390; x_wconf 89' lang='lat' dir='ltr'>messes</span> 
     </span>
     <span class='ocr_line' id='line_1_43' title="bbox 635 4434 3238 4516; baseline 0 -20"><span class='ocrx_word' id='word_1_388' title='bbox 635 4450 1037 4509; x_wconf 59' lang='lat' dir='ltr'>conterentes</span> <span class='ocrx_word' id='word_1_389' title='bbox 1072 4434 1332 4496; x_wconf 93' lang='lat' dir='ltr'>omnino</span> <span class='ocrx_word' id='word_1_390' title='bbox 1366 4435 1832 4497; x_wconf 87' lang='lat' dir='ltr'>devoraverunt.</span> <span class='ocrx_word' id='word_1_391' title='bbox 1885 4437 1957 4496; x_wconf 90' lang='lat' dir='ltr'>Et</span> <span class='ocrx_word' id='word_1_392' title='bbox 1991 4455 2194 4516; x_wconf 89' lang='lat' dir='ltr'>neque</span> <span class='ocrx_word' id='word_1_393' title='bbox 2229 4436 2445 4497; x_wconf 92' lang='lat' dir='ltr'>domui</span> <span class='ocrx_word' id='word_1_394' title='bbox 2476 4452 2682 4498; x_wconf 90' lang='lat' dir='ltr'>sancte</span> <span class='ocrx_word' id='word_1_395' title='bbox 2717 4451 2958 4497; x_wconf 87' lang='lat' dir='ltr'>nostrae</span> <span class='ocrx_word' id='word_1_396' title='bbox 2992 4436 3238 4497; x_wconf 88' lang='lat' dir='ltr'>ecclesie</span> 
     </span>
     <span class='ocr_line' id='line_1_44' title="bbox 635 4542 3239 4625; baseline 0 -21"><span class='ocrx_word' id='word_1_397' title='bbox 635 4562 838 4623; x_wconf 89' lang='lat' dir='ltr'>neque</span> <span class='ocrx_word' id='word_1_398' title='bbox 885 4542 1175 4622; x_wconf 88' lang='lat' dir='ltr'>cuiquam</span> <span class='ocrx_word' id='word_1_399' title='bbox 1221 4542 1285 4603; x_wconf 92' lang='lat' dir='ltr'>in</span> <span class='ocrx_word' id='word_1_400' title='bbox 1333 4544 1445 4603; x_wconf 87' lang='lat' dir='ltr'>hac</span> <span class='ocrx_word' id='word_1_401' title='bbox 1481 4543 1765 4605; x_wconf 89' lang='lat' dir='ltr'>Romana</span> <span class='ocrx_word' id='word_1_402' title='bbox 1811 4545 1963 4604; x_wconf 89' lang='lat' dir='ltr'>urbe</span> <span class='ocrx_word' id='word_1_403' title='bbox 2010 4544 2421 4605; x_wconf 88' lang='lat' dir='ltr'>commoranti</span> <span class='ocrx_word' id='word_1_404' title='bbox 2466 4564 2607 4625; x_wconf 88' lang='lat' dir='ltr'>spes</span> <span class='ocrx_word' id='word_1_405' title='bbox 2640 4544 2930 4604; x_wconf 87' lang='lat' dir='ltr'>remansit</span> <span class='ocrx_word' id='word_1_406' title='bbox 2974 4543 3239 4618; x_wconf 85' lang='lat' dir='ltr'>vivendi,</span> 
     </span>
     <span class='ocr_line' id='line_1_45' title="bbox 636 4649 3240 4730; baseline 0 -20"><span class='ocrx_word' id='word_1_407' title='bbox 636 4650 801 4730; x_wconf 83' lang='lat' dir='ltr'>quia,</span> <span class='ocrx_word' id='word_1_408' title='bbox 850 4666 919 4710; x_wconf 87' lang='lat' dir='ltr'>ut</span> <span class='ocrx_word' id='word_1_409' title='bbox 952 4649 1185 4710; x_wconf 88' lang='lat' dir='ltr'>dictum</span> <span class='ocrx_word' id='word_1_410' title='bbox 1220 4665 1327 4727; x_wconf 78' lang='lat' dir='ltr'>est,</span> <span class='ocrx_word' id='word_1_411' title='bbox 1363 4649 1575 4710; x_wconf 90' lang='lat' dir='ltr'>omnia</span> <span class='ocrx_word' id='word_1_412' title='bbox 1608 4649 1772 4710; x_wconf 90' lang='lat' dir='ltr'>ferro</span> <span class='ocrx_word' id='word_1_413' title='bbox 1807 4668 1863 4710; x_wconf 92' lang='lat' dir='ltr'>et</span> <span class='ocrx_word' id='word_1_414' title='bbox 1898 4650 2040 4729; x_wconf 88' lang='lat' dir='ltr'>igne</span> <span class='ocrx_word' id='word_1_415' title='bbox 2073 4666 2567 4725; x_wconf 86' lang='lat' dir='ltr'>consumserunt,</span> <span class='ocrx_word' id='word_1_416' title='bbox 2603 4664 2660 4709; x_wconf 92' lang='lat' dir='ltr'>et</span> <span class='ocrx_word' id='word_1_417' title='bbox 2693 4649 2924 4711; x_wconf 89' lang='lat' dir='ltr'>multos</span> <span class='ocrx_word' id='word_1_418' title='bbox 2959 4649 3240 4710; x_wconf 89' lang='lat' dir='ltr'>homines</span> 
     </span>
     <span class='ocr_line' id='line_1_46' title="bbox 638 4750 3242 4836; baseline -0 -18"><span class='ocrx_word' id='word_1_419' title='bbox 638 4756 1087 4818; x_wconf 88' lang='lat' dir='ltr'>interfecerunt.</span> <span class='ocrx_word' id='word_1_420' title='bbox 1140 4755 1259 4816; x_wconf 89' lang='lat' dir='ltr'>Sed</span> <span class='ocrx_word' id='word_1_421' title='bbox 1293 4772 1350 4816; x_wconf 87' lang='lat' dir='ltr'>et</span> <span class='ocrx_word' id='word_1_422' title='bbox 1386 4756 1704 4836; x_wconf 88' lang='lat' dir='ltr'>copiosam</span> <span class='ocrx_word' id='word_1_423' title='bbox 1740 4756 2033 4817; x_wconf 86' lang='lat' dir='ltr'>familiam</span> <span class='ocrx_word' id='word_1_424' title='bbox 2071 4750 2235 4817; x_wconf 70' lang='lat' dir='ltr'>beati&#39;</span> <span class='ocrx_word' id='word_1_425' title='bbox 2264 4756 2439 4827; x_wconf 84' lang='lat' dir='ltr'>Petri,</span> <span class='ocrx_word' id='word_1_426' title='bbox 2474 4757 2568 4817; x_wconf 89' lang='lat' dir='ltr'>vel</span> <span class='ocrx_word' id='word_1_427' title='bbox 2604 4756 2888 4817; x_wconf 90' lang='lat' dir='ltr'>omnium</span> <span class='ocrx_word' id='word_1_428' title='bbox 2924 4756 3242 4817; x_wconf 87' lang='lat' dir='ltr'>Romano-</span> 
     </span>
     <span class='ocr_line' id='line_1_47' title="bbox 637 4862 3243 4945; baseline 0 -21"><span class='ocrx_word' id='word_1_429' title='bbox 637 4882 796 4942; x_wconf 88' lang='lat' dir='ltr'>rum,</span> <span class='ocrx_word' id='word_1_430' title='bbox 844 4881 967 4924; x_wconf 89' lang='lat' dir='ltr'>tarn</span> <span class='ocrx_word' id='word_1_431' title='bbox 1019 4863 1180 4923; x_wconf 89' lang='lat' dir='ltr'>viros</span> <span class='ocrx_word' id='word_1_432' title='bbox 1226 4882 1546 4943; x_wconf 88' lang='lat' dir='ltr'>quamque</span> <span class='ocrx_word' id='word_1_433' title='bbox 1580 4862 1888 4935; x_wconf 80' lang='lat' dir='ltr'>mulieres,</span> <span class='ocrx_word' id='word_1_434' title='bbox 1936 4864 2385 4945; x_wconf 85' lang='lat' dir='ltr'>iugulaverunt‚</span> <span class='ocrx_word' id='word_1_435' title='bbox 2432 4880 2490 4925; x_wconf 91' lang='lat' dir='ltr'>et</span> <span class='ocrx_word' id='word_1_436' title='bbox 2531 4862 2679 4924; x_wconf 89' lang='lat' dir='ltr'>alios</span> <span class='ocrx_word' id='word_1_437' title='bbox 2726 4864 2930 4945; x_wconf 87' lang='lat' dir='ltr'>plures</span> <span class='ocrx_word' id='word_1_438' title='bbox 2975 4863 3243 4945; x_wconf 84' lang='lat' dir='ltr'>captivos</span> 
     </span>
     <span class='ocr_line' id='line_1_48' title="bbox 638 4970 3242 5051; baseline -0 -19"><span class='ocrx_word' id='word_1_439' title='bbox 638 4971 965 5032; x_wconf 83' lang='lat' dir='ltr'>duxerunt.</span> <span class='ocrx_word' id='word_1_440' title='bbox 1031 4971 1193 5031; x_wconf 89' lang='lat' dir='ltr'>Nam</span> <span class='ocrx_word' id='word_1_441' title='bbox 1239 4986 1297 5031; x_wconf 90' lang='lat' dir='ltr'>et</span> <span class='ocrx_word' id='word_1_442' title='bbox 1345 4971 1704 5032; x_wconf 88' lang='lat' dir='ltr'>innocentes</span> <span class='ocrx_word' id='word_1_443' title='bbox 1737 4970 2068 5034; x_wconf 86' lang='lat' dir='ltr'>infantulos</span> <span class='ocrx_word' id='word_1_444' title='bbox 2101 4993 2133 5032; x_wconf 91' lang='lat' dir='ltr'>a</span> <span class='ocrx_word' id='word_1_445' title='bbox 2168 4972 2452 5033; x_wconf 91' lang='lat' dir='ltr'>mamillis</span> <span class='ocrx_word' id='word_1_446' title='bbox 2486 4987 2752 5032; x_wconf 88' lang='lat' dir='ltr'>matrum</span> <span class='ocrx_word' id='word_1_447' title='bbox 2784 4989 3034 5031; x_wconf 87' lang='lat' dir='ltr'>suarum</span> <span class='ocrx_word' id='word_1_448' title='bbox 3066 4989 3242 5051; x_wconf 86' lang='lat' dir='ltr'>sepa-</span> 
     </span>
    </p>
   </div>
  </div>
 </body>
</html>
