3684 5416
601 385 669 437 42
1563 367 1812 422 Ecclesia
1840 365 2249 438 antiquissima.

607 551 892 613 nesciunt
938 550 1233 632 scriptum
1286 571 1449 612 esse:
1501 558 1561 611 et
1590 549 1898 634 propheta
1945 551 2053 611 ille
2097 557 2206 610 aut
2245 553 2550 612 somnium
2598 554 2938 627 somnians,
2971 552 3078 613 ille
3108 554 3222 633 qm·

606 659 844 720 locutus
875 664 989 732 est,
1037 664 1106 718 ut
1134 679 1348 719 errare
1380 661 1698 738 tefaceret
1727 680 1765 718 a
1797 658 2069 719 Domino
2102 656 2237 717 Deo
2269 663 2389 719 tuo·
2463 656 2666 737 [Dent.
2712 680 2805 739 13,
2853 657 2964 739 15.]
3028 678 3216 722 nemo

606 786 740 847 uos,
788 766 1017 841 fratres,
1067 784 1261 826 errare
1310 786 1343 825 a
1377 763 1633 826 Domini
1681 763 1796 825 uiis
1845 762 2037 824 faciat.
2086 781 2292 828 ‚nemo
2346 783 2460 825 uos
2494 764 2881 827 Christianos
2912 768 2989 826 ab
3022 784 3212 827 euan-

599 875 762 954 gelio
795 872 1024 935 Christi
1058 852 1263 952 rapiat,
1298 889 1486 932 nemo
1522 869 1677 930 filios
1724 868 2012 929 ecclesiae
2060 868 2134 929 de
2168 868 2418 930 ecclesia
2450 869 2636 932 tollat.
2672 886 2922 951 pereant
2952 872 3067 933 sibi
3099 871 3216 933 soli

525 1012 544 1055 5
603 981 711 1061 qui
760 980 953 1062 perire
988 977 1348 1054 uoluerunt,
1402 993 1564 1038 extra
1597 975 1914 1037 ecclesiam
1947 975 2063 1037 soli
2096 992 2453 1037 remaneant
2487 976 2594 1057 qui
2627 978 2703 1038 de
2738 978 2988 1039 ecclesia
3022 998 3216 1040 reces-

602 1103 828 1163 serunt,
861 1086 975 1149 soli
1008 1103 1152 1147 cum
1186 1084 1491 1166 episcopis
1523 1102 1651 1146 non
1684 1083 1803 1144 sint
1833 1083 1943 1163 qui
1977 1098 2184 1143 contra
2217 1083 2543 1166 episcopos
2576 1085 2967 1162 rebellarunt,
2998 1086 3215 1148 coniu-

602 1194 856 1256 rationis
887 1213 1033 1255 suae
1068 1212 1295 1275 paenas
1327 1191 1441 1252 soli
1474 1174 1731 1252 subeant
1764 1191 1872 1271 qui
1906 1190 2057 1251 olim
2089 1190 2434 1250 secundum
2472 1205 2672 1251 uestra
2706 1191 3014 1272 suffragia,
3050 1212 3217 1253 nunc

602 1301 944 1363 secundum
981 1300 1094 1361 Dei
1144 1298 1362 1360 iudicia
1408 1299 1774 1359 sententiam
1825 1297 2273 1359 coniurationis
2319 1312 2378 1358 et
2412 1294 2978 1376 malignitatis'suae
3012 1299 3216 1360 subire

603 1424 982 1471 meruerunt.
1054 1405 1108 1487 [1.
1142 1427 1190 1468 c.
1225 1427 1360 1489 pag.
1404 1404 1793 1488 593—595.]

502 1689 549 1719 to
817 1657 940 1740 Ep.
983 1677 1059 1737 59
1111 1654 1427 1737 [Cornelio
1459 1656 1645 1735 fratri]
1684 1656 1787 1718 V.:
1841 1657 2058 1736 quales
2109 1672 2287 1736 putas
2326 1675 2457 1716 esse
2509 1675 2616 1716 eos
2666 1652 2789 1735 qui¹
2823 1656 3214 1718 sacerdotum

607 1767 813 1827 hostes
861 1781 920 1825 et
969 1780 1180 1825 contra
1231 1764 1550 1824 ecclesiam
1602 1763 1971 1825 catholicam
2006 1762 2258 1824 rebelles
2306 1781 2420 1823 nec
2465 1763 2924 1843 praemonentis
2961 1762 3213 1825 Domini

604 1872 1089 1937 comminatione
1136 1890 1251 1931 nec
1303 1870 1492 1933 futuri
1543 1871 1752 1932 iudicii
1802 1870 2035 1932 ultione
2086 1874 2429 1930 terrentur?
2494 1888 2697 1950 neque
2746 1869 2914 1931 enim
2963 1869 3214 1932 aliunde

605 1982 980 2042 haereses
1012 1980 1263 2039 obortae
1296 1993 1441 2039 sunt
1472 1994 1578 2038 aut
1611 1994 1747 2038 nata
1778 1994 1925 2039 sunt
1956 1977 2390 2038 schismata
2423 1995 2615 2056 quam
2637 1977 2893 2057 quando
2914 1978 3214 2038 sacerdoti

606 2086 722 2148 Dei
773 2106 905 2149 non
955 2087 1414 2166 obtemperatur
1464 2104 1579 2147 nec
1623 2104 1790 2147 unus
1822 2085 1887 2146 in
1922 2083 2176 2145 ecclesia
2208 2085 2283 2145 ad
2316 2101 2565 2164 tempus
2610 2084 2989 2145 sacerdos
3035 2101 3092 2146 et
3137 2085 3213 2145 ad

504 2223 547 2265 ις
603 2210 851 2274 tempus
884 2192 1121 2257 iudex
1168 2191 1342 2252 uice
1389 2192 1701 2253 Christi
1745 2192 2077 2271 cogitatur:
2139 2190 2237 2252 cui
2271 2190 2321 2252 si
2354 2190 2705 2251 secundum
2737 2191 3083 2270 magisteria
3116 2192 3209 2252 di-

607 2302 756 2362 uina
788 2303 1240 2380 obtemperaret
1272 2298 1611 2367 fraternitas
1646 2300 1957 2376 uniuersa,
1994 2319 2182 2361 nemo
2231 2297 2568 2359 aduersum
2599 2299 2987 2359 sacerdotum
3029 2300 3215 2361 colle-

604 2409 781 2487 gium
814 2408 1153 2488 quicquam
1175 2422 1475 2482 moueret,
1501 2426 1688 2469 nemo
1713 2422 1854 2487 post
1885 2407 2255 2468 diuinum
2286 2406 2366 2467 iu
2386 2406 2682 2467 dicium
2702 2454 2719 2483 ‚
2756 2422 2895 2487 post
2928 2426 3080 2487 pop
3100 2407 3213 2468 uli

605 2512 1126 2592 suffragium,
1176 2527 1317 2593 post
1362 2512 2046 2593 coepiscoporum
2095 2532 2618 2590 consensum,
2666 2513 2933 2575 iudicem
2968 2533 3032 2575 se
3081 2533 3213 2575 non

605 2622 728 2681 iam
761 2619 1066 2700 episcopis
1097 2619 1205 2680 sed
1227 2618 1364 2679 Deo
1399 2618 1642 2694 faceret,
1677 2638 1869 2679 nemo
1902 2617 2162 2680 discidio
2196 2618 2446 2679 unitatis
2466 2619 2693 2682 Christi
2714 2619 3034 2681 ecclesiam
3054 2620 3215 2687 scin-e

497 2763 547 2793 ω
604 2729 792 2805 deret,
843 2745 1032 2788 nemo
1073 2726 1191 2787 sibi
1222 2725 1469 2807 placens
1502 2746 1570 2787 ac
1602 2743 1850 2788 tumens
1882 2745 2164 2789 seorsum
2201 2726 2349 2787 foris
2382 2727 2684 2798 haeresim
2716 2747 2951 2790 nouam
2983 2729 3214 2790 conde-

604 2850 723 2896 ret:
760 2833 960 2895 nisisi
996 2832 1073 2893 ita
1106 2848 1197 2893 est
1228 2832 1450 2913 aliquis
1482 2832 1928 2912 sacrilegae
1962 2833 2452 2906 temeritatis
2486 2853 2567 2895 ac
2617 2835 2978 2915 perditae
3011 2854 3213 2896 men·

603 2942 736 3020 tis,
784 2956 865 3002 ut
912 2956 1132 3020 putet
1179 2941 1351 3001 sine
1386 2940 1525 3000 Dei
1573 2939 1886 3001 iudicio
1934 2939 2116 3000 fieri
2149 2941 2684 3019 sacerdotem,
2719 2960 2864 3003 cum
2899 2942 3212 3004 Dominus

603 3049 668 3109 in
715 3047 1042 3126 euangelio
1090 3066 1207 3107 suo
1252 3046 1441 3108 dicat:
1495 3067 1693 3107 nonne
1741 3047 1860 3107 duo
1893 3055 2183 3127 passeres
2221 3066 2357 3107 asse
2387 3054 2650 3108 ueneunt
2678 3054 2740 3107 et
2766 3054 2978 3109 neuter
3008 3069 3212 3108 eorum

602 3156 774 3216 cadit
801 3156 865 3215 in
900 3161 1127 3214 terram
1161 3155 1293 3214 sine
1317 3155 1522 3234 patris
1555 3152 1918 3213 uoluntate?
1980 3150 2189 3232 [Math.
2238 3173 2329 3214 10.
2371 3151 2489 3232 29.]

496 3295 543 3337 25
641 3277 650 3302 ¹
818 3260 975 3322 XIV.
1027 3261 1317 3339 nauigare
1368 3260 1599 3320 audent
1632 3260 1799 3319 etad
1853 3260 2064 3320 Petri
2111 3260 2566 3320 cathedram
2614 3261 2816 3341 adque
2860 3262 2935 3322 ad
2969 3263 3214 3322 eccle-

604 3369 795 3429 siam
832 3367 1407 3450 principalem,
1445 3366 1611 3427 unde
1647 3366 1852 3427 unitas
1884 3366 2275 3427 sacerdotalis
2308 3381 2515 3428 exorta
2549 3384 2657 3443 est,
2706 3370 2781 3428 ab
2813 3368 3214 3429 schismaticis

604 3492 662 3536 et
695 3475 970 3556 profanis
1001 3474 1228 3535 litteras
1261 3474 1415 3535 ferre
1450 3493 1564 3534 nec
1596 3474 1864 3553 cogitare
1899 3493 2007 3535 eos
2041 3493 2171 3534 esse
2195 3474 2515 3533 Romanos
2549 3492 2822 3553 quorum
2859 3474 3012 3535 fides
3033 3494 3213 3556 apos-

604 3582 733 3643 tolo
782 3581 1166 3662 praedicante
1206 3581 1448 3642 laudata
1481 3598 1589 3655 est,
1635 3582 1710 3641 ad
1745 3600 1909 3661 quos
1944 3580 2196 3661 perfidia
2230 3581 2453 3642 habere
2488 3600 2619 3642 non
2653 3582 2845 3662 possit
2877 3601 3211 3643 accessum.

607 3709 765 3769 quae
818 3706 1023 3751 autem
1070 3708 1250 3750 causa
1291 3689 1586 3749 ueniendi
1634 3704 1691 3749 et
1737 3689 2345 3769 pseudoepiscopum
2379 3703 2591 3750 contra
2625 3687 2950 3770 episcopos
2984 3689 3211 3749 factum

496 3829 548 3868 ψ
604 3797 974 3858 nuntiandi?
1008 3812 1112 3857 aut
1143 3796 1310 3856 enim
1346 3797 1541 3877 placet
1574 3794 1692 3856 illis
1726 3795 1902 3874 quod
1937 3795 2212 3857 fecerunt
2232 3809 2292 3855 et
2313 3795 2376 3856 in
2397 3815 2515 3856 suo
2537 3796 2761 3856 scelere
2785 3811 3208 3876 perseuerant;

602 3921 707 3965 aut
740 3903 789 3964 si
824 3904 1100 3985 displicet
1134 3919 1193 3964 et
1226 3904 1544 3981 recedunt,
1587 3903 1790 3963 sciunt
1822 3921 1954 3983 quo
1986 3918 2389 3964 reuertantur.
2456 3921 2601 3963 nam
2632 3921 2776 3963 cum
2808 3918 3106 3965 statutum
3140 3903 3217 3963 sit

602 4012 676 4070 ab
726 4009 1022 4071 omnibus
1057 4010 1237 4071 nobis
1270 4025 1329 4070 et
1361 4029 1634 4090 aequum
1666 4010 1739 4070 sit
1774 4009 1997 4090 pariter
2029 4029 2097 4070 ac
2129 4009 2364 4069 iustum
2397 4024 2465 4070 ut
2500 4009 2996 4090 uniuscuiusque
3030 4029 3213 4071 causa

603 4116 726 4177 illic
763 4117 1048 4178 audiatur
1080 4117 1186 4178 ubi
1223 4131 1312 4177 est
1344 4117 1578 4177 crimen
1612 4116 1977 4194 admissum,
2012 4132 2068 4176 et
2101 4115 2362 4194 singulis
2395 4115 2743 4197 pastoribus
2777 4117 2980 4199 portio
3011 4119 3215 4197 gregis

603 4225 675 4285 sit
708 4223 1010 4304 adscripta
1033 4243 1224 4303 quam
1246 4239 1411 4300 regat
1433 4223 1873 4304 unusquisque
1896 4239 1953 4282 et
1972 4225 2274 4302 gubernet
2299 4223 2600 4284 rationem
2622 4224 2719 4284 sui
2741 4240 2911 4286 actus
2933 4226 3211 4286 Domino

497 4363 545 4406 35
604 4332 974 4408 redditurus,
1012 4347 1257 4412 oportet
1290 4330 1505 4411 utique
1538 4351 1724 4392 eos..
1761 4333 1941 4411 agere
1976 4329 2096 4391 illic
2129 4349 2377 4391 causam
2412 4350 2589 4391 suam
2626 4331 2730 4392 ubi
2754 4347 2809 4391 et
2829 4347 3212 4392 accusatores

603 4439 825 4498 habere
860 4454 917 4498 et
949 4453 1127 4498 testes
1160 4437 1255 4497 sui
1289 4437 1561 4499 criminis
1596 4438 1851 4518 possint.
1924 4435 1981 4516 [1.
2019 4457 2068 4498 c.
2106 4458 2238 4519 pag.
2274 4438 2422 4515 671,
2461 4435 2634 4518 683.]

815 4721 937 4803 Ep.
964 4722 1239 4784 66.V111:
1276 4723 1384 4784 etsi
1418 4738 1753 4784 contumax
1785 4745 1854 4785 ac
1886 4727 2150 4806 superba
2182 4724 2480 4786 obaudire
2501 4724 2850 4786 nolentium
2874 4724 3211 4786 multitudo

602 4830 889 4908 discedat,
938 4830 1187 4891 ecclesia
1236 4844 1443 4891 tamen
1490 4851 1524 4891 a
1555 4830 1806 4893 Christo
1839 4850 1972 4892 non
2005 4831 2251 4909 recedit,
2300 4845 2360 4892 et
2391 4830 2478 4891 illi
2511 4846 2658 4892 sunt
2690 4831 2939 4893 ecclesia
2985 4830 3213 4912 plebs

601 4937 1004 5000 sacerdoti
1052 4939 1399 4999 adunata
1446 4953 1506 5000 et
1550 4938 1777 5019 pastori
1824 4959 1943 5000 suo
1988 4957 2134 5018 grex
2186 4939 2542 5000 adhaerens.
2611 4937 2793 5001 Unde
2839 4938 2992 5001 scire
3025 4940 3214 5001 debes
