3684 5416
1074 384 1337 438 Potestas
1379 383 1758 437 ecclesiastica
1800 396 1855 437 et
1896 381 2196 452 imperium
2239 381 2412 436 civile.
2942 400 3043 456 2¹3

431 566 678 627 solitam
710 587 745 627 a
775 581 1058 647 tempore
1091 566 1497 648 possessionis
1530 566 1683 628 infra
1716 585 1989 636 annum;
2025 582 2083 627 et
2116 566 2391 627 debiturn
2429 567 2789 627 huiusmodi
2821 566 2885 627 in
2906 587 3044 628 suc·

433 691 741 733 cessorem
779 673 841 732 in
874 672 1177 734 beneficio
1209 691 1339 734 non
1371 688 1651 734 transeat.
1700 674 1792 734 De
1825 671 2143 734 beneficiis
2176 691 2342 751 vero,
2378 693 2499 754 que
2532 673 2804 735 valorem
2836 673 3046 752 viginti

432 794 708 858 quatuor
751 778 1135 840 florenorum
1180 780 1256 841 de
1305 799 1543 842 camera
1590 799 1723 842 non
1770 780 2094 854 excedunt,
2143 779 2297 840 nihil
2343 780 2633 841 solvatur.
2698 781 3046 860 Curratque

431 887 549 947 hec
580 885 962 947 observantia
995 886 1314 967 deinceps,
1350 886 1468 948 nisi
1503 905 1647 947 eam
1681 885 1957 947 similiter
1989 886 2054 946 in
2085 885 2297 947 futuro
2328 886 2592 948 concilio
2625 887 2701 948 de
2735 905 3046 948 consensu

343 1023 365 1064 ς
435 993 705 1053 nationis
738 992 1027 1053 inmutari
1062 993 1393 1074 contingat.

297 1539 372 1587 ‘ro

316 2092 367 2136 ι5

307 2626 368 2657 20

309 4883 373 4922 40

653 1096 732 1179 [5]
787 1100 854 1161 In
887 1098 1019 1160 aliis
1051 1116 1277 1171 autem,
1327 1120 1449 1181 que
1484 1120 1589 1181 per
1623 1100 1811 1162 felicis
1844 1100 2296 1162 recordacionis
2328 1100 2659 1163 dominum
2694 1101 3047 1180 Eugenium

437 1225 660 1287 papam
708 1222 994 1287 quartum
1038 1226 1151 1288 pro
1183 1207 1433 1269 natione
1466 1208 1695 1288 prefata
1730 1227 1929 1288 usque
1961 1209 2038 1270 ad
2070 1224 2314 1290 tempus
2347 1207 2533 1269 futuri
2564 1206 2867 1287 generalis
2899 1227 3046 1268 con·

433 1313 558 1373 cilii
607 1313 898 1393 permissa
947 1334 1237 1376 concessa
1285 1315 1518 1376 indulta
1564 1331 1746 1395 atque
1794 1316 2034 1376 decreta
2067 1331 2125 1376 et
2158 1335 2265 1397 per
2295 1331 2710 1376 memoratum
2744 1315 3046 1376 sanctissi-

437 1439 616 1480 mum
663 1421 997 1482 dominum
1047 1436 1329 1482 nostrum
1377 1441 1596 1503 papam
1634 1422 1967 1484 Nicolaum
2015 1422 2374 1483 confirmata
2410 1422 2599 1500 fuere,
2646 1423 2707 1483 in
2740 1438 3046 1502 quantum

435 1527 533 1588 illa
566 1527 899 1589 concordie
935 1529 1198 1607 presenti
1234 1547 1363 1589 non
1397 1530 1668 1593 obviant.
1705 1530 1811 1590 ista
1847 1530 1976 1590 vice
2009 1530 2163 1591 nihil
2196 1529 2385 1590 extitit
2418 1529 2832 1591 immutatum.

651 1632 734 1714 [6]
766 1634 978 1696 Voluit
1010 1636 1195 1697 etiam
1231 1653 1616 1697 memoratus
1649 1637 1943 1698 dominus
1975 1638 2228 1716 legatus,
2260 1638 2435 1717 quod
2455 1657 2641 1718 super
2661 1637 3049 1698 concordatis

433 1742 822 1823 presentibus
842 1743 1068 1822 singuli
1090 1744 1542 1824 metropolitani
1565 1744 1868 1825 predictae
1891 1744 2154 1805 nationis
2175 1744 2523 1825 petentibus
2543 1745 3046 1825 quibuscunque,

433 1865 741 1927 quantum
777 1869 937 1931 opus
970 1850 1056 1910 eis
1088 1850 1408 1924 videbitur,
1440 1853 1558 1913 sub
1591 1853 1723 1912 suis
1756 1851 1971 1932 sigillis
1991 1866 2404 1931 transsumpta
2426 1852 2764 1912 concedere
2786 1852 3046 1926 valeant,

432 1955 735 2036 quodque
766 1958 1153 2017 transsumtis
1185 1959 1417 2019 eisdem
1451 1959 1511 2020 in
1545 1958 1775 2020 iudicio
1807 1974 1866 2018 et
1898 1974 2060 2018 extra
2081 1974 2270 2018 stetur
2290 1974 2346 2018 et
2368 1958 2730 2019 adhibeatur
2749 1975 3043 2040 tanquam

433 2063 582 2123 huic
629 2063 913 2144 originali
960 2080 1118 2125 carte
1168 2085 1276 2145 per
1322 2065 1529 2126 omnia
1580 2067 1757 2146 plena
1805 2064 1975 2127 fides.
2038 2066 2152 2126 Per
2183 2066 2306 2126 hoc
2336 2082 2563 2142 autem,
2598 2065 2768 2144 quod
2805 2067 2867 2126 in
2900 2085 3047 2126 con-

434 2169 701 2230 cordatis
736 2170 1095 2232 huiusmodi
1130 2171 1254 2232 sive
1288 2172 1610 2251 quibusvis
1642 2172 1773 2233 aliis
1807 2192 2026 2235 eorum
2060 2171 2383 2234 occasione
2418 2171 2815 2232 conficiendis
2834 2173 3048 2232 litteris

436 2278 1248 2358 proptercompetentiorem
1263 2278 1732 2359 descriptionem
1751 2278 2071 2341 Alamania
2084 2279 2363 2360 specialis
2374 2279 2711 2360 appellatur
2722 2279 2908 2357 natio,
2922 2278 3048 2360 ipsa

436 2383 672 2444 censeri
705 2403 834 2445 non
869 2384 1050 2445 debet
1081 2405 1114 2446 a
1148 2385 1510 2446 Germanica
1545 2386 1791 2447 natione
1825 2386 2102 2447 distincta
2137 2406 2245 2447 seu
2269 2386 2742 2466 quomodolibet
2762 2403 3049 2466 separata.

654 2490 750 2551 Ad
799 2490 984 2553 fidem
1033 2492 1217 2571 igitur
1264 2508 1321 2552 et
1354 2495 1546 2553 robur
1579 2513 1648 2553 ac
1680 2493 2101 2554 testimonium
2138 2494 2423 2554 omnium
2462 2492 2903 2573 premissorum
2937 2511 3052 2554 nos

439 2596 786 2659 Fridericus
822 2599 1250 2660 Romanorum
1301 2618 1401 2660 rex
1452 2617 1509 2660 et
1568 2618 1685 2659 nos
1715 2595 2026 2660 Iohannes
2073 2599 2393 2660 cardinalis
2437 2601 2676 2679 legatus
2721 2599 3050 2679 supradicti

434 2721 667 2765 cartam
701 2723 1047 2786 presentem
1083 2706 1305 2767 nostris
1337 2706 1626 2788 appensis
1664 2706 2098 2769 mandavimus
2129 2707 2502 2771 communiri
2538 2706 2767 2786 sigillis.

1507 2835 1603 2894 Ad
1640 2834 1997 2896 mandatum
2034 2834 2271 2896 domini
2305 2833 2463 2913 regis
2498 2834 2558 2893 in
2594 2834 2871 2894 consilio,

1125 3100 1218 3155 aa.
1282 3099 1748 3153 ..ittexmnssn
1787 3098 1892 3155 vl.
1931 3098 2363 3167 (mennas).

652 3249 679 3277 ¹*
720 3246 1033 3300 Bullarium
1071 3262 1382 3307 romanum,
1422 3243 1569 3298 Edit.
1596 3242 1831 3297 Taurin.
1864 3244 2036 3297 Tom.
2066 3244 2133 3296 V.
2177 3259 2228 3313 p.
2259 3243 2351 3315 361
2389 3260 2507 3313 seq.
2560 3243 2602 3296 P
2623 3242 2908 3304 eschel‚
2936 3244 3054 3297 Ge-

342 3341 361 3371 ³
436 3325 679 3379 scleichte
728 3326 823 3379 des
877 3326 1166 3379 Zeitalters
1215 3325 1318 3377 der
1369 3325 1800 3392 Entdeckungen.
1862 3323 2149 3393 Stuttgart
2208 3321 2356 3393 1858.
2396 3340 2449 3393 p.
2496 3340 2616 3393 ²30·
2680 3323 2910 3385 Idem,
2955 3326 3058 3378 Die

454 3406 713 3475 771eilung
748 3406 850 3460 der
887 3406 1030 3459 Erde
1068 3409 1228 3459 unter
1253 3405 1568 3457 Alexander
1616 3405 1699 3455 VI.
1740 3405 1858 3456 und
1892 3404 2077 3471 Julius
2106 3405 2171 3456 II.
2210 3401 2442 3473 Leipzig
2479 3400 2624 3473 1871.
2678 3402 3055 3461 Leonetti,

437 3486 753 3540 Alexander
787 3488 869 3540 VI.
919 3485 1104 3539 Roma
1157 3483 1303 3539 1880.
1332 3502 1378 3555 3.
1408 3484 1521 3536 vol.
1573 3483 1668 3535 Ba
1688 3502 1723 3537 u
1743 3500 1798 3535 m
1818 3523 1830 3545 ‚
1885 3485 1987 3536 Die
2034 3485 2580 3537 Demarcatr'onslim'e
2617 3483 2786 3555 Papst
2819 3486 3054 3537 Alexan-

433 3570 541 3622 der
588 3569 672 3621 VI.
709 3568 827 3620 und
856 3567 976 3620 ihre
1015 3566 1231 3635 Folgen.
1274 3565 1425 3619 Koln
1464 3564 1608 3635 2890.
1663 3565 1968 3626 Pastor,
2015 3563 2345 3618 Geschichte
2381 3565 2481 3617 der
2519 3564 2729 3635 Pa‘pste.
2769 3564 2941 3618 Tom.
2971 3563 3056 3618 111.

435 3666 492 3719 p.
519 3647 645 3716 489.
697 3647 887 3701 Civiltd
927 3649 1194 3700 cattolica.
1241 3646 1330 3700 Vl.
1368 3664 1406 3698 1.
1438 3662 1489 3715 p.
1518 3645 1619 3698 662
1653 3660 1773 3714 seq.
1839 3644 1890 3696 H
1910 3662 1939 3697 e
1957 3662 1983 3697 r
1999 3661 2083 3713 ge
2103 3661 2137 3697 n
2157 3649 2235 3696 r&
2255 3643 2327 3696 th
2346 3660 2375 3697 e
2394 3661 2449 3706 r,
2490 3644 3056 3715 Kirchengesclnehte.

435 3729 614 3782 Tom.
645 3728 706 3780 n.
735 3744 787 3798 p.
825 3728 970 3798 1056.

439 3883 696 3950 [Insulae
733 3883 855 3934 novi
886 3883 1030 3934 orbis
1068 3899 1100 3933 a
1145 3880 1489 3933 Ferdinando
1529 3880 1925 3950 Hispaniarum
1979 3895 2109 3947 rege
2146 3882 2199 3931 et
2236 3877 2539 3930 Elisabetha
2580 3880 2771 3947 regina
2812 3884 3059 3949 repertae

1246 3964 1302 4012 et
1338 3960 1687 4031 reperiendae
1723 3958 1968 4012 concedit
1999 3959 2214 4011 eisdem.
2216 3960 2249 4024 ]

658 4091 817 4151 Inter
862 4105 1092 4151 caetera
1127 4089 1365 4150 divinae
1401 4090 1696 4150 maiestati
1733 4089 2103 4171 beneplacita
2138 4109 2323 4170 opera
2357 4104 2414 4149 et
2447 4088 2645 4149 cordis
2679 4088 2867 4148 nostri
2902 4088 3058 4148 desi-

441 4197 734 4260 derabilia
769 4196 920 4258 illud
957 4195 1233 4277 profecto
1267 4197 1661 4277 potissimum
1697 4197 1905 4269 extitit,
1943 4213 2022 4257 ut
2071 4196 2275 4256 fides
2321 4194 2723 4256 catholica
2756 4210 2827 4255 et
2860 4196 3059 4255 chri-

343 4347 360 4356 -
439 4306 702 4366 stiana
765 4304 1097 4385 religi0,
1177 4304 1479 4365 nostris
1513 4305 1984 4384 praesertim
2048 4302 2586 4383 temporibus,
2663 4302 3061 4363 exaltetur

439 4431 526 4472 ac
575 4410 925 4472 ubilibet
971 4410 1355 4490 amplietu
1378 4431 1404 4471 r
1437 4427 1509 4470 et
1542 4410 1961 4485 dilatetur,
1997 4410 2471 4489 animarumque
2504 4410 2666 4469 salus
2700 4426 3063 4489 procuretur

438 4538 523 4578 ac
576 4518 1039 4578 barbaricae
1094 4518 1468 4578 nationes
1515 4518 2073 4598 deprimantur
2120 4534 2190 4578 et
2238 4519 2324 4578 ad
2377 4515 2616 4577 fidem
2663 4516 2906 4597 ipsam
2954 4536 3061 4576 re·

441 4627 860 4686 ducantur.
927 4624 1127 4699 Unde,
1176 4643 1322 4685 cnm
1369 4626 1444 4685 ad
1496 4626 1651 4685 hanc
1699 4644 1932 4685 sacram
1968 4625 2120 4685 Petri
2173 4624 2404 4697 sedem,
2438 4624 2638 4684 divina
2671 4623 2906 4684 favente
2942 4624 3060 4681 cle-

443 4732 690 4809 mentia,
723 4731 952 4792 meritis
985 4731 1121 4791 licet
1154 4731 1512 4812 imparibus,
1548 4731 1736 4791 evecti
1774 4729 2091 4803 fuerimuS‚
2128 4747 2566 4808 cognoscentes
2600 4751 2708 4791 vos
2741 4745 3062 4808 tamquam

443 4856 622 4898 veros
654 4838 985 4899 catholicos
1019 4857 1189 4916 reges
1224 4853 1282 4899 et
1316 4837 1633 4918 principeS‚
1671 4838 1885 4916 quales
1919 4856 2046 4896 sem
2060 4857 2164 4917 per
2200 4836 2382 4898 fuisse
2407 4837 2720 4909 novimu5‚
2757 4853 2866 4897 eta
2891 4836 3062 4896 vobis

447 4944 751 5026 praeclare
797 4962 963 5025 gesta
1014 4946 1120 5005 toti
1172 4965 1364 5026 paene
1412 4946 1531 5005 iam
1580 4945 1711 5004 orbi
1749 4944 2065 5004 notissima
2116 4944 2557 5019 demonstrant.
2596 4944 2831 5004 nedum
2867 4944 2922 5002 id
2961 4964 3061 5003 ex-
