<?xml version="1.0" encoding="UTF-8"?>
<!DOCTYPE html PUBLIC "-//W3C//DTD XHTML 1.0 Transitional//EN"
    "http://www.w3.org/TR/xhtml1/DTD/xhtml1-transitional.dtd">
<html xmlns="http://www.w3.org/1999/xhtml" xml:lang="en" lang="en">
 <head>
  <title>
</title>
<meta http-equiv="Content-Type" content="text/html;charset=utf-8" />
  <meta name='ocr-system' content='tesseract 3.04.00' />
  <meta name='ocr-capabilities' content='ocr_page ocr_carea ocr_par ocr_line ocrx_word'/>
</head>
<body>
  <div class='ocr_page' id='page_1' title='image "./fontesiuriscano00unkngoog/fontesiuriscano00unkngoog_0235.png"; bbox 0 0 3684 5416; ppageno 0'>
   <div class='ocr_carea' id='block_1_1' title="bbox 275 1592 332 1629">
    <p class='ocr_par' dir='ltr' id='par_1_1' title="bbox 275 1592 332 1629">
     <span class='ocr_line' id='line_1_1' title="bbox 275 1592 332 1629; baseline -0.035 0"><span class='ocrx_word' id='word_1_1' title='bbox 275 1592 332 1629; x_wconf 71' lang='lat'>¹0</span> 
     </span>
    </p>
   </div>
   <div class='ocr_carea' id='block_1_2' title="bbox 277 2128 327 2173">
    <p class='ocr_par' dir='ltr' id='par_1_2' title="bbox 277 2128 327 2173">
     <span class='ocr_line' id='line_1_2' title="bbox 277 2128 327 2173; baseline 0 0"><span class='ocrx_word' id='word_1_2' title='bbox 277 2128 327 2173; x_wconf 77' lang='lat'>⁸5</span> 
     </span>
    </p>
   </div>
   <div class='ocr_carea' id='block_1_3' title="bbox 280 3178 335 3223">
    <p class='ocr_par' dir='ltr' id='par_1_3' title="bbox 280 3178 335 3223">
     <span class='ocr_line' id='line_1_3' title="bbox 280 3178 335 3223; baseline 0 0"><span class='ocrx_word' id='word_1_3' title='bbox 280 3178 335 3223; x_wconf 66' lang='grc' dir='ltr'>τε</span> 
     </span>
    </p>
   </div>
   <div class='ocr_carea' id='block_1_4' title="bbox 285 3729 342 3767">
    <p class='ocr_par' dir='ltr' id='par_1_4' title="bbox 285 3729 342 3767">
     <span class='ocr_line' id='line_1_4' title="bbox 285 3729 342 3767; baseline 0 -8"><span class='ocrx_word' id='word_1_4' title='bbox 285 3729 342 3767; x_wconf 58' lang='lat' dir='ltr'>ao</span> 
     </span>
    </p>
   </div>
   <div class='ocr_carea' id='block_1_5' title="bbox 285 4260 339 4306">
    <p class='ocr_par' dir='ltr' id='par_1_5' title="bbox 285 4260 339 4306">
     <span class='ocr_line' id='line_1_5' title="bbox 285 4260 339 4306; baseline -0.019 0"><span class='ocrx_word' id='word_1_5' title='bbox 285 4260 339 4306; x_wconf 79' lang='lat'>35</span> 
     </span>
    </p>
   </div>
   <div class='ocr_carea' id='block_1_6' title="bbox 289 4797 348 4835">
    <p class='ocr_par' dir='ltr' id='par_1_6' title="bbox 289 4797 348 4835">
     <span class='ocr_line' id='line_1_6' title="bbox 289 4797 348 4835; baseline 0 -8"><span class='ocrx_word' id='word_1_6' title='bbox 289 4797 348 4835; x_wconf 67' lang='lat' dir='ltr'>qo</span> 
     </span>
    </p>
   </div>
   <div class='ocr_carea' id='block_1_7' title="bbox 367 426 2992 502">
    <p class='ocr_par' dir='ltr' id='par_1_7' title="bbox 367 426 2992 502">
     <span class='ocr_line' id='line_1_7' title="bbox 367 426 2992 502; baseline 0.002 -22"><span class='ocrx_word' id='word_1_7' title='bbox 367 471 429 494; x_wconf 73' lang='grc'>,,,</span> <span class='ocrx_word' id='word_1_8' title='bbox 1020 426 1285 484; x_wconf 76' lang='lat' dir='ltr'>Potestas</span> <span class='ocrx_word' id='word_1_9' title='bbox 1325 427 1702 485; x_wconf 77' lang='lat' dir='ltr'>ecclesiastica</span> <span class='ocrx_word' id='word_1_10' title='bbox 1742 441 1800 485; x_wconf 89' lang='lat' dir='ltr'>et</span> <span class='ocrx_word' id='word_1_11' title='bbox 1835 446 2141 501; x_wconf 79' lang='lat' dir='ltr'>tmpertum</span> <span class='ocrx_word' id='word_1_12' title='bbox 2180 429 2356 486; x_wconf 89' lang='lat' dir='ltr'>civile.</span> <span class='ocrx_word' id='word_1_13' title='bbox 2890 448 2992 502; x_wconf 82' lang='lat'>¹97</span> 
     </span>
    </p>
   </div>
   <div class='ocr_carea' id='block_1_8' title="bbox 381 504 2443 514">
    <p class='ocr_par' dir='ltr' id='par_1_8' title="bbox 381 504 2443 514">
     <span class='ocr_line' id='line_1_8' title="bbox 381 504 2443 514; baseline 0 -2"><span class='ocrx_word' id='word_1_14' title='bbox 381 504 2403 514; x_wconf 46' lang='lat' dir='ltr'>—ffimffl-</span> <span class='ocrx_word' id='word_1_15' title='bbox 2420 509 2443 512; x_wconf 52' lang='grc' dir='ltr'>ι</span> 
     </span>
    </p>
   </div>
   <div class='ocr_carea' id='block_1_9' title="bbox 377 611 3093 2522">
    <p class='ocr_par' dir='ltr' id='par_1_9' title="bbox 379 611 2997 1231">
     <span class='ocr_line' id='line_1_9' title="bbox 594 611 2994 697; baseline 0.001 -24"><span class='ocrx_word' id='word_1_16' title='bbox 594 611 672 673; x_wconf 87' lang='lat' dir='ltr'>Et</span> <span class='ocrx_word' id='word_1_17' title='bbox 720 628 790 674; x_wconf 91' lang='lat' dir='ltr'>ut</span> <span class='ocrx_word' id='word_1_18' title='bbox 839 613 914 674; x_wconf 91' lang='lat' dir='ltr'>de</span> <span class='ocrx_word' id='word_1_19' title='bbox 965 612 1124 694; x_wconf 88' lang='lat' dir='ltr'>regis</span> <span class='ocrx_word' id='word_1_20' title='bbox 1169 613 1342 676; x_wconf 89' lang='lat' dir='ltr'>electi</span> <span class='ocrx_word' id='word_1_21' title='bbox 1390 614 1477 676; x_wconf 88' lang='lat' dir='ltr'>sic</span> <span class='ocrx_word' id='word_1_22' title='bbox 1521 630 1581 676; x_wconf 89' lang='lat' dir='ltr'>et</span> <span class='ocrx_word' id='word_1_23' title='bbox 1622 613 1897 676; x_wconf 90' lang='lat' dir='ltr'>coronati</span> <span class='ocrx_word' id='word_1_24' title='bbox 1931 634 2196 697; x_wconf 90' lang='lat' dir='ltr'>persona</span> <span class='ocrx_word' id='word_1_25' title='bbox 2227 631 2641 677; x_wconf 79' lang='lat' dir='ltr'><strong>sacrosanctae</strong></span> <span class='ocrx_word' id='word_1_26' title='bbox 2673 615 2994 676; x_wconf 77' lang='lat' dir='ltr'>Romanae</span> 
     </span>
     <span class='ocr_line' id='line_1_10' title="bbox 379 718 2997 802; baseline 0.002 -22"><span class='ocrx_word' id='word_1_27' title='bbox 379 718 673 781; x_wconf 66' lang='lat' dir='ltr'>‘ecclesiae</span> <span class='ocrx_word' id='word_1_28' title='bbox 705 718 882 781; x_wconf 86' lang='lat' dir='ltr'>matri</span> <span class='ocrx_word' id='word_1_29' title='bbox 912 735 1154 781; x_wconf 89' lang='lat' dir='ltr'>nostrae</span> <span class='ocrx_word' id='word_1_30' title='bbox 1185 740 1345 783; x_wconf 88' lang='lat' dir='ltr'>nova</span> <span class='ocrx_word' id='word_1_31' title='bbox 1368 720 1593 802; x_wconf 89' lang='lat' dir='ltr'>gaudia</span> <span class='ocrx_word' id='word_1_32' title='bbox 1614 721 2036 798; x_wconf 88' lang='lat' dir='ltr'>cumulentur,</span> <span class='ocrx_word' id='word_1_33' title='bbox 2059 721 2227 783; x_wconf 91' lang='lat' dir='ltr'>idem</span> <span class='ocrx_word' id='word_1_34' title='bbox 2259 740 2362 782; x_wconf 85' lang='lat' dir='ltr'>rex</span> <span class='ocrx_word' id='word_1_35' title='bbox 2384 736 2474 782; x_wconf 88' lang='lat' dir='ltr'>est</span> <span class='ocrx_word' id='word_1_36' title='bbox 2494 720 2613 782; x_wconf 85' lang='lat' dir='ltr'>fide</span> <span class='ocrx_word' id='word_1_37' title='bbox 2635 722 2997 797; x_wconf 75' lang='lat' dir='ltr'>catholicuS,</span> 
     </span>
     <span class='ocr_line' id='line_1_11' title="bbox 383 825 2988 911; baseline 0 -23"><span class='ocrx_word' id='word_1_38' title='bbox 383 825 778 889; x_wconf 90' lang='lat' dir='ltr'>ecclesiarum</span> <span class='ocrx_word' id='word_1_39' title='bbox 824 841 1079 904; x_wconf 90' lang='lat' dir='ltr'>amator,</span> <span class='ocrx_word' id='word_1_40' title='bbox 1125 827 1384 890; x_wconf 89' lang='lat' dir='ltr'>iustitiae</span> <span class='ocrx_word' id='word_1_41' title='bbox 1429 828 1649 904; x_wconf 91' lang='lat' dir='ltr'>cultor,</span> <span class='ocrx_word' id='word_1_42' title='bbox 1696 828 1939 909; x_wconf 89' lang='lat' dir='ltr'>pollens</span> <span class='ocrx_word' id='word_1_43' title='bbox 1983 828 2264 906; x_wconf 90' lang='lat' dir='ltr'>consili0,</span> <span class='ocrx_word' id='word_1_44' title='bbox 2298 828 2545 908; x_wconf 86' lang='lat' dir='ltr'>fulgens</span> <span class='ocrx_word' id='word_1_45' title='bbox 2577 827 2814 909; x_wconf 90' lang='lat' dir='ltr'>pietate,</span> <span class='ocrx_word' id='word_1_46' title='bbox 2849 848 2988 911; x_wconf 83' lang='lat' dir='ltr'>pro-</span> 
     </span>
     <span class='ocr_line' id='line_1_12' title="bbox 383 933 2994 1018; baseline 0 -23"><span class='ocrx_word' id='word_1_47' title='bbox 383 933 530 1015; x_wconf 88' lang='lat' dir='ltr'>priis</span> <span class='ocrx_word' id='word_1_48' title='bbox 562 950 784 1016; x_wconf 89' lang='lat' dir='ltr'>potens</span> <span class='ocrx_word' id='word_1_49' title='bbox 813 934 1049 997; x_wconf 79' lang='lat' dir='ltr'>viribus</span> <span class='ocrx_word' id='word_1_50' title='bbox 1080 951 1138 995; x_wconf 85' lang='lat' dir='ltr'>et</span> <span class='ocrx_word' id='word_1_51' title='bbox 1169 936 1511 998; x_wconf 90' lang='lat' dir='ltr'>multorum</span> <span class='ocrx_word' id='word_1_52' title='bbox 1545 933 1889 1018; x_wconf 91' lang='lat' dir='ltr'>potentium</span> <span class='ocrx_word' id='word_1_53' title='bbox 1924 933 2216 997; x_wconf 83' lang='lat' dir='ltr'>affinitate</span> <span class='ocrx_word' id='word_1_54' title='bbox 2249 954 2586 1015; x_wconf 88' lang='lat' dir='ltr'>connexus,</span> <span class='ocrx_word' id='word_1_55' title='bbox 2618 934 2759 1015; x_wconf 92' lang='lat' dir='ltr'>deo,</span> <span class='ocrx_word' id='word_1_56' title='bbox 2793 952 2859 997; x_wconf 92' lang='lat' dir='ltr'>ut</span> <span class='ocrx_word' id='word_1_57' title='bbox 2891 935 2994 996; x_wconf 83' lang='lat' dir='ltr'>fir-</span> 
     </span>
     <span class='ocr_line' id='line_1_13' title="bbox 384 1041 2994 1126; baseline -0 -21"><span class='ocrx_word' id='word_1_58' title='bbox 384 1042 566 1105; x_wconf 84' lang='lat' dir='ltr'>miter</span> <span class='ocrx_word' id='word_1_59' title='bbox 610 1041 957 1123; x_wconf 82' lang='lat' dir='ltr'>opinamur,</span> <span class='ocrx_word' id='word_1_60' title='bbox 1002 1042 1279 1105; x_wconf 89' lang='lat' dir='ltr'>amabilis</span> <span class='ocrx_word' id='word_1_61' title='bbox 1327 1059 1386 1105; x_wconf 90' lang='lat' dir='ltr'>et</span> <span class='ocrx_word' id='word_1_62' title='bbox 1418 1043 1705 1106; x_wconf 88' lang='lat' dir='ltr'>humanis</span> <span class='ocrx_word' id='word_1_63' title='bbox 1735 1044 2099 1126; x_wconf 81' lang='lat' dir='ltr'>aspectibus,</span> <span class='ocrx_word' id='word_1_64' title='bbox 2132 1060 2199 1106; x_wconf 91' lang='lat' dir='ltr'>ut</span> <span class='ocrx_word' id='word_1_65' title='bbox 2230 1044 2515 1122; x_wconf 88' lang='lat' dir='ltr'>cernitur,</span> <span class='ocrx_word' id='word_1_66' title='bbox 2548 1043 2867 1124; x_wconf 75' lang='lat' dir='ltr'>gratiosuS,</span> <span class='ocrx_word' id='word_1_67' title='bbox 2900 1041 2994 1104; x_wconf 90' lang='lat' dir='ltr'>in-</span> 
     </span>
     <span class='ocr_line' id='line_1_14' title="bbox 382 1149 2798 1231; baseline 0 -20"><span class='ocrx_word' id='word_1_68' title='bbox 382 1168 569 1231; x_wconf 83' lang='lat' dir='ltr'>super</span> <span class='ocrx_word' id='word_1_69' title='bbox 602 1167 864 1230; x_wconf 89' lang='lat' dir='ltr'>corpore</span> <span class='ocrx_word' id='word_1_70' title='bbox 892 1164 1181 1212; x_wconf 87' lang='lat' dir='ltr'>strenuus</span> <span class='ocrx_word' id='word_1_71' title='bbox 1213 1166 1274 1212; x_wconf 92' lang='lat' dir='ltr'>et</span> <span class='ocrx_word' id='word_1_72' title='bbox 1306 1151 1370 1212; x_wconf 92' lang='lat' dir='ltr'>in</span> <span class='ocrx_word' id='word_1_73' title='bbox 1406 1153 1589 1212; x_wconf 90' lang='lat' dir='ltr'>rebus</span> <span class='ocrx_word' id='word_1_74' title='bbox 1621 1150 1851 1213; x_wconf 85' lang='lat' dir='ltr'><strong>bellicis</strong></span> <span class='ocrx_word' id='word_1_75' title='bbox 1882 1166 2096 1213; x_wconf 91' lang='lat' dir='ltr'>contra</span> <span class='ocrx_word' id='word_1_76' title='bbox 2128 1149 2404 1214; x_wconf 86' lang='lat' dir='ltr'>infideles</span> <span class='ocrx_word' id='word_1_77' title='bbox 2435 1150 2798 1213; x_wconf 85' lang='lat' dir='ltr'>fortunatus.</span> 
     </span>
    </p>

    <p class='ocr_par' dir='ltr' id='par_1_10' title="bbox 381 1256 2996 1661">
     <span class='ocr_line' id='line_1_15' title="bbox 599 1256 2994 1340; baseline 0.002 -24"><span class='ocrx_word' id='word_1_78' title='bbox 599 1256 856 1337; x_wconf 78' lang='lat' dir='ltr'>Propter</span> <span class='ocrx_word' id='word_1_79' title='bbox 885 1256 1054 1336; x_wconf 91' lang='lat' dir='ltr'>quod</span> <span class='ocrx_word' id='word_1_80' title='bbox 1088 1277 1406 1339; x_wconf 90' lang='lat' dir='ltr'>speramus</span> <span class='ocrx_word' id='word_1_81' title='bbox 1439 1259 1505 1319; x_wconf 92' lang='lat' dir='ltr'>in</span> <span class='ocrx_word' id='word_1_82' title='bbox 1537 1276 1633 1337; x_wconf 90' lang='lat' dir='ltr'>e0,</span> <span class='ocrx_word' id='word_1_83' title='bbox 1668 1258 1775 1339; x_wconf 92' lang='lat' dir='ltr'>qui</span> <span class='ocrx_word' id='word_1_84' title='bbox 1807 1276 1981 1339; x_wconf 91' lang='lat' dir='ltr'>reges</span> <span class='ocrx_word' id='word_1_85' title='bbox 2013 1274 2070 1320; x_wconf 92' lang='lat' dir='ltr'>et</span> <span class='ocrx_word' id='word_1_86' title='bbox 2100 1277 2289 1340; x_wconf 87' lang='lat' dir='ltr'>regna</span> <span class='ocrx_word' id='word_1_87' title='bbox 2322 1258 2652 1337; x_wconf 85' lang='lat' dir='ltr'>constituit,</span> <span class='ocrx_word' id='word_1_88' title='bbox 2688 1259 2857 1340; x_wconf 90' lang='lat' dir='ltr'>quod</span> <span class='ocrx_word' id='word_1_89' title='bbox 2880 1260 2994 1320; x_wconf 90' lang='lat' dir='ltr'>sub</span> 
     </span>
     <span class='ocr_line' id='line_1_16' title="bbox 383 1362 2996 1447; baseline 0 -23"><span class='ocrx_word' id='word_1_90' title='bbox 383 1362 518 1425; x_wconf 87' lang='lat' dir='ltr'>eius</span> <span class='ocrx_word' id='word_1_91' title='bbox 550 1362 894 1444; x_wconf 88' lang='lat' dir='ltr'>principatu</span> <span class='ocrx_word' id='word_1_92' title='bbox 928 1362 1177 1444; x_wconf 88' lang='lat' dir='ltr'>pacifica</span> <span class='ocrx_word' id='word_1_93' title='bbox 1208 1363 1386 1444; x_wconf 88' lang='lat' dir='ltr'>quies</span> <span class='ocrx_word' id='word_1_94' title='bbox 1419 1383 1609 1444; x_wconf 92' lang='lat' dir='ltr'>regno</span> <span class='ocrx_word' id='word_1_95' title='bbox 1643 1364 1982 1447; x_wconf 87' lang='lat' dir='ltr'>proveniet,</span> <span class='ocrx_word' id='word_1_96' title='bbox 2030 1385 2146 1447; x_wconf 87' lang='lat' dir='ltr'>pax</span> <span class='ocrx_word' id='word_1_97' title='bbox 2178 1365 2466 1444; x_wconf 89' lang='lat' dir='ltr'>ecclesiis,</span> <span class='ocrx_word' id='word_1_98' title='bbox 2500 1364 2830 1428; x_wconf 90' lang='lat' dir='ltr'>concordia</span> <span class='ocrx_word' id='word_1_99' title='bbox 2862 1364 2996 1447; x_wconf 89' lang='lat' dir='ltr'>ple-</span> 
     </span>
     <span class='ocr_line' id='line_1_17' title="bbox 382 1471 2993 1554; baseline 0 -20"><span class='ocrx_word' id='word_1_100' title='bbox 382 1472 567 1534; x_wconf 83' lang='lat' dir='ltr'>bibus</span> <span class='ocrx_word' id='word_1_101' title='bbox 600 1488 659 1534; x_wconf 91' lang='lat' dir='ltr'>et</span> <span class='ocrx_word' id='word_1_102' title='bbox 691 1473 970 1535; x_wconf 89' lang='lat' dir='ltr'>moribus</span> <span class='ocrx_word' id='word_1_103' title='bbox 1002 1471 1339 1554; x_wconf 80' lang='lat' dir='ltr'>disciplina,</span> <span class='ocrx_word' id='word_1_104' title='bbox 1375 1473 1456 1535; x_wconf 90' lang='lat' dir='ltr'>ita</span> <span class='ocrx_word' id='word_1_105' title='bbox 1491 1474 1666 1554; x_wconf 91' lang='lat' dir='ltr'>quod</span> <span class='ocrx_word' id='word_1_106' title='bbox 1697 1473 1883 1554; x_wconf 85' lang='lat' dir='ltr'>gladii</span> <span class='ocrx_word' id='word_1_107' title='bbox 1912 1474 2354 1537; x_wconf 90' lang='lat' dir='ltr'>conflabuntur</span> <span class='ocrx_word' id='word_1_108' title='bbox 2385 1474 2449 1536; x_wconf 91' lang='lat' dir='ltr'>in</span> <span class='ocrx_word' id='word_1_109' title='bbox 2468 1493 2765 1552; x_wconf 85' lang='lat' dir='ltr'>vomeres,</span> <span class='ocrx_word' id='word_1_110' title='bbox 2798 1491 2993 1535; x_wconf 90' lang='lat' dir='ltr'>cornu</span> 
     </span>
     <span class='ocr_line' id='line_1_18' title="bbox 381 1578 1941 1661; baseline 0.001 -19"><span class='ocrx_word' id='word_1_111' title='bbox 381 1579 592 1642; x_wconf 86' lang='lat' dir='ltr'>christi</span> <span class='ocrx_word' id='word_1_112' title='bbox 622 1578 716 1641; x_wconf 89' lang='lat' dir='ltr'>sui</span> <span class='ocrx_word' id='word_1_113' title='bbox 749 1599 781 1640; x_wconf 90' lang='lat' dir='ltr'>a</span> <span class='ocrx_word' id='word_1_114' title='bbox 815 1596 956 1659; x_wconf 88' lang='lat' dir='ltr'>rege</span> <span class='ocrx_word' id='word_1_115' title='bbox 987 1597 1201 1657; x_wconf 88' lang='lat' dir='ltr'>regum</span> <span class='ocrx_word' id='word_1_116' title='bbox 1236 1580 1562 1661; x_wconf 88' lang='lat' dir='ltr'>magnifice</span> <span class='ocrx_word' id='word_1_117' title='bbox 1592 1582 1941 1644; x_wconf 89' lang='lat' dir='ltr'>sublimato.</span> 
     </span>
    </p>

    <p class='ocr_par' dir='ltr' id='par_1_11' title="bbox 377 1683 3093 2522">
     <span class='ocr_line' id='line_1_19' title="bbox 598 1683 2997 1770; baseline 0 -24"><span class='ocrx_word' id='word_1_118' title='bbox 598 1683 728 1746; x_wconf 89' lang='lat' dir='ltr'>Vos</span> <span class='ocrx_word' id='word_1_119' title='bbox 773 1684 981 1766; x_wconf 90' lang='lat' dir='ltr'>itaque</span> <span class='ocrx_word' id='word_1_120' title='bbox 1026 1704 1422 1766; x_wconf 88' lang='lat' dir='ltr'>quaesumus,</span> <span class='ocrx_word' id='word_1_121' title='bbox 1459 1702 1626 1769; x_wconf 89' lang='lat' dir='ltr'>pater</span> <span class='ocrx_word' id='word_1_122' title='bbox 1657 1701 1901 1768; x_wconf 77' lang='lat' dir='ltr'>sancte,</span> <span class='ocrx_word' id='word_1_123' title='bbox 1930 1689 2323 1770; x_wconf 86' lang='lat' dir='ltr'>suscipite</span> <span class='ocrx_word' id='word_1_124' title='bbox 2372 1688 2568 1750; x_wconf 88' lang='lat' dir='ltr'>filium</span> <span class='ocrx_word' id='word_1_125' title='bbox 2599 1684 2997 1768; x_wconf 85' lang='lat' dir='ltr'>singularem,</span> 
     </span>
     <span class='ocr_line' id='line_1_20' title="bbox 377 1790 2993 1878; baseline 0 -25"><span class='ocrx_word' id='word_1_126' title='bbox 377 1811 576 1874; x_wconf 88' lang='lat' dir='ltr'>quem</span> <span class='ocrx_word' id='word_1_127' title='bbox 608 1790 825 1874; x_wconf 88' lang='lat' dir='ltr'>procul</span> <span class='ocrx_word' id='word_1_128' title='bbox 856 1791 1050 1854; x_wconf 90' lang='lat' dir='ltr'>dubio</span> <span class='ocrx_word' id='word_1_129' title='bbox 1082 1793 1355 1855; x_wconf 89' lang='lat' dir='ltr'>sentietis</span> <span class='ocrx_word' id='word_1_130' title='bbox 1386 1793 1764 1877; x_wconf 88' lang='lat' dir='ltr'>intrepidum</span> <span class='ocrx_word' id='word_1_131' title='bbox 1788 1796 1995 1858; x_wconf 88' lang='lat' dir='ltr'>matris</span> <span class='ocrx_word' id='word_1_132' title='bbox 2015 1797 2301 1859; x_wconf 89' lang='lat' dir='ltr'>ecclesiae</span> <span class='ocrx_word' id='word_1_133' title='bbox 2323 1795 2597 1878; x_wconf 85' lang='lat' dir='ltr'>pugilem</span> <span class='ocrx_word' id='word_1_134' title='bbox 2618 1811 2677 1857; x_wconf 92' lang='lat' dir='ltr'>et</span> <span class='ocrx_word' id='word_1_135' title='bbox 2697 1793 2993 1857; x_wconf 83' lang='lat' dir='ltr'>invictum</span> 
     </span>
     <span class='ocr_line' id='line_1_21' title="bbox 381 1897 2983 1985; baseline 0.001 -24"><span class='ocrx_word' id='word_1_136' title='bbox 381 1899 526 1961; x_wconf 86' lang='lat' dir='ltr'>fidei</span> <span class='ocrx_word' id='word_1_137' title='bbox 557 1897 891 1961; x_wconf 87' lang='lat' dir='ltr'>catholicae</span> <span class='ocrx_word' id='word_1_138' title='bbox 924 1898 1289 1963; x_wconf 88' lang='lat' dir='ltr'>defesorem.</span> <span class='ocrx_word' id='word_1_139' title='bbox 1350 1902 1716 1964; x_wconf 78' lang='lat' dir='ltr'>processum</span> <span class='ocrx_word' id='word_1_140' title='bbox 1747 1923 1894 1966; x_wconf 86' lang='lat' dir='ltr'>vero</span> <span class='ocrx_word' id='word_1_141' title='bbox 1926 1920 2048 1965; x_wconf 91' lang='lat' dir='ltr'>tam</span> <span class='ocrx_word' id='word_1_142' title='bbox 2083 1905 2216 1982; x_wconf 90' lang='lat' dir='ltr'>rite,</span> <span class='ocrx_word' id='word_1_143' title='bbox 2248 1921 2375 1966; x_wconf 88' lang='lat' dir='ltr'>tam</span> <span class='ocrx_word' id='word_1_144' title='bbox 2395 1903 2669 1985; x_wconf 86' lang='lat' dir='ltr'>provide,</span> <span class='ocrx_word' id='word_1_145' title='bbox 2703 1917 2829 1963; x_wconf 91' lang='lat' dir='ltr'>tam</span> <span class='ocrx_word' id='word_1_146' title='bbox 2852 1921 2983 1964; x_wconf 90' lang='lat' dir='ltr'>ma-</span> 
     </span>
     <span class='ocr_line' id='line_1_22' title="bbox 378 2006 3093 2094; baseline 0.001 -26"><span class='ocrx_word' id='word_1_147' title='bbox 378 2022 519 2069; x_wconf 90' lang='lat' dir='ltr'>ture</span> <span class='ocrx_word' id='word_1_148' title='bbox 552 2006 630 2069; x_wconf 90' lang='lat' dir='ltr'>de</span> <span class='ocrx_word' id='word_1_149' title='bbox 662 2006 798 2088; x_wconf 89' lang='lat' dir='ltr'>ipso</span> <span class='ocrx_word' id='word_1_150' title='bbox 828 2007 915 2069; x_wconf 90' lang='lat' dir='ltr'>sic</span> <span class='ocrx_word' id='word_1_151' title='bbox 947 2007 1224 2070; x_wconf 90' lang='lat' dir='ltr'>habitum</span> <span class='ocrx_word' id='word_1_152' title='bbox 1255 2008 1520 2088; x_wconf 83' lang='lat' dir='ltr'>gratiose</span> <span class='ocrx_word' id='word_1_153' title='bbox 1551 2010 2172 2091; x_wconf 89' lang='lat' dir='ltr'>approbationis</span> <span class='ocrx_word' id='word_1_154' title='bbox 2203 2013 2503 2094; x_wconf 87' lang='lat' dir='ltr'>applausu</span> <span class='ocrx_word' id='word_1_155' title='bbox 2522 2009 2826 2072; x_wconf 90' lang='lat' dir='ltr'>benevolo</span> <span class='ocrx_word' id='word_1_156' title='bbox 2846 2029 2993 2092; x_wconf 89' lang='lat' dir='ltr'>pro·</span> <span class='ocrx_word' id='word_1_157' title='bbox 3088 2081 3093 2086; x_wconf 18' lang='lat'>³</span> 
     </span>
     <span class='ocr_line' id='line_1_23' title="bbox 382 2101 3091 2202; baseline 0 -24"><span class='ocrx_word' id='word_1_158' title='bbox 382 2132 710 2197; x_wconf 88' lang='lat' dir='ltr'>sequentes</span> <span class='ocrx_word' id='word_1_159' title='bbox 756 2135 825 2177; x_wconf 90' lang='lat' dir='ltr'>ac</span> <span class='ocrx_word' id='word_1_160' title='bbox 870 2136 941 2178; x_wconf 88' lang='lat' dir='ltr'>ex</span> <span class='ocrx_word' id='word_1_161' title='bbox 986 2114 1264 2179; x_wconf 84' lang='lat' dir='ltr'>affluenti</span> <span class='ocrx_word' id='word_1_162' title='bbox 1311 2134 1599 2199; x_wconf 86' lang='lat' dir='ltr'>paternae</span> <span class='ocrx_word' id='word_1_163' title='bbox 1647 2118 1974 2183; x_wconf 88' lang='lat' dir='ltr'>dulcedine</span> <span class='ocrx_word' id='word_1_164' title='bbox 2023 2121 2258 2202; x_wconf 89' lang='lat' dir='ltr'>pietatis</span> <span class='ocrx_word' id='word_1_165' title='bbox 2291 2139 2451 2202; x_wconf 92' lang='lat' dir='ltr'>opus</span> <span class='ocrx_word' id='word_1_166' title='bbox 2483 2116 2865 2201; x_wconf 85' lang='lat' dir='ltr'>perficientes</span> <span class='ocrx_word' id='word_1_167' title='bbox 2897 2117 2996 2180; x_wconf 90' lang='lat' dir='ltr'>dei</span> <span class='ocrx_word' id='word_1_168' title='bbox 3087 2101 3091 2106; x_wconf 48' lang='grc'><strong>’</strong></span> 
     </span>
     <span class='ocr_line' id='line_1_24' title="bbox 381 2223 2995 2308; baseline 0.001 -24"><span class='ocrx_word' id='word_1_169' title='bbox 381 2223 443 2284; x_wconf 91' lang='lat' dir='ltr'>in</span> <span class='ocrx_word' id='word_1_170' title='bbox 479 2224 637 2304; x_wconf 89' lang='lat' dir='ltr'>ips0,</span> <span class='ocrx_word' id='word_1_171' title='bbox 672 2223 965 2301; x_wconf 87' lang='lat' dir='ltr'>eundem,</span> <span class='ocrx_word' id='word_1_172' title='bbox 998 2242 1140 2284; x_wconf 90' lang='lat' dir='ltr'>cum</span> <span class='ocrx_word' id='word_1_173' title='bbox 1172 2240 1405 2286; x_wconf 85' lang='lat' dir='ltr'>vestrae</span> <span class='ocrx_word' id='word_1_174' title='bbox 1424 2225 1718 2287; x_wconf 87' lang='lat' dir='ltr'>sanctitati</span> <span class='ocrx_word' id='word_1_175' title='bbox 1740 2225 2032 2308; x_wconf 87' lang='lat' dir='ltr'>placuerit</span> <span class='ocrx_word' id='word_1_176' title='bbox 2050 2242 2110 2288; x_wconf 90' lang='lat' dir='ltr'>et</span> <span class='ocrx_word' id='word_1_177' title='bbox 2129 2226 2330 2288; x_wconf 88' lang='lat' dir='ltr'>visum</span> <span class='ocrx_word' id='word_1_178' title='bbox 2351 2226 2531 2288; x_wconf 89' lang='lat' dir='ltr'>fuerit</span> <span class='ocrx_word' id='word_1_179' title='bbox 2549 2241 2995 2308; x_wconf 91' lang='lat' dir='ltr'>opportunum,</span> 
     </span>
     <span class='ocr_line' id='line_1_25' title="bbox 380 2328 2998 2415; baseline 0 -23"><span class='ocrx_word' id='word_1_180' title='bbox 380 2331 458 2393; x_wconf 92' lang='lat' dir='ltr'>ad</span> <span class='ocrx_word' id='word_1_181' title='bbox 494 2328 830 2411; x_wconf 89' lang='lat' dir='ltr'>imperialis</span> <span class='ocrx_word' id='word_1_182' title='bbox 863 2330 1082 2412; x_wconf 85' lang='lat' dir='ltr'>fastigii</span> <span class='ocrx_word' id='word_1_183' title='bbox 1114 2330 1399 2393; x_wconf 89' lang='lat' dir='ltr'>diadema</span> <span class='ocrx_word' id='word_1_184' title='bbox 1432 2331 1777 2415; x_wconf 85' lang='lat' dir='ltr'>dignemini</span> <span class='ocrx_word' id='word_1_185' title='bbox 1812 2330 2282 2395; x_wconf 84' lang='lat' dir='ltr'>misericorditer</span> <span class='ocrx_word' id='word_1_186' title='bbox 2312 2351 2586 2411; x_wconf 88' lang='lat' dir='ltr'>evocare,</span> <span class='ocrx_word' id='word_1_187' title='bbox 2621 2347 2687 2393; x_wconf 90' lang='lat' dir='ltr'>ut</span> <span class='ocrx_word' id='word_1_188' title='bbox 2714 2330 2908 2393; x_wconf 83' lang='lat' dir='ltr'>sciant</span> <span class='ocrx_word' id='word_1_189' title='bbox 2938 2346 2998 2393; x_wconf 92' lang='lat' dir='ltr'>et</span> 
     </span>
     <span class='ocr_line' id='line_1_26' title="bbox 382 2438 3000 2522; baseline 0.001 -22"><span class='ocrx_word' id='word_1_190' title='bbox 382 2438 731 2518; x_wconf 88' lang='lat' dir='ltr'>intelligant</span> <span class='ocrx_word' id='word_1_191' title='bbox 776 2438 1065 2518; x_wconf 80' lang='lat' dir='ltr'>universi,</span> <span class='ocrx_word' id='word_1_192' title='bbox 1111 2441 1281 2521; x_wconf 92' lang='lat' dir='ltr'>quod</span> <span class='ocrx_word' id='word_1_193' title='bbox 1332 2440 1606 2521; x_wconf 89' lang='lat' dir='ltr'>posuerit</span> <span class='ocrx_word' id='word_1_194' title='bbox 1652 2461 1763 2504; x_wconf 78' lang='lat' dir='ltr'>vos</span> <span class='ocrx_word' id='word_1_195' title='bbox 1806 2441 1874 2503; x_wconf 91' lang='lat' dir='ltr'>in</span> <span class='ocrx_word' id='word_1_196' title='bbox 1918 2442 2124 2503; x_wconf 91' lang='lat' dir='ltr'>lucem</span> <span class='ocrx_word' id='word_1_197' title='bbox 2167 2440 2445 2522; x_wconf 88' lang='lat' dir='ltr'>gentium</span> <span class='ocrx_word' id='word_1_198' title='bbox 2477 2438 2770 2502; x_wconf 88' lang='lat' dir='ltr'>dominus</span> <span class='ocrx_word' id='word_1_199' title='bbox 2802 2456 2860 2502; x_wconf 89' lang='lat' dir='ltr'>et</span> <span class='ocrx_word' id='word_1_200' title='bbox 2891 2460 3000 2522; x_wconf 89' lang='lat' dir='ltr'>per</span> 
     </span>
    </p>
   </div>
   <div class='ocr_carea' id='block_1_10' title="bbox 381 2544 3002 2719">
    <p class='ocr_par' dir='ltr' id='par_1_12' title="bbox 381 2544 3002 2719">
     <span class='ocr_line' id='line_1_27' title="bbox 383 2544 3002 2630; baseline 0.001 -24"><span class='ocrx_word' id='word_1_201' title='bbox 383 2562 622 2608; x_wconf 85' lang='lat' dir='ltr'>vestrae</span> <span class='ocrx_word' id='word_1_202' title='bbox 668 2544 1052 2608; x_wconf 87' lang='lat' dir='ltr'>discretionis</span> <span class='ocrx_word' id='word_1_203' title='bbox 1097 2547 1414 2608; x_wconf 84' lang='lat' dir='ltr'>arbitrium</span> <span class='ocrx_word' id='word_1_204' title='bbox 1462 2547 1599 2608; x_wconf 91' lang='lat' dir='ltr'>orbi</span> <span class='ocrx_word' id='word_1_205' title='bbox 1643 2564 1834 2611; x_wconf 89' lang='lat' dir='ltr'>terrae</span> <span class='ocrx_word' id='word_1_206' title='bbox 1882 2563 2020 2630; x_wconf 91' lang='lat' dir='ltr'>post</span> <span class='ocrx_word' id='word_1_207' title='bbox 2065 2546 2349 2610; x_wconf 88' lang='lat' dir='ltr'>nubilum</span> <span class='ocrx_word' id='word_1_208' title='bbox 2396 2562 2674 2630; x_wconf 88' lang='lat' dir='ltr'>exoptata</span> <span class='ocrx_word' id='word_1_209' title='bbox 2706 2545 3002 2608; x_wconf 78' lang='lat' dir='ltr'>serenitas</span> 
     </span>
     <span class='ocr_line' id='line_1_28' title="bbox 381 2653 709 2719; baseline -0.009 0"><span class='ocrx_word' id='word_1_210' title='bbox 381 2653 709 2719; x_wconf 79' lang='lat' dir='ltr'>illucescat.</span> 
     </span>
    </p>
   </div>
   <div class='ocr_carea' id='block_1_11' title="bbox 381 2846 3009 3401">
    <p class='ocr_par' dir='ltr' id='par_1_13' title="bbox 387 2846 2999 2919">
     <span class='ocr_line' id='line_1_29' title="bbox 387 2846 2999 2919; baseline -0.002 -14"><span class='ocrx_word' id='word_1_211' title='bbox 387 2852 446 2910; x_wconf 86' lang='lat' dir='ltr'>b)</span> <span class='ocrx_word' id='word_1_212' title='bbox 502 2846 935 2919; x_wconf 80' lang='lat' dir='ltr'>Archiepiscopis</span> <span class='ocrx_word' id='word_1_213' title='bbox 970 2847 1296 2915; x_wconf 83' lang='lat' dir='ltr'>Treverensi,</span> <span class='ocrx_word' id='word_1_214' title='bbox 1322 2849 1672 2918; x_wconf 80' lang='lat' dir='ltr'>Magantino,</span> <span class='ocrx_word' id='word_1_215' title='bbox 1700 2848 2022 2914; x_wconf 82' lang='lat' dir='ltr'>Colom‘ensi,</span> <span class='ocrx_word' id='word_1_216' title='bbox 2048 2850 2485 2919; x_wconf 59' lang='lat' dir='ltr'>salzeburgensi,</span> <span class='ocrx_word' id='word_1_217' title='bbox 2510 2848 2999 2918; x_wconf 61' lang='lat' dir='ltr'>Magdeburgenst}</span> 
     </span>
    </p>

    <p class='ocr_par' dir='ltr' id='par_1_14' title="bbox 384 2926 3001 2999">
     <span class='ocr_line' id='line_1_30' title="bbox 384 2926 3001 2999; baseline -0.002 -15"><span class='ocrx_word' id='word_1_218' title='bbox 384 2929 711 2992; x_wconf 83' lang='lat' dir='ltr'>Bremensi;</span> <span class='ocrx_word' id='word_1_219' title='bbox 774 2928 1038 2983; x_wconf 76' lang='lat' dir='ltr'>Ludovico</span> <span class='ocrx_word' id='word_1_220' title='bbox 1085 2930 1274 2983; x_wconf 80' lang='lat' dir='ltr'>conu‘ti</span> <span class='ocrx_word' id='word_1_221' title='bbox 1309 2930 1577 2999; x_wconf 79' lang='lat' dir='ltr'>palatina,</span> <span class='ocrx_word' id='word_1_222' title='bbox 1627 2928 1870 2983; x_wconf 79' lang='lat' dir='ltr'>Henn&#39;co</span> <span class='ocrx_word' id='word_1_223' title='bbox 1904 2930 2054 2983; x_wconf 80' lang='lat' dir='ltr'>Duci</span> <span class='ocrx_word' id='word_1_224' title='bbox 2084 2929 2376 2995; x_wconf 68' lang='lat' dir='ltr'>Bavartite,</span> <span class='ocrx_word' id='word_1_225' title='bbox 2428 2928 2659 2983; x_wconf 80' lang='lat' dir='ltr'>Iohanni</span> <span class='ocrx_word' id='word_1_226' title='bbox 2698 2926 3001 2982; x_wconf 77' lang='lat' dir='ltr'>marchiam</span> 
     </span>
    </p>

    <p class='ocr_par' dir='ltr' id='par_1_15' title="bbox 383 3006 2998 3080">
     <span class='ocr_line' id='line_1_31' title="bbox 383 3006 2998 3080; baseline -0.001 -19"><span class='ocrx_word' id='word_1_227' title='bbox 383 3007 891 3076; x_wconf 76' lang='lat' dir='ltr'>Brandeburgensi,</span> <span class='ocrx_word' id='word_1_228' title='bbox 927 3007 1059 3061; x_wconf 83' lang='lat' dir='ltr'>duci</span> <span class='ocrx_word' id='word_1_229' title='bbox 1089 3008 1376 3075; x_wconf 82' lang='lat' dir='ltr'>Saxoniae,</span> <span class='ocrx_word' id='word_1_230' title='bbox 1415 3008 1653 3062; x_wconf 75' lang='lat' dir='ltr'>Henrz&#39;co</span> <span class='ocrx_word' id='word_1_231' title='bbox 1689 3009 1999 3062; x_wconf 80' lang='lat' dir='ltr'>marchioni</span> <span class='ocrx_word' id='word_1_232' title='bbox 2030 3009 2315 3076; x_wconf 65' lang='lat' dir='ltr'>Misuensi,</span> <span class='ocrx_word' id='word_1_233' title='bbox 2352 3009 2637 3080; x_wconf 78' lang='lat' dir='ltr'>langravis</span> <span class='ocrx_word' id='word_1_234' title='bbox 2673 3006 2998 3076; x_wconf 74' lang='lat' dir='ltr'>Thuringiae</span> 
     </span>
    </p>

    <p class='ocr_par' dir='ltr' id='par_1_16' title="bbox 394 3087 3001 3160">
     <span class='ocr_line' id='line_1_32' title="bbox 394 3087 3001 3160; baseline -0.001 -18"><span class='ocrx_word' id='word_1_235' title='bbox 394 3087 725 3142; x_wconf 80' lang='lat' dir='ltr'>Theodorico</span> <span class='ocrx_word' id='word_1_236' title='bbox 760 3087 1068 3141; x_wconf 82' lang='lat' dir='ltr'>marchioni</span> <span class='ocrx_word' id='word_1_237' title='bbox 1099 3088 1165 3140; x_wconf 86' lang='lat' dir='ltr'>de</span> <span class='ocrx_word' id='word_1_238' title='bbox 1211 3087 1587 3160; x_wconf 76' lang='lat' dir='ltr'>Landespercla</span> <span class='ocrx_word' id='word_1_239' title='bbox 1626 3088 1859 3142; x_wconf 81' lang='lat' dir='ltr'>Iohanni</span> <span class='ocrx_word' id='word_1_240' title='bbox 1887 3089 2020 3142; x_wconf 85' lang='lat' dir='ltr'>duci</span> <span class='ocrx_word' id='word_1_241' title='bbox 2049 3089 2402 3155; x_wconf 74' lang='lat' dir='ltr'>Brabantiae,</span> <span class='ocrx_word' id='word_1_242' title='bbox 2453 3089 2583 3142; x_wconf 84' lang='lat' dir='ltr'>duci</span> <span class='ocrx_word' id='word_1_243' title='bbox 2613 3087 3001 3157; x_wconf 65' lang='lat' dir='ltr'>lotharingiae</span> 
     </span>
    </p>

    <p class='ocr_par' dir='ltr' id='par_1_17' title="bbox 384 3168 2999 3239">
     <span class='ocr_line' id='line_1_33' title="bbox 384 3168 2999 3239; baseline -0.002 -16"><span class='ocrx_word' id='word_1_244' title='bbox 384 3168 758 3237; x_wconf 67' lang='lat' dir='ltr'>umber-sisque</span> <span class='ocrx_word' id='word_1_245' title='bbox 807 3169 931 3221; x_wconf 80' lang='lat' dir='ltr'>aliis</span> <span class='ocrx_word' id='word_1_246' title='bbox 978 3169 1259 3239; x_wconf 66' lang='lat' dir='ltr'>episcopus,</span> <span class='ocrx_word' id='word_1_247' title='bbox 1301 3171 1664 3239; x_wconf 78' lang='lat' dir='ltr'>praelatibus,</span> <span class='ocrx_word' id='word_1_248' title='bbox 1714 3171 2015 3224; x_wconf 79' lang='lat' dir='ltr'>civitatibus</span> <span class='ocrx_word' id='word_1_249' title='bbox 2063 3174 2164 3224; x_wconf 78' lang='lat' dir='ltr'>etc.</span> <span class='ocrx_word' id='word_1_250' title='bbox 2213 3171 2378 3239; x_wconf 79' lang='lat' dir='ltr'>regni</span> <span class='ocrx_word' id='word_1_251' title='bbox 2407 3170 2761 3222; x_wconf 81' lang='lat' dir='ltr'>Alemanniae</span> <span class='ocrx_word' id='word_1_252' title='bbox 2811 3170 2999 3220; x_wconf 78' lang='lat' dir='ltr'>notum</span> 
     </span>
    </p>

    <p class='ocr_par' dir='ltr' id='par_1_18' title="bbox 381 3248 3009 3401">
     <span class='ocr_line' id='line_1_34' title="bbox 381 3248 3009 3321; baseline -0.001 -18"><span class='ocrx_word' id='word_1_253' title='bbox 381 3249 555 3314; x_wconf 76' lang='lat' dir='ltr'>facit,</span> <span class='ocrx_word' id='word_1_254' title='bbox 593 3265 652 3301; x_wconf 88' lang='lat' dir='ltr'>se</span> <span class='ocrx_word' id='word_1_255' title='bbox 678 3248 1027 3321; x_wconf 80' lang='lat' dir='ltr'>Rudolplmm</span> <span class='ocrx_word' id='word_1_256' title='bbox 1064 3250 1382 3303; x_wconf 82' lang='lat' dir='ltr'>declarasse</span> <span class='ocrx_word' id='word_1_257' title='bbox 1419 3266 1607 3320; x_wconf 78' lang='lat' dir='ltr'>regem</span> <span class='ocrx_word' id='word_1_258' title='bbox 1632 3251 2030 3316; x_wconf 77' lang='lat' dir='ltr'>Romanorum,</span> <span class='ocrx_word' id='word_1_259' title='bbox 2066 3253 2312 3320; x_wconf 70' lang='lat' dir='ltr'>iubetqm</span> <span class='ocrx_word' id='word_1_260' title='bbox 2336 3255 2402 3304; x_wconf 83' lang='lat' dir='ltr'>ut</span> <span class='ocrx_word' id='word_1_261' title='bbox 2420 3266 2543 3303; x_wconf 80' lang='lat' dir='ltr'>eum</span> <span class='ocrx_word' id='word_1_262' title='bbox 2580 3265 2747 3304; x_wconf 82' lang='lat' dir='ltr'>manu</span> <span class='ocrx_word' id='word_1_263' title='bbox 2787 3251 3009 3302; x_wconf 79' lang='lat' dir='ltr'>teneant</span> 
     </span>
     <span class='ocr_line' id='line_1_35' title="bbox 570 3328 2822 3401; baseline 0 -21"><span class='ocrx_word' id='word_1_264' title='bbox 570 3330 625 3381; x_wconf 88' lang='lat' dir='ltr'>in</span> <span class='ocrx_word' id='word_1_265' title='bbox 661 3330 781 3383; x_wconf 81' lang='lat' dir='ltr'>iure</span> <span class='ocrx_word' id='word_1_266' title='bbox 805 3345 905 3381; x_wconf 85' lang='lat' dir='ltr'>suo</span> <span class='ocrx_word' id='word_1_267' title='bbox 938 3333 995 3382; x_wconf 87' lang='lat' dir='ltr'>et</span> <span class='ocrx_word' id='word_1_268' title='bbox 1019 3332 1317 3399; x_wconf 81' lang='lat' dir='ltr'>praestant</span> <span class='ocrx_word' id='word_1_269' title='bbox 1347 3330 1400 3382; x_wconf 84' lang='lat' dir='ltr'>ei</span> <span class='ocrx_word' id='word_1_270' title='bbox 1430 3331 1695 3382; x_wconf 79' lang='lat' dir='ltr'>auxilium</span> <span class='ocrx_word' id='word_1_271' title='bbox 1732 3333 1791 3383; x_wconf 83' lang='lat' dir='ltr'>et</span> <span class='ocrx_word' id='word_1_272' title='bbox 1803 3329 2088 3399; x_wconf 80' lang='lat' dir='ltr'>favorem.</span> <span class='ocrx_word' id='word_1_273' title='bbox 2085 3330 2123 3395; x_wconf 89' lang='lat' dir='ltr'><strong><em>J</em></strong></span> <span class='ocrx_word' id='word_1_274' title='bbox 2164 3328 2485 3393; x_wconf 72' lang='lat' dir='ltr'>(Potthast</span> <span class='ocrx_word' id='word_1_275' title='bbox 2518 3346 2570 3382; x_wconf 91' lang='lat' dir='ltr'>n.</span> <span class='ocrx_word' id='word_1_276' title='bbox 2612 3331 2822 3401; x_wconf 78' lang='lat'>20931.)</span> 
     </span>
    </p>
   </div>
   <div class='ocr_carea' id='block_1_12' title="bbox 387 3449 3006 3606">
    <p class='ocr_par' dir='ltr' id='par_1_19' title="bbox 387 3449 3006 3606">
     <span class='ocr_line' id='line_1_36' title="bbox 608 3449 3006 3525; baseline -0.001 -20"><span class='ocrx_word' id='word_1_277' title='bbox 608 3450 639 3483; x_wconf 77' lang='lat'>¹¹¹</span> <span class='ocrx_word' id='word_1_278' title='bbox 689 3450 1055 3513; x_wconf 88' lang='lat' dir='ltr'>Theiner‚</span> <span class='ocrx_word' id='word_1_279' title='bbox 1109 3451 1291 3507; x_wconf 83' lang='lat' dir='ltr'>Codex</span> <span class='ocrx_word' id='word_1_280' title='bbox 1340 3451 1716 3525; x_wconf 74' lang='lat' dir='ltr'>diplomaticus</span> <span class='ocrx_word' id='word_1_281' title='bbox 1766 3456 1991 3505; x_wconf 80' lang='lat' dir='ltr'>sanctae</span> <span class='ocrx_word' id='word_1_282' title='bbox 2041 3454 2203 3508; x_wconf 79' lang='lat' dir='ltr'>sedis.</span> <span class='ocrx_word' id='word_1_283' title='bbox 2268 3450 2488 3506; x_wconf 89' lang='lat' dir='ltr'>Romae</span> <span class='ocrx_word' id='word_1_284' title='bbox 2537 3451 2686 3506; x_wconf 83' lang='lat'>1861.</span> <span class='ocrx_word' id='word_1_285' title='bbox 2738 3451 2912 3506; x_wconf 88' lang='lat' dir='ltr'>Tom.</span> <span class='ocrx_word' id='word_1_286' title='bbox 2966 3449 3006 3504; x_wconf 90' lang='lat'>1.</span> 
     </span>
     <span class='ocr_line' id='line_1_37' title="bbox 387 3531 1881 3606; baseline 0.001 -22"><span class='ocrx_word' id='word_1_287' title='bbox 387 3546 442 3603; x_wconf 91' lang='lat' dir='ltr'>p.</span> <span class='ocrx_word' id='word_1_288' title='bbox 481 3531 596 3588; x_wconf 81' lang='lat'>186.</span> <span class='ocrx_word' id='word_1_289' title='bbox 623 3548 677 3586; x_wconf 91' lang='lat' dir='ltr'>n.</span> <span class='ocrx_word' id='word_1_290' title='bbox 706 3550 826 3605; x_wconf 84' lang='lat'>332.</span> <span class='ocrx_word' id='word_1_291' title='bbox 877 3532 1228 3595; x_wconf 72' lang='lat' dir='ltr'>Bohmer‚</span> <span class='ocrx_word' id='word_1_292' title='bbox 1268 3535 1506 3602; x_wconf 81' lang='lat' dir='ltr'>Regesta</span> <span class='ocrx_word' id='word_1_293' title='bbox 1544 3532 1637 3591; x_wconf 89' lang='lat' dir='ltr'>Vl.</span> <span class='ocrx_word' id='word_1_294' title='bbox 1678 3550 1731 3587; x_wconf 90' lang='lat' dir='ltr'>n.</span> <span class='ocrx_word' id='word_1_295' title='bbox 1761 3550 1881 3606; x_wconf 87' lang='lat'><strong>233·</strong></span> 
     </span>
    </p>
   </div>
   <div class='ocr_carea' id='block_1_13' title="bbox 391 3697 3015 5068">
    <p class='ocr_par' dir='ltr' id='par_1_20' title="bbox 391 3697 3015 5068">
     <span class='ocr_line' id='line_1_38' title="bbox 609 3697 2997 3782; baseline -0.003 -20"><span class='ocrx_word' id='word_1_296' title='bbox 609 3698 945 3782; x_wconf 90' lang='lat' dir='ltr'>Gregorius</span> <span class='ocrx_word' id='word_1_297' title='bbox 992 3699 1315 3782; x_wconf 89' lang='lat' dir='ltr'>episcopus</span> <span class='ocrx_word' id='word_1_298' title='bbox 1359 3717 1470 3764; x_wconf 89' lang='lat' dir='ltr'>etc.</span> <span class='ocrx_word' id='word_1_299' title='bbox 1501 3699 1838 3762; x_wconf 87' lang='lat' dir='ltr'>Carissimo</span> <span class='ocrx_word' id='word_1_300' title='bbox 1888 3699 1952 3761; x_wconf 90' lang='lat' dir='ltr'>in</span> <span class='ocrx_word' id='word_1_301' title='bbox 2000 3698 2252 3761; x_wconf 89' lang='lat' dir='ltr'>Christo</span> <span class='ocrx_word' id='word_1_302' title='bbox 2298 3698 2429 3761; x_wconf 88' lang='lat' dir='ltr'>filio</span> <span class='ocrx_word' id='word_1_303' title='bbox 2460 3744 2475 3760; x_wconf 96' lang='lat'>.</span> <span class='ocrx_word' id='word_1_304' title='bbox 2508 3742 2524 3759; x_wconf 88' lang='lat'>.</span> <span class='ocrx_word' id='word_1_305' title='bbox 2555 3743 2570 3761; x_wconf 91' lang='lat'>.</span> <span class='ocrx_word' id='word_1_306' title='bbox 2604 3697 2731 3778; x_wconf 89' lang='lat' dir='ltr'>regi</span> <span class='ocrx_word' id='word_1_307' title='bbox 2762 3699 2997 3760; x_wconf 86' lang='lat' dir='ltr'>Roma·</span> 
     </span>
     <span class='ocr_line' id='line_1_39' title="bbox 393 3804 3002 3888; baseline -0.003 -18"><span class='ocrx_word' id='word_1_308' title='bbox 393 3827 626 3871; x_wconf 88' lang='lat' dir='ltr'>norum</span> <span class='ocrx_word' id='word_1_309' title='bbox 657 3807 874 3869; x_wconf 83' lang='lat' dir='ltr'>illustri</span> <span class='ocrx_word' id='word_1_310' title='bbox 906 3808 1164 3869; x_wconf 85' lang='lat' dir='ltr'>salutem</span> <span class='ocrx_word' id='word_1_311' title='bbox 1197 3824 1309 3869; x_wconf 89' lang='lat' dir='ltr'>etc.</span> <span class='ocrx_word' id='word_1_312' title='bbox 1372 3807 1591 3869; x_wconf 85' lang='lat' dir='ltr'>Solent</span> <span class='ocrx_word' id='word_1_313' title='bbox 1620 3808 1832 3885; x_wconf 85' lang='lat' dir='ltr'>ardua,</span> <span class='ocrx_word' id='word_1_314' title='bbox 1882 3806 2203 3888; x_wconf 88' lang='lat' dir='ltr'>praecipue</span> <span class='ocrx_word' id='word_1_315' title='bbox 2237 3805 2552 3888; x_wconf 86' lang='lat' dir='ltr'>perpensis</span> <span class='ocrx_word' id='word_1_316' title='bbox 2583 3804 2815 3884; x_wconf 89' lang='lat' dir='ltr'>digesta</span> <span class='ocrx_word' id='word_1_317' title='bbox 2846 3820 3002 3864; x_wconf 91' lang='lat' dir='ltr'>con-</span> 
     </span>
     <span class='ocr_line' id='line_1_40' title="bbox 391 3908 3006 3995; baseline -0.002 -21"><span class='ocrx_word' id='word_1_318' title='bbox 391 3913 568 3993; x_wconf 89' lang='lat' dir='ltr'>siliis,</span> <span class='ocrx_word' id='word_1_319' title='bbox 602 3913 829 3976; x_wconf 84' lang='lat' dir='ltr'>sentire</span> <span class='ocrx_word' id='word_1_320' title='bbox 861 3914 1068 3995; x_wconf 89' lang='lat' dir='ltr'>potius</span> <span class='ocrx_word' id='word_1_321' title='bbox 1099 3913 1417 3975; x_wconf 88' lang='lat' dir='ltr'>celeritatis</span> <span class='ocrx_word' id='word_1_322' title='bbox 1451 3933 1522 3975; x_wconf 87' lang='lat' dir='ltr'>ex</span> <span class='ocrx_word' id='word_1_323' title='bbox 1554 3911 1893 3976; x_wconf 82' lang='lat' dir='ltr'>directione</span> <span class='ocrx_word' id='word_1_324' title='bbox 1913 3911 2376 3992; x_wconf 86' lang='lat' dir='ltr'>compendium,</span> <span class='ocrx_word' id='word_1_325' title='bbox 2408 3927 2596 3990; x_wconf 92' lang='lat' dir='ltr'>quam</span> <span class='ocrx_word' id='word_1_326' title='bbox 2616 3908 2740 3991; x_wconf 89' lang='lat' dir='ltr'>pati</span> <span class='ocrx_word' id='word_1_327' title='bbox 2760 3908 3006 3990; x_wconf 90' lang='lat' dir='ltr'>dispen-</span> 
     </span>
     <span class='ocr_line' id='line_1_41' title="bbox 393 4016 3007 4102; baseline -0.002 -20"><span class='ocrx_word' id='word_1_328' title='bbox 393 4022 570 4083; x_wconf 91' lang='lat' dir='ltr'>dium</span> <span class='ocrx_word' id='word_1_329' title='bbox 602 4020 913 4082; x_wconf 73' lang='lat' dir='ltr'>tarditatiS.</span> <span class='ocrx_word' id='word_1_330' title='bbox 978 4020 1079 4082; x_wconf 91' lang='lat' dir='ltr'>Sic</span> <span class='ocrx_word' id='word_1_331' title='bbox 1111 4020 1297 4100; x_wconf 89' lang='lat' dir='ltr'>longa</span> <span class='ocrx_word' id='word_1_332' title='bbox 1330 4019 1472 4082; x_wconf 91' lang='lat' dir='ltr'>belli</span> <span class='ocrx_word' id='word_1_333' title='bbox 1506 4018 1888 4102; x_wconf 86' lang='lat' dir='ltr'>praeparatio</span> <span class='ocrx_word' id='word_1_334' title='bbox 1921 4020 2183 4080; x_wconf 89' lang='lat' dir='ltr'>celerem</span> <span class='ocrx_word' id='word_1_335' title='bbox 2215 4017 2538 4080; x_wconf 84' lang='lat' dir='ltr'>consuevit</span> <span class='ocrx_word' id='word_1_336' title='bbox 2566 4016 2781 4078; x_wconf 83' lang='lat' dir='ltr'>afferre</span> <span class='ocrx_word' id='word_1_337' title='bbox 2813 4016 3007 4077; x_wconf 78' lang='lat' dir='ltr'>victo-</span> 
     </span>
     <span class='ocr_line' id='line_1_42' title="bbox 394 4124 3009 4208; baseline -0.003 -17"><span class='ocrx_word' id='word_1_338' title='bbox 394 4130 570 4208; x_wconf 88' lang='lat' dir='ltr'>riam,</span> <span class='ocrx_word' id='word_1_339' title='bbox 634 4129 720 4191; x_wconf 91' lang='lat' dir='ltr'>sic</span> <span class='ocrx_word' id='word_1_340' title='bbox 781 4130 895 4191; x_wconf 91' lang='lat' dir='ltr'>iter</span> <span class='ocrx_word' id='word_1_341' title='bbox 946 4128 1264 4190; x_wconf 88' lang='lat' dir='ltr'>festinatur</span> <span class='ocrx_word' id='word_1_342' title='bbox 1312 4127 1625 4205; x_wconf 85' lang='lat' dir='ltr'>instanter,</span> <span class='ocrx_word' id='word_1_343' title='bbox 1678 4126 1830 4188; x_wconf 92' lang='lat' dir='ltr'>dum</span> <span class='ocrx_word' id='word_1_344' title='bbox 1882 4125 2138 4188; x_wconf 88' lang='lat' dir='ltr'>sollicite</span> <span class='ocrx_word' id='word_1_345' title='bbox 2191 4140 2596 4208; x_wconf 88' lang='lat' dir='ltr'>praeparatur.</span> <span class='ocrx_word' id='word_1_346' title='bbox 2674 4124 2843 4186; x_wconf 86' lang='lat' dir='ltr'>Haec</span> <span class='ocrx_word' id='word_1_347' title='bbox 2891 4141 3009 4184; x_wconf 91' lang='lat' dir='ltr'>nos</span> 
     </span>
     <span class='ocr_line' id='line_1_43' title="bbox 396 4231 3009 4318; baseline -0.003 -19"><span class='ocrx_word' id='word_1_348' title='bbox 396 4236 812 4299; x_wconf 83' lang='lat' dir='ltr'>consideratio</span> <span class='ocrx_word' id='word_1_349' title='bbox 858 4237 922 4298; x_wconf 90' lang='lat' dir='ltr'>in</span> <span class='ocrx_word' id='word_1_350' title='bbox 970 4234 1303 4316; x_wconf 88' lang='lat' dir='ltr'>imperialis</span> <span class='ocrx_word' id='word_1_351' title='bbox 1349 4234 1581 4318; x_wconf 87' lang='lat' dir='ltr'>negotii</span> <span class='ocrx_word' id='word_1_352' title='bbox 1629 4233 2063 4316; x_wconf 88' lang='lat' dir='ltr'>prosecutione</span> <span class='ocrx_word' id='word_1_353' title='bbox 2095 4234 2420 4313; x_wconf 88' lang='lat' dir='ltr'>hucusque</span> <span class='ocrx_word' id='word_1_354' title='bbox 2453 4233 2732 4306; x_wconf 88' lang='lat' dir='ltr'>detinuit,</span> <span class='ocrx_word' id='word_1_355' title='bbox 2765 4233 2914 4293; x_wconf 86' lang='lat' dir='ltr'>haec</span> <span class='ocrx_word' id='word_1_356' title='bbox 2946 4231 3009 4293; x_wconf 87' lang='lat' dir='ltr'>in</span> 
     </span>
     <span class='ocr_line' id='line_1_44' title="bbox 391 4338 3011 4421; baseline -0.003 -14"><span class='ocrx_word' id='word_1_357' title='bbox 391 4345 487 4408; x_wconf 86' lang='lat' dir='ltr'>tui</span> <span class='ocrx_word' id='word_1_358' title='bbox 518 4344 1060 4407; x_wconf 85' lang='lat' dir='ltr'>consummatione</span> <span class='ocrx_word' id='word_1_359' title='bbox 1094 4342 1314 4421; x_wconf 85' lang='lat' dir='ltr'>fastigii</span> <span class='ocrx_word' id='word_1_360' title='bbox 1348 4344 1540 4404; x_wconf 90' lang='lat' dir='ltr'>multa</span> <span class='ocrx_word' id='word_1_361' title='bbox 1573 4341 1661 4403; x_wconf 90' lang='lat' dir='ltr'>uti</span> <span class='ocrx_word' id='word_1_362' title='bbox 1698 4339 2040 4402; x_wconf 88' lang='lat' dir='ltr'>maturitate</span> <span class='ocrx_word' id='word_1_363' title='bbox 2072 4339 2276 4417; x_wconf 85' lang='lat' dir='ltr'>suasit,</span> <span class='ocrx_word' id='word_1_364' title='bbox 2309 4339 2460 4400; x_wconf 88' lang='lat' dir='ltr'>haec</span> <span class='ocrx_word' id='word_1_365' title='bbox 2490 4339 2685 4401; x_wconf 86' lang='lat' dir='ltr'>varias</span> <span class='ocrx_word' id='word_1_366' title='bbox 2715 4338 2843 4400; x_wconf 82' lang='lat' dir='ltr'>vias</span> <span class='ocrx_word' id='word_1_367' title='bbox 2862 4357 3011 4417; x_wconf 87' lang='lat' dir='ltr'>sug-</span> 
     </span>
     <span class='ocr_line' id='line_1_45' title="bbox 395 4446 3011 4533; baseline -0.002 -20"><span class='ocrx_word' id='word_1_368' title='bbox 395 4452 583 4533; x_wconf 80' lang='lat' dir='ltr'>gessit</span> <span class='ocrx_word' id='word_1_369' title='bbox 612 4450 932 4531; x_wconf 82' lang='lat' dir='ltr'>exquirere</span> <span class='ocrx_word' id='word_1_370' title='bbox 964 4449 1326 4530; x_wconf 82' lang='lat' dir='ltr'>diversaque</span> <span class='ocrx_word' id='word_1_371' title='bbox 1358 4448 1627 4511; x_wconf 89' lang='lat' dir='ltr'>remedia</span> <span class='ocrx_word' id='word_1_372' title='bbox 1661 4446 1945 4527; x_wconf 89' lang='lat' dir='ltr'>cogitare,</span> <span class='ocrx_word' id='word_1_373' title='bbox 1976 4462 2045 4508; x_wconf 91' lang='lat' dir='ltr'>ut</span> <span class='ocrx_word' id='word_1_374' title='bbox 2076 4448 2197 4508; x_wconf 91' lang='lat' dir='ltr'>deo</span> <span class='ocrx_word' id='word_1_375' title='bbox 2229 4446 2473 4528; x_wconf 88' lang='lat' dir='ltr'>auspice</span> <span class='ocrx_word' id='word_1_376' title='bbox 2506 4462 2677 4509; x_wconf 91' lang='lat' dir='ltr'>tanto</span> <span class='ocrx_word' id='word_1_377' title='bbox 2697 4446 2817 4512; x_wconf 85' lang='lat' dir='ltr'>illa.</span> <span class='ocrx_word' id='word_1_378' title='bbox 2851 4466 3011 4528; x_wconf 92' lang='lat' dir='ltr'>quae</span> 
     </span>
     <span class='ocr_line' id='line_1_46' title="bbox 397 4554 3011 4643; baseline -0.002 -24"><span class='ocrx_word' id='word_1_379' title='bbox 397 4559 627 4620; x_wconf 89' lang='lat' dir='ltr'>instant</span> <span class='ocrx_word' id='word_1_380' title='bbox 671 4557 1053 4619; x_wconf 88' lang='lat' dir='ltr'>deducamus</span> <span class='ocrx_word' id='word_1_381' title='bbox 1097 4555 1393 4631; x_wconf 88' lang='lat' dir='ltr'>securius,</span> <span class='ocrx_word' id='word_1_382' title='bbox 1442 4571 1680 4638; x_wconf 91' lang='lat' dir='ltr'>quanto</span> <span class='ocrx_word' id='word_1_383' title='bbox 1719 4555 2060 4618; x_wconf 90' lang='lat' dir='ltr'>accuratius</span> <span class='ocrx_word' id='word_1_384' title='bbox 2092 4573 2544 4643; x_wconf 88' lang='lat' dir='ltr'>praeparamus.</span> <span class='ocrx_word' id='word_1_385' title='bbox 2604 4554 2774 4616; x_wconf 90' lang='lat' dir='ltr'>Licet</span> <span class='ocrx_word' id='word_1_386' title='bbox 2805 4554 3011 4635; x_wconf 90' lang='lat' dir='ltr'>itaque</span> 
     </span>
     <span class='ocr_line' id='line_1_47' title="bbox 401 4661 3010 4745; baseline -0 -18"><span class='ocrx_word' id='word_1_387' title='bbox 401 4666 692 4728; x_wconf 89' lang='lat' dir='ltr'>non-sine</span> <span class='ocrx_word' id='word_1_388' title='bbox 725 4685 903 4727; x_wconf 84' lang='lat' dir='ltr'>causa</span> <span class='ocrx_word' id='word_1_389' title='bbox 936 4663 1355 4727; x_wconf 84' lang='lat' dir='ltr'>distulerimus</span> <span class='ocrx_word' id='word_1_390' title='bbox 1385 4665 1683 4726; x_wconf 88' lang='lat' dir='ltr'>hactenus</span> <span class='ocrx_word' id='word_1_391' title='bbox 1715 4663 1945 4743; x_wconf 89' lang='lat' dir='ltr'>regiam</span> <span class='ocrx_word' id='word_1_392' title='bbox 1964 4662 2073 4724; x_wconf 88' lang='lat' dir='ltr'>tibi</span> <span class='ocrx_word' id='word_1_393' title='bbox 2094 4661 2663 4723; x_wconf 86' lang='lat' dir='ltr'>denominationem</span> <span class='ocrx_word' id='word_1_394' title='bbox 2688 4662 3010 4745; x_wconf 84' lang='lat' dir='ltr'>ascribere,</span> 
     </span>
     <span class='ocr_line' id='line_1_48' title="bbox 403 4767 3014 4854; baseline -0.002 -21"><span class='ocrx_word' id='word_1_395' title='bbox 403 4790 549 4834; x_wconf 90' lang='lat' dir='ltr'>cum</span> <span class='ocrx_word' id='word_1_396' title='bbox 583 4770 868 4833; x_wconf 78' lang='lat' dir='ltr'>fratribus</span> <span class='ocrx_word' id='word_1_397' title='bbox 900 4788 1107 4833; x_wconf 90' lang='lat' dir='ltr'>tamen</span> <span class='ocrx_word' id='word_1_398' title='bbox 1139 4771 1363 4834; x_wconf 89' lang='lat' dir='ltr'>nostris</span> <span class='ocrx_word' id='word_1_399' title='bbox 1395 4790 1596 4854; x_wconf 91' lang='lat' dir='ltr'>nuper</span> <span class='ocrx_word' id='word_1_400' title='bbox 1612 4771 2053 4833; x_wconf 90' lang='lat' dir='ltr'>deliberatione</span> <span class='ocrx_word' id='word_1_401' title='bbox 2086 4769 2436 4851; x_wconf 87' lang='lat' dir='ltr'>praehabita</span> <span class='ocrx_word' id='word_1_402' title='bbox 2469 4785 2541 4830; x_wconf 92' lang='lat' dir='ltr'>te</span> <span class='ocrx_word' id='word_1_403' title='bbox 2573 4787 2836 4848; x_wconf 91' lang='lat' dir='ltr'>regem</span> <span class='ocrx_word' id='word_1_404' title='bbox 2871 4767 3014 4852; x_wconf 89' lang='lat' dir='ltr'>Ro-</span> 
     </span>
     <span class='ocr_line' id='line_1_49' title="bbox 399 4874 3013 4962; baseline -0.002 -22"><span class='ocrx_word' id='word_1_405' title='bbox 399 4882 741 4942; x_wconf 80' lang='lat' dir='ltr'>&#39;manorum</span> <span class='ocrx_word' id='word_1_406' title='bbox 772 4880 853 4942; x_wconf 90' lang='lat' dir='ltr'>de</span> <span class='ocrx_word' id='word_1_407' title='bbox 886 4880 1165 4962; x_wconf 88' lang='lat' dir='ltr'>ipsorum</span> <span class='ocrx_word' id='word_1_408' title='bbox 1200 4878 1463 4941; x_wconf 88' lang='lat' dir='ltr'>consilio</span> <span class='ocrx_word' id='word_1_409' title='bbox 1496 4878 2017 4941; x_wconf 87' lang='lat' dir='ltr'>nominamus.</span> <span class='ocrx_word' id='word_1_410' title='bbox 2063 4875 2299 4938; x_wconf 89' lang='lat' dir='ltr'>Causas</span> <span class='ocrx_word' id='word_1_411' title='bbox 2329 4893 2533 4937; x_wconf 88' lang='lat' dir='ltr'>autem</span> <span class='ocrx_word' id='word_1_412' title='bbox 2569 4874 2829 4938; x_wconf 86' lang='lat' dir='ltr'>salubris</span> <span class='ocrx_word' id='word_1_413' title='bbox 2861 4874 3013 4936; x_wconf 90' lang='lat' dir='ltr'>dila-</span> 
     </span>
     <span class='ocr_line' id='line_1_50' title="bbox 397 4980 3015 5068; baseline -0.001 -23"><span class='ocrx_word' id='word_1_414' title='bbox 397 4984 620 5063; x_wconf 71' lang='lat' dir='ltr'>tionis,</span> <span class='ocrx_word' id='word_1_415' title='bbox 647 4985 845 5049; x_wconf 88' lang='lat' dir='ltr'>immo</span> <span class='ocrx_word' id='word_1_416' title='bbox 877 4985 1085 5068; x_wconf 88' lang='lat' dir='ltr'>potius</span> <span class='ocrx_word' id='word_1_417' title='bbox 1116 4984 1430 5046; x_wconf 89' lang='lat' dir='ltr'>consultae</span> <span class='ocrx_word' id='word_1_418' title='bbox 1464 4981 1923 5046; x_wconf 87' lang='lat' dir='ltr'>accelerationis</span> <span class='ocrx_word' id='word_1_419' title='bbox 1955 4982 2314 5045; x_wconf 83' lang='lat' dir='ltr'>huiusmodi</span> <span class='ocrx_word' id='word_1_420' title='bbox 2348 4981 2424 5043; x_wconf 90' lang='lat' dir='ltr'>ad</span> <span class='ocrx_word' id='word_1_421' title='bbox 2456 4980 2642 5043; x_wconf 91' lang='lat' dir='ltr'>totius</span> <span class='ocrx_word' id='word_1_422' title='bbox 2673 4981 2841 5044; x_wconf 90' lang='lat' dir='ltr'>orbis</span> <span class='ocrx_word' id='word_1_423' title='bbox 2860 4996 2918 5042; x_wconf 91' lang='lat' dir='ltr'>et</span> <span class='ocrx_word' id='word_1_424' title='bbox 2937 4981 3015 5042; x_wconf 91' lang='lat' dir='ltr'>ad</span> 
     </span>
    </p>
   </div>
  </div>
 </body>
</html>
