<?xml version="1.0" encoding="UTF-8"?>
<!DOCTYPE html PUBLIC "-//W3C//DTD XHTML 1.0 Transitional//EN"
    "http://www.w3.org/TR/xhtml1/DTD/xhtml1-transitional.dtd">
<html xmlns="http://www.w3.org/1999/xhtml" xml:lang="en" lang="en">
 <head>
  <title>
</title>
<meta http-equiv="Content-Type" content="text/html;charset=utf-8" />
  <meta name='ocr-system' content='tesseract 3.04.00' />
  <meta name='ocr-capabilities' content='ocr_page ocr_carea ocr_par ocr_line ocrx_word'/>
</head>
<body>
  <div class='ocr_page' id='page_1' title='image "./fontesiuriscano00unkngoog/fontesiuriscano00unkngoog_0353.png"; bbox 0 0 3684 5416; ppageno 0'>
   <div class='ocr_carea' id='block_1_1' title="bbox 399 1527 448 1557">
    <p class='ocr_par' dir='ltr' id='par_1_1' title="bbox 399 1527 448 1557">
     <span class='ocr_line' id='line_1_1' title="bbox 399 1527 448 1557; baseline 0 0"><span class='ocrx_word' id='word_1_1' title='bbox 399 1527 448 1557; x_wconf 82' lang='grc'>10</span> 
     </span>
    </p>
   </div>
   <div class='ocr_carea' id='block_1_2' title="bbox 403 2062 445 2105">
    <p class='ocr_par' dir='ltr' id='par_1_2' title="bbox 403 2062 445 2105">
     <span class='ocr_line' id='line_1_2' title="bbox 403 2062 445 2105; baseline 0 0"><span class='ocrx_word' id='word_1_2' title='bbox 403 2062 445 2105; x_wconf 78' lang='lat'>¹5</span> 
     </span>
    </p>
   </div>
   <div class='ocr_carea' id='block_1_3' title="bbox 402 3137 449 3180">
    <p class='ocr_par' dir='ltr' id='par_1_3' title="bbox 402 3137 449 3180">
     <span class='ocr_line' id='line_1_3' title="bbox 402 3137 449 3180; baseline 0 0"><span class='ocrx_word' id='word_1_3' title='bbox 402 3137 449 3180; x_wconf 81' lang='lat'>25</span> 
     </span>
    </p>
   </div>
   <div class='ocr_carea' id='block_1_4' title="bbox 402 3673 455 3716">
    <p class='ocr_par' dir='ltr' id='par_1_4' title="bbox 402 3673 455 3716">
     <span class='ocr_line' id='line_1_4' title="bbox 402 3673 455 3716; baseline 0 -12"><span class='ocrx_word' id='word_1_4' title='bbox 402 3673 455 3716; x_wconf 62' lang='lat'>30</span> 
     </span>
    </p>
   </div>
   <div class='ocr_carea' id='block_1_5' title="bbox 404 4207 454 4250">
    <p class='ocr_par' dir='ltr' id='par_1_5' title="bbox 404 4207 454 4250">
     <span class='ocr_line' id='line_1_5' title="bbox 404 4207 454 4250; baseline 0.04 -2"><span class='ocrx_word' id='word_1_5' title='bbox 404 4207 454 4250; x_wconf 81' lang='lat'>35</span> 
     </span>
    </p>
   </div>
   <div class='ocr_carea' id='block_1_6' title="bbox 405 4742 455 4781">
    <p class='ocr_par' dir='ltr' id='par_1_6' title="bbox 405 4742 455 4781">
     <span class='ocr_line' id='line_1_6' title="bbox 405 4742 455 4781; baseline 0 -10"><span class='ocrx_word' id='word_1_6' title='bbox 405 4742 455 4781; x_wconf 68' lang='grc'>40</span> 
     </span>
    </p>
   </div>
   <div class='ocr_carea' id='block_1_7' title="bbox 1142 352 3113 428">
    <p class='ocr_par' dir='ltr' id='par_1_7' title="bbox 1142 352 3113 428">
     <span class='ocr_line' id='line_1_7' title="bbox 1142 352 3113 428; baseline 0.002 -21"><span class='ocrx_word' id='word_1_7' title='bbox 1142 353 1406 408; x_wconf 79' lang='lat' dir='ltr'>Potestas</span> <span class='ocrx_word' id='word_1_8' title='bbox 1445 352 1826 408; x_wconf 88' lang='lat' dir='ltr'>ecclesiastica</span> <span class='ocrx_word' id='word_1_9' title='bbox 1867 366 1924 408; x_wconf 91' lang='lat' dir='ltr'>et</span> <span class='ocrx_word' id='word_1_10' title='bbox 1962 353 2268 427; x_wconf 89' lang='lat' dir='ltr'>imperium</span> <span class='ocrx_word' id='word_1_11' title='bbox 2307 354 2482 408; x_wconf 89' lang='lat' dir='ltr'>civile.</span> <span class='ocrx_word' id='word_1_12' title='bbox 3009 374 3113 428; x_wconf 80' lang='lat'>317</span> 
     </span>
    </p>
   </div>
   <div class='ocr_carea' id='block_1_8' title="bbox 498 536 3120 5011">
    <p class='ocr_par' dir='ltr' id='par_1_8' title="bbox 498 536 3117 1261">
     <span class='ocr_line' id='line_1_8' title="bbox 501 536 3113 621; baseline 0.002 -25"><span class='ocrx_word' id='word_1_13' title='bbox 501 536 807 615; x_wconf 89' lang='lat' dir='ltr'>despect0,</span> <span class='ocrx_word' id='word_1_14' title='bbox 855 536 1170 616; x_wconf 88' lang='lat' dir='ltr'>quaesitus</span> <span class='ocrx_word' id='word_1_15' title='bbox 1218 552 1306 597; x_wconf 91' lang='lat' dir='ltr'>est</span> <span class='ocrx_word' id='word_1_16' title='bbox 1356 536 1456 597; x_wconf 87' lang='lat' dir='ltr'>ille</span> <span class='ocrx_word' id='word_1_17' title='bbox 1501 553 1825 617; x_wconf 88' lang='lat' dir='ltr'>apparatus</span> <span class='ocrx_word' id='word_1_18' title='bbox 1872 557 1941 598; x_wconf 88' lang='lat' dir='ltr'>ac</span> <span class='ocrx_word' id='word_1_19' title='bbox 1987 538 2222 600; x_wconf 88' lang='lat' dir='ltr'>ludicra</span> <span class='ocrx_word' id='word_1_20' title='bbox 2267 538 2564 621; x_wconf 89' lang='lat' dir='ltr'>plebisciti</span> <span class='ocrx_word' id='word_1_21' title='bbox 2606 540 2839 621; x_wconf 88' lang='lat' dir='ltr'>species</span> <span class='ocrx_word' id='word_1_22' title='bbox 2870 541 3015 601; x_wconf 89' lang='lat' dir='ltr'>alias</span> <span class='ocrx_word' id='word_1_23' title='bbox 3048 542 3113 601; x_wconf 90' lang='lat' dir='ltr'>in</span> 
     </span>
     <span class='ocr_line' id='line_1_9' title="bbox 504 644 3111 728; baseline 0.002 -23"><span class='ocrx_word' id='word_1_24' title='bbox 504 644 828 724; x_wconf 88' lang='lat' dir='ltr'>provinciis</span> <span class='ocrx_word' id='word_1_25' title='bbox 863 645 1061 707; x_wconf 90' lang='lat' dir='ltr'>Nobis</span> <span class='ocrx_word' id='word_1_26' title='bbox 1106 644 1405 725; x_wconf 81' lang='lat' dir='ltr'>ademptis</span> <span class='ocrx_word' id='word_1_27' title='bbox 1458 661 1781 727; x_wconf 88' lang='lat' dir='ltr'>usurpata;</span> <span class='ocrx_word' id='word_1_28' title='bbox 1845 661 1905 706; x_wconf 90' lang='lat' dir='ltr'>et</span> <span class='ocrx_word' id='word_1_29' title='bbox 1936 646 2044 726; x_wconf 90' lang='lat' dir='ltr'>qui</span> <span class='ocrx_word' id='word_1_30' title='bbox 2079 646 2343 708; x_wconf 84' lang='lat' dir='ltr'>exultare</span> <span class='ocrx_word' id='word_1_31' title='bbox 2376 646 2576 709; x_wconf 90' lang='lat' dir='ltr'>solent</span> <span class='ocrx_word' id='word_1_32' title='bbox 2609 648 2675 708; x_wconf 90' lang='lat' dir='ltr'>in</span> <span class='ocrx_word' id='word_1_33' title='bbox 2706 651 2890 709; x_wconf 91' lang='lat' dir='ltr'>rebus</span> <span class='ocrx_word' id='word_1_34' title='bbox 2923 649 3111 728; x_wconf 89' lang='lat' dir='ltr'>pessi-</span> 
     </span>
     <span class='ocr_line' id='line_1_10' title="bbox 503 750 3115 837; baseline 0.003 -27"><span class='ocrx_word' id='word_1_35' title='bbox 503 750 620 810; x_wconf 89' lang='lat' dir='ltr'>mis</span> <span class='ocrx_word' id='word_1_36' title='bbox 650 751 764 812; x_wconf 92' lang='lat' dir='ltr'>hac</span> <span class='ocrx_word' id='word_1_37' title='bbox 796 751 1122 813; x_wconf 82' lang='lat' dir='ltr'>occasione</span> <span class='ocrx_word' id='word_1_38' title='bbox 1153 751 1552 813; x_wconf 89' lang='lat' dir='ltr'>rebellionem</span> <span class='ocrx_word' id='word_1_39' title='bbox 1589 768 1648 813; x_wconf 90' lang='lat' dir='ltr'>et</span> <span class='ocrx_word' id='word_1_40' title='bbox 1678 751 2224 814; x_wconf 83' lang='lat' dir='ltr'>ecclesiasticarum</span> <span class='ocrx_word' id='word_1_41' title='bbox 2246 772 2646 816; x_wconf 82' lang='lat' dir='ltr'><strong>censurarum</strong></span> <span class='ocrx_word' id='word_1_42' title='bbox 2668 771 3115 837; x_wconf 83' lang='lat' dir='ltr'>contemptum.</span> 
     </span>
     <span class='ocr_line' id='line_1_11' title="bbox 501 856 3110 941; baseline 0.002 -26"><span class='ocrx_word' id='word_1_43' title='bbox 501 856 688 919; x_wconf 87' lang='lat' dir='ltr'>veluti</span> <span class='ocrx_word' id='word_1_44' title='bbox 720 857 1079 939; x_wconf 88' lang='lat' dir='ltr'>triumphali</span> <span class='ocrx_word' id='word_1_45' title='bbox 1114 876 1363 939; x_wconf 86' lang='lat' dir='ltr'>pompa,</span> <span class='ocrx_word' id='word_1_46' title='bbox 1401 878 1510 938; x_wconf 91' lang='lat' dir='ltr'>per</span> <span class='ocrx_word' id='word_1_47' title='bbox 1541 857 1770 920; x_wconf 86' lang='lat' dir='ltr'>Italicas</span> <span class='ocrx_word' id='word_1_48' title='bbox 1805 862 1992 920; x_wconf 90' lang='lat' dir='ltr'>urbes</span> <span class='ocrx_word' id='word_1_49' title='bbox 2027 858 2329 941; x_wconf 88' lang='lat' dir='ltr'>praeferre</span> <span class='ocrx_word' id='word_1_50' title='bbox 2363 878 2492 921; x_wconf 92' lang='lat' dir='ltr'>non</span> <span class='ocrx_word' id='word_1_51' title='bbox 2526 862 2929 938; x_wconf 86' lang='lat' dir='ltr'>erubuerunt,</span> <span class='ocrx_word' id='word_1_52' title='bbox 2960 881 3110 923; x_wconf 92' lang='lat' dir='ltr'>con-</span> 
     </span>
     <span class='ocr_line' id='line_1_12' title="bbox 498 964 3113 1048; baseline 0.002 -22"><span class='ocrx_word' id='word_1_53' title='bbox 498 979 587 1026; x_wconf 89' lang='lat' dir='ltr'>tra</span> <span class='ocrx_word' id='word_1_54' title='bbox 632 984 923 1045; x_wconf 84' lang='lat' dir='ltr'>germana</span> <span class='ocrx_word' id='word_1_55' title='bbox 967 984 1144 1025; x_wconf 91' lang='lat' dir='ltr'>sensa</span> <span class='ocrx_word' id='word_1_56' title='bbox 1191 964 1374 1045; x_wconf 84' lang='lat' dir='ltr'>longe</span> <span class='ocrx_word' id='word_1_57' title='bbox 1409 965 1715 1027; x_wconf 87' lang='lat' dir='ltr'>maximae</span> <span class='ocrx_word' id='word_1_58' title='bbox 1747 965 2041 1028; x_wconf 83' lang='lat' dir='ltr'>Italorum</span> <span class='ocrx_word' id='word_1_59' title='bbox 2080 968 2282 1048; x_wconf 89' lang='lat' dir='ltr'>partis,</span> <span class='ocrx_word' id='word_1_60' title='bbox 2314 987 2588 1048; x_wconf 89' lang='lat' dir='ltr'>quorum</span> <span class='ocrx_word' id='word_1_61' title='bbox 2619 967 2834 1046; x_wconf 83' lang='lat' dir='ltr'>religio</span> <span class='ocrx_word' id='word_1_62' title='bbox 2867 968 3113 1030; x_wconf 88' lang='lat' dir='ltr'>devotio</span> 
     </span>
     <span class='ocr_line' id='line_1_13' title="bbox 500 1052 3117 1157; baseline 0.002 -25"><span class='ocrx_word' id='word_1_63' title='bbox 500 1092 569 1133; x_wconf 88' lang='lat' dir='ltr'>ac</span> <span class='ocrx_word' id='word_1_64' title='bbox 601 1071 751 1133; x_wconf 88' lang='lat' dir='ltr'>fides</span> <span class='ocrx_word' id='word_1_65' title='bbox 783 1091 924 1149; x_wconf 74' lang='lat' dir='ltr'>erga</span> <span class='ocrx_word' id='word_1_66' title='bbox 957 1073 1090 1133; x_wconf 92' lang='lat' dir='ltr'>Nos</span> <span class='ocrx_word' id='word_1_67' title='bbox 1122 1088 1180 1133; x_wconf 89' lang='lat' dir='ltr'>et</span> <span class='ocrx_word' id='word_1_68' title='bbox 1215 1073 1547 1134; x_wconf 82' lang='lat' dir='ltr'><strong>Ecclesiam</strong></span> <span class='ocrx_word' id='word_1_69' title='bbox 1571 1075 1854 1136; x_wconf 81' lang='lat' dir='ltr'>Sanctam</span> <span class='ocrx_word' id='word_1_70' title='bbox 1891 1075 2100 1136; x_wconf 88' lang='lat' dir='ltr'>multis</span> <span class='ocrx_word' id='word_1_71' title='bbox 2131 1075 2336 1137; x_wconf 87' lang='lat' dir='ltr'>modis</span> <span class='ocrx_word' id='word_1_72' title='bbox 2369 1052 2738 1157; x_wconf 90' lang='lat' dir='ltr'>compressa,</span> <span class='ocrx_word' id='word_1_73' title='bbox 2773 1076 3117 1156; x_wconf 86' lang='lat' dir='ltr'>quominus</span> 
     </span>
     <span class='ocr_line' id='line_1_14' title="bbox 501 1178 2187 1261; baseline 0.001 -22"><span class='ocrx_word' id='word_1_74' title='bbox 501 1178 686 1240; x_wconf 88' lang='lat' dir='ltr'>libere</span> <span class='ocrx_word' id='word_1_75' title='bbox 719 1198 968 1240; x_wconf 89' lang='lat' dir='ltr'>manare</span> <span class='ocrx_word' id='word_1_76' title='bbox 1002 1180 1212 1260; x_wconf 80' lang='lat' dir='ltr'>possit,</span> <span class='ocrx_word' id='word_1_77' title='bbox 1248 1179 1595 1261; x_wconf 88' lang='lat' dir='ltr'>impeditur.</span> <span class='ocrx_word' id='word_1_78' title='bbox 2174 1243 2187 1254; x_wconf 70' lang='lat'>,</span> 
     </span>
    </p>

    <p class='ocr_par' dir='ltr' id='par_1_9' title="bbox 501 1284 3119 3081">
     <span class='ocr_line' id='line_1_15' title="bbox 714 1284 3112 1371; baseline 0.003 -26"><span class='ocrx_word' id='word_1_79' title='bbox 714 1284 846 1348; x_wconf 91' lang='lat' dir='ltr'>Nos</span> <span class='ocrx_word' id='word_1_80' title='bbox 881 1284 1143 1355; x_wconf 88' lang='lat' dir='ltr'>interim</span> <span class='ocrx_word' id='word_1_81' title='bbox 1194 1287 1303 1367; x_wconf 90' lang='lat' dir='ltr'>qui</span> <span class='ocrx_word' id='word_1_82' title='bbox 1354 1308 1386 1347; x_wconf 90' lang='lat' dir='ltr'>a</span> <span class='ocrx_word' id='word_1_83' title='bbox 1421 1288 1557 1350; x_wconf 90' lang='lat' dir='ltr'>Deo</span> <span class='ocrx_word' id='word_1_84' title='bbox 1611 1289 1930 1353; x_wconf 88' lang='lat' dir='ltr'>universae</span> <span class='ocrx_word' id='word_1_85' title='bbox 1977 1289 2195 1350; x_wconf 91' lang='lat' dir='ltr'>domui</span> <span class='ocrx_word' id='word_1_86' title='bbox 2242 1290 2420 1350; x_wconf 89' lang='lat' dir='ltr'>lsrael</span> <span class='ocrx_word' id='word_1_87' title='bbox 2464 1290 2768 1370; x_wconf 82' lang='lat' dir='ltr'>regendae</span> <span class='ocrx_word' id='word_1_88' title='bbox 2801 1306 2859 1351; x_wconf 89' lang='lat' dir='ltr'>et</span> <span class='ocrx_word' id='word_1_89' title='bbox 2888 1293 3112 1371; x_wconf 84' lang='lat' dir='ltr'>guber-</span> 
     </span>
     <span class='ocr_line' id='line_1_16' title="bbox 505 1391 3111 1478; baseline 0.003 -27"><span class='ocrx_word' id='word_1_90' title='bbox 505 1391 745 1452; x_wconf 88' lang='lat' dir='ltr'>nandae</span> <span class='ocrx_word' id='word_1_91' title='bbox 785 1392 1114 1474; x_wconf 82' lang='lat' dir='ltr'>praepositi</span> <span class='ocrx_word' id='word_1_92' title='bbox 1147 1409 1207 1454; x_wconf 89' lang='lat' dir='ltr'>et</span> <span class='ocrx_word' id='word_1_93' title='bbox 1238 1395 1512 1475; x_wconf 88' lang='lat' dir='ltr'>supremi</span> <span class='ocrx_word' id='word_1_94' title='bbox 1546 1396 1861 1478; x_wconf 81' lang='lat' dir='ltr'>religionis</span> <span class='ocrx_word' id='word_1_95' title='bbox 1893 1415 1962 1457; x_wconf 91' lang='lat' dir='ltr'>ac</span> <span class='ocrx_word' id='word_1_96' title='bbox 1993 1394 2256 1474; x_wconf 86' lang='lat' dir='ltr'>justitiae</span> <span class='ocrx_word' id='word_1_97' title='bbox 2288 1395 2560 1456; x_wconf 90' lang='lat' dir='ltr'>vindices</span> <span class='ocrx_word' id='word_1_98' title='bbox 2591 1412 2652 1457; x_wconf 91' lang='lat' dir='ltr'>et</span> <span class='ocrx_word' id='word_1_99' title='bbox 2682 1397 2984 1459; x_wconf 83' lang='lat' dir='ltr'>Ecclesiae</span> <span class='ocrx_word' id='word_1_100' title='bbox 3019 1398 3111 1474; x_wconf 88' lang='lat' dir='ltr'>ju-</span> 
     </span>
     <span class='ocr_line' id='line_1_17' title="bbox 505 1497 3118 1581; baseline 0.002 -23"><span class='ocrx_word' id='word_1_101' title='bbox 505 1497 666 1559; x_wconf 90' lang='lat' dir='ltr'>rium</span> <span class='ocrx_word' id='word_1_102' title='bbox 715 1498 1072 1560; x_wconf 89' lang='lat' dir='ltr'>defensores</span> <span class='ocrx_word' id='word_1_103' title='bbox 1121 1502 1437 1563; x_wconf 90' lang='lat' dir='ltr'>constituti</span> <span class='ocrx_word' id='word_1_104' title='bbox 1485 1522 1724 1581; x_wconf 88' lang='lat' dir='ltr'>sumus,</span> <span class='ocrx_word' id='word_1_105' title='bbox 1774 1523 1851 1564; x_wconf 90' lang='lat' dir='ltr'>ne</span> <span class='ocrx_word' id='word_1_106' title='bbox 1900 1522 2108 1564; x_wconf 87' lang='lat' dir='ltr'>coram</span> <span class='ocrx_word' id='word_1_107' title='bbox 2144 1504 2281 1563; x_wconf 91' lang='lat' dir='ltr'>Deo</span> <span class='ocrx_word' id='word_1_108' title='bbox 2327 1518 2383 1563; x_wconf 89' lang='lat' dir='ltr'>et</span> <span class='ocrx_word' id='word_1_109' title='bbox 2431 1502 2697 1563; x_wconf 84' lang='lat' dir='ltr'>Ecclesia</span> <span class='ocrx_word' id='word_1_110' title='bbox 2741 1503 3000 1565; x_wconf 86' lang='lat' dir='ltr'>tacuisse</span> <span class='ocrx_word' id='word_1_111' title='bbox 3047 1523 3118 1564; x_wconf 90' lang='lat' dir='ltr'>ac</span> 
     </span>
     <span class='ocr_line' id='line_1_18' title="bbox 503 1604 3114 1692; baseline 0.002 -27"><span class='ocrx_word' id='word_1_112' title='bbox 503 1604 744 1666; x_wconf 89' lang='lat' dir='ltr'>silentio</span> <span class='ocrx_word' id='word_1_113' title='bbox 778 1606 1009 1667; x_wconf 89' lang='lat' dir='ltr'>Nostro</span> <span class='ocrx_word' id='word_1_114' title='bbox 1041 1623 1166 1667; x_wconf 88' lang='lat' dir='ltr'>tam</span> <span class='ocrx_word' id='word_1_115' title='bbox 1197 1607 1449 1688; x_wconf 85' lang='lat' dir='ltr'>iniquae</span> <span class='ocrx_word' id='word_1_116' title='bbox 1483 1628 1690 1670; x_wconf 91' lang='lat' dir='ltr'>rerum</span> <span class='ocrx_word' id='word_1_117' title='bbox 1724 1610 2164 1691; x_wconf 88' lang='lat' dir='ltr'>perturbationi</span> <span class='ocrx_word' id='word_1_118' title='bbox 2187 1629 2507 1671; x_wconf 86' lang='lat' dir='ltr'>assensum</span> <span class='ocrx_word' id='word_1_119' title='bbox 2527 1610 2889 1692; x_wconf 86' lang='lat' dir='ltr'>praestitisse</span> <span class='ocrx_word' id='word_1_120' title='bbox 2910 1612 3114 1672; x_wconf 90' lang='lat' dir='ltr'>redar-</span> 
     </span>
     <span class='ocr_line' id='line_1_19' title="bbox 501 1714 3117 1796; baseline 0.001 -22"><span class='ocrx_word' id='word_1_121' title='bbox 501 1733 782 1793; x_wconf 89' lang='lat' dir='ltr'>guamur,</span> <span class='ocrx_word' id='word_1_122' title='bbox 817 1729 1186 1776; x_wconf 84' lang='lat' dir='ltr'>renovantes</span> <span class='ocrx_word' id='word_1_123' title='bbox 1218 1730 1279 1775; x_wconf 90' lang='lat' dir='ltr'>et</span> <span class='ocrx_word' id='word_1_124' title='bbox 1310 1714 1771 1791; x_wconf 78' lang='lat' dir='ltr'>confirmanteS,</span> <span class='ocrx_word' id='word_1_125' title='bbox 1806 1734 1965 1795; x_wconf 90' lang='lat' dir='ltr'>quae</span> <span class='ocrx_word' id='word_1_126' title='bbox 1999 1715 2063 1776; x_wconf 91' lang='lat' dir='ltr'>in</span> <span class='ocrx_word' id='word_1_127' title='bbox 2096 1716 2384 1796; x_wconf 89' lang='lat' dir='ltr'>superius</span> <span class='ocrx_word' id='word_1_128' title='bbox 2405 1715 2591 1777; x_wconf 87' lang='lat' dir='ltr'>citatis</span> <span class='ocrx_word' id='word_1_129' title='bbox 2612 1716 3117 1780; x_wconf 87' lang='lat' dir='ltr'>Allocutionibus</span> 
     </span>
     <span class='ocr_line' id='line_1_20' title="bbox 506 1821 3114 1902; baseline 0.002 -21"><span class='ocrx_word' id='word_1_130' title='bbox 506 1821 839 1902; x_wconf 88' lang='lat' dir='ltr'>Encyclicis</span> <span class='ocrx_word' id='word_1_131' title='bbox 871 1841 941 1883; x_wconf 89' lang='lat' dir='ltr'>ac</span> <span class='ocrx_word' id='word_1_132' title='bbox 972 1821 1268 1882; x_wconf 87' lang='lat' dir='ltr'>Brevibus</span> <span class='ocrx_word' id='word_1_133' title='bbox 1299 1821 1511 1884; x_wconf 88' lang='lat' dir='ltr'>litteris</span> <span class='ocrx_word' id='word_1_134' title='bbox 1543 1822 1688 1883; x_wconf 87' lang='lat' dir='ltr'>alias</span> <span class='ocrx_word' id='word_1_135' title='bbox 1718 1821 2075 1884; x_wconf 89' lang='lat' dir='ltr'>solemniter</span> <span class='ocrx_word' id='word_1_136' title='bbox 2107 1822 2549 1884; x_wconf 88' lang='lat' dir='ltr'>declaravimus</span> <span class='ocrx_word' id='word_1_137' title='bbox 2583 1844 2650 1884; x_wconf 91' lang='lat' dir='ltr'>ac</span> <span class='ocrx_word' id='word_1_138' title='bbox 2684 1824 3016 1885; x_wconf 89' lang='lat' dir='ltr'>novissime</span> <span class='ocrx_word' id='word_1_139' title='bbox 3050 1825 3114 1885; x_wconf 90' lang='lat' dir='ltr'>in</span> 
     </span>
     <span class='ocr_line' id='line_1_21' title="bbox 503 1928 3118 2012; baseline 0.002 -25"><span class='ocrx_word' id='word_1_140' title='bbox 503 1928 959 2008; x_wconf 86' lang='lat' dir='ltr'>protestatione,</span> <span class='ocrx_word' id='word_1_141' title='bbox 1007 1948 1198 2009; x_wconf 90' lang='lat' dir='ltr'>quam</span> <span class='ocrx_word' id='word_1_142' title='bbox 1247 1928 1420 2007; x_wconf 85' lang='lat' dir='ltr'>jussu</span> <span class='ocrx_word' id='word_1_143' title='bbox 1472 1950 1541 1990; x_wconf 90' lang='lat' dir='ltr'>ac</span> <span class='ocrx_word' id='word_1_144' title='bbox 1592 1930 1848 1991; x_wconf 90' lang='lat' dir='ltr'>nomine</span> <span class='ocrx_word' id='word_1_145' title='bbox 1883 1930 2114 1992; x_wconf 91' lang='lat' dir='ltr'>Nostro</span> <span class='ocrx_word' id='word_1_146' title='bbox 2164 1929 2506 1991; x_wconf 88' lang='lat' dir='ltr'>Cardinalis</span> <span class='ocrx_word' id='word_1_147' title='bbox 2551 1930 2811 2011; x_wconf 90' lang='lat' dir='ltr'>publicis</span> <span class='ocrx_word' id='word_1_148' title='bbox 2856 1932 3118 2012; x_wconf 82' lang='lat' dir='ltr'>negotiis</span> 
     </span>
     <span class='ocr_line' id='line_1_22' title="bbox 505 2034 3112 2118; baseline 0.002 -24"><span class='ocrx_word' id='word_1_149' title='bbox 505 2034 889 2115; x_wconf 90' lang='lat' dir='ltr'>praepositus</span> <span class='ocrx_word' id='word_1_150' title='bbox 936 2034 1071 2116; x_wconf 92' lang='lat' dir='ltr'>ipso</span> <span class='ocrx_word' id='word_1_151' title='bbox 1108 2036 1400 2097; x_wconf 90' lang='lat' dir='ltr'>vicesimo</span> <span class='ocrx_word' id='word_1_152' title='bbox 1433 2035 1811 2117; x_wconf 88' lang='lat' dir='ltr'>Septembris</span> <span class='ocrx_word' id='word_1_153' title='bbox 1846 2037 1963 2114; x_wconf 90' lang='lat' dir='ltr'>die,</span> <span class='ocrx_word' id='word_1_154' title='bbox 2012 2038 2088 2098; x_wconf 92' lang='lat' dir='ltr'>ad</span> <span class='ocrx_word' id='word_1_155' title='bbox 2122 2038 2432 2114; x_wconf 84' lang='lat' dir='ltr'>Oratores,</span> <span class='ocrx_word' id='word_1_156' title='bbox 2468 2037 2782 2098; x_wconf 90' lang='lat' dir='ltr'>Ministros</span> <span class='ocrx_word' id='word_1_157' title='bbox 2815 2054 2873 2099; x_wconf 91' lang='lat' dir='ltr'>et</span> <span class='ocrx_word' id='word_1_158' title='bbox 2904 2038 3112 2118; x_wconf 83' lang='lat' dir='ltr'>Nego·</span> 
     </span>
     <span class='ocr_line' id='line_1_23' title="bbox 504 2142 3116 2225; baseline 0.002 -26"><span class='ocrx_word' id='word_1_159' title='bbox 504 2142 733 2202; x_wconf 91' lang='lat' dir='ltr'>tiorum</span> <span class='ocrx_word' id='word_1_160' title='bbox 777 2158 1050 2222; x_wconf 85' lang='lat' dir='ltr'>gestores</span> <span class='ocrx_word' id='word_1_161' title='bbox 1095 2158 1438 2205; x_wconf 85' lang='lat' dir='ltr'>exterarum</span> <span class='ocrx_word' id='word_1_162' title='bbox 1479 2144 1803 2206; x_wconf 90' lang='lat' dir='ltr'>nationum</span> <span class='ocrx_word' id='word_1_163' title='bbox 1834 2145 2001 2225; x_wconf 91' lang='lat' dir='ltr'>apud</span> <span class='ocrx_word' id='word_1_164' title='bbox 2033 2144 2165 2205; x_wconf 89' lang='lat' dir='ltr'>Nos</span> <span class='ocrx_word' id='word_1_165' title='bbox 2199 2159 2256 2205; x_wconf 91' lang='lat' dir='ltr'>et</span> <span class='ocrx_word' id='word_1_166' title='bbox 2292 2144 2447 2204; x_wconf 91' lang='lat' dir='ltr'>hanc</span> <span class='ocrx_word' id='word_1_167' title='bbox 2481 2144 2541 2206; x_wconf 91' lang='lat' dir='ltr'>S.</span> <span class='ocrx_word' id='word_1_168' title='bbox 2574 2143 2799 2205; x_wconf 89' lang='lat' dir='ltr'>Sedem</span> <span class='ocrx_word' id='word_1_169' title='bbox 2834 2163 3116 2205; x_wconf 90' lang='lat' dir='ltr'>commo-</span> 
     </span>
     <span class='ocr_line' id='line_1_24' title="bbox 507 2249 3114 2331; baseline 0.002 -23"><span class='ocrx_word' id='word_1_170' title='bbox 507 2266 703 2311; x_wconf 89' lang='lat' dir='ltr'>rantes</span> <span class='ocrx_word' id='word_1_171' title='bbox 736 2249 925 2326; x_wconf 85' lang='lat' dir='ltr'>dedit,</span> <span class='ocrx_word' id='word_1_172' title='bbox 958 2249 1322 2310; x_wconf 89' lang='lat' dir='ltr'>solemniori</span> <span class='ocrx_word' id='word_1_173' title='bbox 1356 2269 1487 2329; x_wconf 92' lang='lat' dir='ltr'>quo</span> <span class='ocrx_word' id='word_1_174' title='bbox 1519 2270 1855 2331; x_wconf 90' lang='lat' dir='ltr'>possumus</span> <span class='ocrx_word' id='word_1_175' title='bbox 1876 2251 2071 2312; x_wconf 90' lang='lat' dir='ltr'>modo</span> <span class='ocrx_word' id='word_1_176' title='bbox 2095 2250 2318 2311; x_wconf 90' lang='lat' dir='ltr'>iterum</span> <span class='ocrx_word' id='word_1_177' title='bbox 2353 2269 2562 2310; x_wconf 91' lang='lat' dir='ltr'>coram</span> <span class='ocrx_word' id='word_1_178' title='bbox 2586 2250 2797 2328; x_wconf 84' lang='lat' dir='ltr'>Vobis,</span> <span class='ocrx_word' id='word_1_179' title='bbox 2820 2250 2952 2312; x_wconf 88' lang='lat' dir='ltr'>VV.</span> <span class='ocrx_word' id='word_1_180' title='bbox 2977 2251 3024 2312; x_wconf 84' lang='lat' dir='ltr'>F</span> <span class='ocrx_word' id='word_1_181' title='bbox 3029 2252 3075 2312; x_wconf 78' lang='lat' dir='ltr'>F</span> <span class='ocrx_word' id='word_1_182' title='bbox 3082 2299 3114 2327; x_wconf 89' lang='lat'>.,</span> 
     </span>
     <span class='ocr_line' id='line_1_25' title="bbox 509 2356 3119 2438; baseline 0.001 -22"><span class='ocrx_word' id='word_1_183' title='bbox 509 2356 905 2433; x_wconf 81' lang='lat' dir='ltr'>declaramus,</span> <span class='ocrx_word' id='word_1_184' title='bbox 939 2356 1228 2416; x_wconf 89' lang='lat' dir='ltr'>Nostram</span> <span class='ocrx_word' id='word_1_185' title='bbox 1278 2371 1548 2418; x_wconf 88' lang='lat' dir='ltr'>mentem</span> <span class='ocrx_word' id='word_1_186' title='bbox 1596 2357 1990 2438; x_wconf 91' lang='lat' dir='ltr'>propositum</span> <span class='ocrx_word' id='word_1_187' title='bbox 2023 2371 2080 2417; x_wconf 91' lang='lat' dir='ltr'>et</span> <span class='ocrx_word' id='word_1_188' title='bbox 2111 2356 2491 2418; x_wconf 86' lang='lat' dir='ltr'>voluntatem</span> <span class='ocrx_word' id='word_1_189' title='bbox 2524 2376 2655 2417; x_wconf 89' lang='lat' dir='ltr'>esse</span> <span class='ocrx_word' id='word_1_190' title='bbox 2689 2358 2899 2418; x_wconf 90' lang='lat' dir='ltr'>omnia</span> <span class='ocrx_word' id='word_1_191' title='bbox 2934 2357 3119 2433; x_wconf 86' lang='lat' dir='ltr'>hujus</span> 
     </span>
     <span class='ocr_line' id='line_1_26' title="bbox 512 2463 3114 2545; baseline 0 -20"><span class='ocrx_word' id='word_1_192' title='bbox 512 2463 570 2525; x_wconf 82' lang='lat' dir='ltr'>S.</span> <span class='ocrx_word' id='word_1_193' title='bbox 603 2464 776 2525; x_wconf 90' lang='lat' dir='ltr'>Sedis</span> <span class='ocrx_word' id='word_1_194' title='bbox 808 2463 1080 2526; x_wconf 91' lang='lat' dir='ltr'>dominia</span> <span class='ocrx_word' id='word_1_195' title='bbox 1114 2463 1519 2545; x_wconf 84' lang='lat' dir='ltr'>ejusdemque</span> <span class='ocrx_word' id='word_1_196' title='bbox 1554 2463 1684 2542; x_wconf 86' lang='lat' dir='ltr'>jura</span> <span class='ocrx_word' id='word_1_197' title='bbox 1716 2465 1953 2544; x_wconf 87' lang='lat' dir='ltr'>integra</span> <span class='ocrx_word' id='word_1_198' title='bbox 1985 2465 2203 2526; x_wconf 89' lang='lat' dir='ltr'>intacta</span> <span class='ocrx_word' id='word_1_199' title='bbox 2235 2463 2524 2525; x_wconf 89' lang='lat' dir='ltr'>inviolata</span> <span class='ocrx_word' id='word_1_200' title='bbox 2560 2463 2816 2525; x_wconf 88' lang='lat' dir='ltr'>retinere</span> <span class='ocrx_word' id='word_1_201' title='bbox 2838 2480 3019 2544; x_wconf 88' lang='lat' dir='ltr'>atque</span> <span class='ocrx_word' id='word_1_202' title='bbox 3040 2466 3114 2525; x_wconf 83' lang='lat' dir='ltr'>ad</span> 
     </span>
     <span class='ocr_line' id='line_1_27' title="bbox 510 2571 3115 2652; baseline 0.001 -23"><span class='ocrx_word' id='word_1_203' title='bbox 510 2589 890 2632; x_wconf 87' lang='lat' dir='ltr'>successores</span> <span class='ocrx_word' id='word_1_204' title='bbox 923 2572 1184 2633; x_wconf 89' lang='lat' dir='ltr'>Nostros</span> <span class='ocrx_word' id='word_1_205' title='bbox 1229 2571 1668 2642; x_wconf 88' lang='lat' dir='ltr'>transmittere;</span> <span class='ocrx_word' id='word_1_206' title='bbox 1724 2591 2188 2652; x_wconf 86' lang='lat' dir='ltr'>quamcumque</span> <span class='ocrx_word' id='word_1_207' title='bbox 2228 2590 2445 2632; x_wconf 90' lang='lat' dir='ltr'>eorum</span> <span class='ocrx_word' id='word_1_208' title='bbox 2481 2571 2960 2651; x_wconf 85' lang='lat' dir='ltr'>usurpationem,</span> <span class='ocrx_word' id='word_1_209' title='bbox 2993 2589 3115 2632; x_wconf 88' lang='lat' dir='ltr'>tam</span> 
     </span>
     <span class='ocr_line' id='line_1_28' title="bbox 509 2677 3114 2759; baseline -0 -20"><span class='ocrx_word' id='word_1_210' title='bbox 509 2678 701 2740; x_wconf 91' lang='lat' dir='ltr'>modo</span> <span class='ocrx_word' id='word_1_211' title='bbox 734 2698 923 2759; x_wconf 90' lang='lat' dir='ltr'>quam</span> <span class='ocrx_word' id='word_1_212' title='bbox 955 2694 1132 2741; x_wconf 90' lang='lat' dir='ltr'>antea</span> <span class='ocrx_word' id='word_1_213' title='bbox 1166 2677 1405 2757; x_wconf 85' lang='lat' dir='ltr'>factam,</span> <span class='ocrx_word' id='word_1_214' title='bbox 1441 2677 1731 2756; x_wconf 89' lang='lat' dir='ltr'>injustam</span> <span class='ocrx_word' id='word_1_215' title='bbox 1764 2678 2095 2742; x_wconf 90' lang='lat' dir='ltr'>violentam</span> <span class='ocrx_word' id='word_1_216' title='bbox 2131 2678 2368 2740; x_wconf 89' lang='lat' dir='ltr'>nullam</span> <span class='ocrx_word' id='word_1_217' title='bbox 2400 2677 2757 2758; x_wconf 88' lang='lat' dir='ltr'>irritamque</span> <span class='ocrx_word' id='word_1_218' title='bbox 2790 2697 2942 2756; x_wconf 90' lang='lat' dir='ltr'>esse,</span> <span class='ocrx_word' id='word_1_219' title='bbox 2978 2698 3114 2740; x_wconf 90' lang='lat' dir='ltr'>om-</span> 
     </span>
     <span class='ocr_line' id='line_1_29' title="bbox 510 2785 3114 2867; baseline 0 -21"><span class='ocrx_word' id='word_1_220' title='bbox 510 2786 734 2867; x_wconf 90' lang='lat' dir='ltr'>niaque</span> <span class='ocrx_word' id='word_1_221' title='bbox 758 2786 1171 2867; x_wconf 89' lang='lat' dir='ltr'>perduellium</span> <span class='ocrx_word' id='word_1_222' title='bbox 1192 2803 1249 2847; x_wconf 90' lang='lat' dir='ltr'>et</span> <span class='ocrx_word' id='word_1_223' title='bbox 1269 2787 1623 2848; x_wconf 86' lang='lat' dir='ltr'>invasorum</span> <span class='ocrx_word' id='word_1_224' title='bbox 1647 2802 1798 2863; x_wconf 91' lang='lat' dir='ltr'>acta,</span> <span class='ocrx_word' id='word_1_225' title='bbox 1815 2786 1939 2848; x_wconf 90' lang='lat' dir='ltr'>sive</span> <span class='ocrx_word' id='word_1_226' title='bbox 1962 2806 2119 2867; x_wconf 91' lang='lat' dir='ltr'>quae</span> <span class='ocrx_word' id='word_1_227' title='bbox 2142 2787 2439 2847; x_wconf 89' lang='lat' dir='ltr'>hactenus</span> <span class='ocrx_word' id='word_1_228' title='bbox 2459 2801 2626 2863; x_wconf 87' lang='lat' dir='ltr'>gesta</span> <span class='ocrx_word' id='word_1_229' title='bbox 2647 2802 2792 2846; x_wconf 90' lang='lat' dir='ltr'>sunt</span> <span class='ocrx_word' id='word_1_230' title='bbox 2810 2785 2934 2846; x_wconf 93' lang='lat' dir='ltr'>sive</span> <span class='ocrx_word' id='word_1_231' title='bbox 2956 2806 3114 2866; x_wconf 90' lang='lat' dir='ltr'>quae</span> 
     </span>
     <span class='ocr_line' id='line_1_30' title="bbox 509 2892 3115 2975; baseline 0 -22"><span class='ocrx_word' id='word_1_232' title='bbox 509 2892 758 2954; x_wconf 89' lang='lat' dir='ltr'>forsitan</span> <span class='ocrx_word' id='word_1_233' title='bbox 775 2893 838 2953; x_wconf 92' lang='lat' dir='ltr'>in</span> <span class='ocrx_word' id='word_1_234' title='bbox 862 2909 1177 2975; x_wconf 88' lang='lat' dir='ltr'>posterum</span> <span class='ocrx_word' id='word_1_235' title='bbox 1199 2909 1492 2975; x_wconf 83' lang='lat' dir='ltr'>gerentur</span> <span class='ocrx_word' id='word_1_236' title='bbox 1509 2894 1585 2954; x_wconf 92' lang='lat' dir='ltr'>ad</span> <span class='ocrx_word' id='word_1_237' title='bbox 1603 2893 1976 2974; x_wconf 88' lang='lat' dir='ltr'>praedictam</span> <span class='ocrx_word' id='word_1_238' title='bbox 1995 2893 2455 2973; x_wconf 88' lang='lat' dir='ltr'>usurpationem</span> <span class='ocrx_word' id='word_1_239' title='bbox 2476 2911 2737 2973; x_wconf 90' lang='lat' dir='ltr'>quoquo</span> <span class='ocrx_word' id='word_1_240' title='bbox 2752 2894 2947 2954; x_wconf 90' lang='lat' dir='ltr'>modo</span> <span class='ocrx_word' id='word_1_241' title='bbox 2964 2912 3115 2954; x_wconf 92' lang='lat' dir='ltr'>con-</span> 
     </span>
     <span class='ocr_line' id='line_1_31' title="bbox 508 2998 3116 3081; baseline 0.001 -23"><span class='ocrx_word' id='word_1_242' title='bbox 508 2998 889 3077; x_wconf 87' lang='lat' dir='ltr'>firmandam,</span> <span class='ocrx_word' id='word_1_243' title='bbox 904 3022 937 3062; x_wconf 90' lang='lat' dir='ltr'>a</span> <span class='ocrx_word' id='word_1_244' title='bbox 954 3000 1148 3061; x_wconf 92' lang='lat' dir='ltr'>Nobis</span> <span class='ocrx_word' id='word_1_245' title='bbox 1164 3000 1344 3061; x_wconf 88' lang='lat' dir='ltr'>etiam</span> <span class='ocrx_word' id='word_1_246' title='bbox 1367 3020 1535 3062; x_wconf 91' lang='lat' dir='ltr'>nunc</span> <span class='ocrx_word' id='word_1_247' title='bbox 1556 3019 1670 3081; x_wconf 91' lang='lat' dir='ltr'>pro</span> <span class='ocrx_word' id='word_1_248' title='bbox 1692 3016 1839 3061; x_wconf 88' lang='lat' dir='ltr'>tunc</span> <span class='ocrx_word' id='word_1_249' title='bbox 1860 2999 2158 3075; x_wconf 86' lang='lat' dir='ltr'>damnari,</span> <span class='ocrx_word' id='word_1_250' title='bbox 2182 2999 2460 3077; x_wconf 85' lang='lat' dir='ltr'>rescindi,</span> <span class='ocrx_word' id='word_1_251' title='bbox 2478 2999 2699 3060; x_wconf 89' lang='lat' dir='ltr'>cassari</span> <span class='ocrx_word' id='word_1_252' title='bbox 2729 3015 2788 3060; x_wconf 91' lang='lat' dir='ltr'>et</span> <span class='ocrx_word' id='word_1_253' title='bbox 2818 3001 3116 3081; x_wconf 84' lang='lat' dir='ltr'>abrogari.</span> 
     </span>
    </p>

    <p class='ocr_par' dir='ltr' id='par_1_10' title="bbox 506 3106 3116 3402">
     <span class='ocr_line' id='line_1_32' title="bbox 721 3106 3115 3188; baseline 0 -21"><span class='ocrx_word' id='word_1_254' title='bbox 721 3107 1118 3169; x_wconf 90' lang='lat' dir='ltr'>Declaramus</span> <span class='ocrx_word' id='word_1_255' title='bbox 1169 3124 1476 3188; x_wconf 88' lang='lat' dir='ltr'>praeterea</span> <span class='ocrx_word' id='word_1_256' title='bbox 1528 3125 1585 3168; x_wconf 89' lang='lat' dir='ltr'>et</span> <span class='ocrx_word' id='word_1_257' title='bbox 1636 3123 2046 3188; x_wconf 89' lang='lat' dir='ltr'>protestamur</span> <span class='ocrx_word' id='word_1_258' title='bbox 2097 3126 2306 3169; x_wconf 89' lang='lat' dir='ltr'>coram</span> <span class='ocrx_word' id='word_1_259' title='bbox 2344 3107 2478 3167; x_wconf 90' lang='lat' dir='ltr'>Deo</span> <span class='ocrx_word' id='word_1_260' title='bbox 2526 3125 2584 3167; x_wconf 89' lang='lat' dir='ltr'>et</span> <span class='ocrx_word' id='word_1_261' title='bbox 2631 3106 2921 3168; x_wconf 90' lang='lat' dir='ltr'>universo</span> <span class='ocrx_word' id='word_1_262' title='bbox 2968 3110 3115 3168; x_wconf 92' lang='lat' dir='ltr'>orbe</span> 
     </span>
     <span class='ocr_line' id='line_1_33' title="bbox 506 3212 3116 3296; baseline 0.001 -23"><span class='ocrx_word' id='word_1_263' title='bbox 506 3212 830 3275; x_wconf 85' lang='lat' dir='ltr'>Catholico</span> <span class='ocrx_word' id='word_1_264' title='bbox 866 3215 996 3275; x_wconf 89' lang='lat' dir='ltr'>Nos</span> <span class='ocrx_word' id='word_1_265' title='bbox 1027 3215 1088 3275; x_wconf 94' lang='lat' dir='ltr'>in</span> <span class='ocrx_word' id='word_1_266' title='bbox 1123 3213 1428 3290; x_wconf 87' lang='lat' dir='ltr'>ejusmodi</span> <span class='ocrx_word' id='word_1_267' title='bbox 1461 3215 1799 3296; x_wconf 85' lang='lat' dir='ltr'>captivitate</span> <span class='ocrx_word' id='word_1_268' title='bbox 1833 3214 2078 3289; x_wconf 88' lang='lat' dir='ltr'>versari,</span> <span class='ocrx_word' id='word_1_269' title='bbox 2115 3230 2182 3275; x_wconf 89' lang='lat' dir='ltr'>ut</span> <span class='ocrx_word' id='word_1_270' title='bbox 2212 3232 2570 3295; x_wconf 89' lang='lat' dir='ltr'>supremam</span> <span class='ocrx_word' id='word_1_271' title='bbox 2590 3214 2877 3275; x_wconf 86' lang='lat' dir='ltr'>Nostram</span> <span class='ocrx_word' id='word_1_272' title='bbox 2913 3231 3116 3295; x_wconf 90' lang='lat' dir='ltr'>pasto-</span> 
     </span>
     <span class='ocr_line' id='line_1_34' title="bbox 508 3319 2904 3402; baseline 0.001 -22"><span class='ocrx_word' id='word_1_273' title='bbox 508 3319 697 3381; x_wconf 88' lang='lat' dir='ltr'>ralem</span> <span class='ocrx_word' id='word_1_274' title='bbox 728 3322 1150 3388; x_wconf 86' lang='lat' dir='ltr'>auctoritatem</span> <span class='ocrx_word' id='word_1_275' title='bbox 1183 3336 1315 3383; x_wconf 87' lang='lat' dir='ltr'>tuto</span> <span class='ocrx_word' id='word_1_276' title='bbox 1348 3320 1625 3402; x_wconf 73' lang='lat' dir='ltr'>expedite</span> <span class='ocrx_word' id='word_1_277' title='bbox 1658 3341 1727 3382; x_wconf 90' lang='lat' dir='ltr'>ac</span> <span class='ocrx_word' id='word_1_278' title='bbox 1759 3322 1947 3384; x_wconf 88' lang='lat' dir='ltr'>libere</span> <span class='ocrx_word' id='word_1_279' title='bbox 1979 3321 2233 3382; x_wconf 90' lang='lat' dir='ltr'>minime</span> <span class='ocrx_word' id='word_1_280' title='bbox 2266 3340 2544 3381; x_wconf 83' lang='lat' dir='ltr'>exercere</span> <span class='ocrx_word' id='word_1_281' title='bbox 2577 3321 2904 3402; x_wconf 90' lang='lat' dir='ltr'>possimus.</span> 
     </span>
    </p>

    <p class='ocr_par' dir='ltr' id='par_1_11' title="bbox 507 3425 3120 5011">
     <span class='ocr_line' id='line_1_35' title="bbox 718 3425 3116 3509; baseline 0 -21"><span class='ocrx_word' id='word_1_282' title='bbox 718 3428 1007 3489; x_wconf 90' lang='lat' dir='ltr'>Tandem</span> <span class='ocrx_word' id='word_1_283' title='bbox 1039 3428 1283 3489; x_wconf 91' lang='lat' dir='ltr'>monito</span> <span class='ocrx_word' id='word_1_284' title='bbox 1316 3427 1402 3488; x_wconf 89' lang='lat' dir='ltr'>illi</span> <span class='ocrx_word' id='word_1_285' title='bbox 1434 3427 1495 3489; x_wconf 91' lang='lat' dir='ltr'>S.</span> <span class='ocrx_word' id='word_1_286' title='bbox 1532 3428 1702 3489; x_wconf 85' lang='lat' dir='ltr'>Pauli</span> <span class='ocrx_word' id='word_1_287' title='bbox 1737 3430 2246 3509; x_wconf 88' lang='lat' dir='ltr'>obtemperantes.</span> <span class='ocrx_word' id='word_1_288' title='bbox 2291 3425 2511 3502; x_wconf 77' lang='lat' dir='ltr'>«Quae</span> <span class='ocrx_word' id='word_1_289' title='bbox 2545 3427 2921 3509; x_wconf 89' lang='lat' dir='ltr'>participatio</span> <span class='ocrx_word' id='word_1_290' title='bbox 2956 3427 3116 3502; x_wconf 84' lang='lat' dir='ltr'>inju-</span> 
     </span>
     <span class='ocr_line' id='line_1_36' title="bbox 507 3534 3115 3616; baseline 0.001 -22"><span class='ocrx_word' id='word_1_291' title='bbox 507 3535 697 3597; x_wconf 88' lang='lat' dir='ltr'>stitiae</span> <span class='ocrx_word' id='word_1_292' title='bbox 731 3555 873 3597; x_wconf 88' lang='lat' dir='ltr'>cum</span> <span class='ocrx_word' id='word_1_293' title='bbox 910 3535 1264 3616; x_wconf 75' lang='lat' dir='ltr'>iniquitate?</span> <span class='ocrx_word' id='word_1_294' title='bbox 1302 3550 1407 3596; x_wconf 92' lang='lat' dir='ltr'>aut</span> <span class='ocrx_word' id='word_1_295' title='bbox 1439 3554 1599 3615; x_wconf 91' lang='lat' dir='ltr'>quae</span> <span class='ocrx_word' id='word_1_296' title='bbox 1631 3535 1889 3595; x_wconf 89' lang='lat' dir='ltr'>societas</span> <span class='ocrx_word' id='word_1_297' title='bbox 1921 3534 2043 3595; x_wconf 88' lang='lat' dir='ltr'>luci</span> <span class='ocrx_word' id='word_1_298' title='bbox 2075 3535 2150 3595; x_wconf 92' lang='lat' dir='ltr'>ad</span> <span class='ocrx_word' id='word_1_299' title='bbox 2186 3536 2503 3595; x_wconf 87' lang='lat' dir='ltr'>tenebras?</span> <span class='ocrx_word' id='word_1_300' title='bbox 2538 3534 2716 3609; x_wconf 89' lang='lat' dir='ltr'>Quae</span> <span class='ocrx_word' id='word_1_301' title='bbox 2736 3550 2944 3595; x_wconf 88' lang='lat' dir='ltr'>autem</span> <span class='ocrx_word' id='word_1_302' title='bbox 2965 3555 3115 3596; x_wconf 87' lang='lat' dir='ltr'>con-</span> 
     </span>
     <span class='ocr_line' id='line_1_37' title="bbox 511 3642 3114 3722; baseline 0.002 -23"><span class='ocrx_word' id='word_1_303' title='bbox 511 3642 714 3704; x_wconf 92' lang='lat' dir='ltr'>ventio</span> <span class='ocrx_word' id='word_1_304' title='bbox 745 3643 975 3705; x_wconf 87' lang='lat' dir='ltr'>Christi</span> <span class='ocrx_word' id='word_1_305' title='bbox 1020 3664 1054 3704; x_wconf 89' lang='lat' dir='ltr'>a</span> <span class='ocrx_word' id='word_1_306' title='bbox 1085 3642 1339 3721; x_wconf 81' lang='lat' dir='ltr'>Belial»,</span> <span class='ocrx_word' id='word_1_307' title='bbox 1388 3643 1468 3719; x_wconf 84' lang='lat'>(2.</span> <span class='ocrx_word' id='word_1_308' title='bbox 1501 3643 1646 3703; x_wconf 87' lang='lat' dir='ltr'>Cor.</span> <span class='ocrx_word' id='word_1_309' title='bbox 1683 3661 1813 3722; x_wconf 87' lang='lat' dir='ltr'>cap.</span> <span class='ocrx_word' id='word_1_310' title='bbox 1847 3642 1951 3704; x_wconf 86' lang='lat' dir='ltr'>VI.</span> <span class='ocrx_word' id='word_1_311' title='bbox 1999 3662 2092 3721; x_wconf 89' lang='lat'>14.</span> <span class='ocrx_word' id='word_1_312' title='bbox 2129 3658 2186 3702; x_wconf 89' lang='lat' dir='ltr'>et</span> <span class='ocrx_word' id='word_1_313' title='bbox 2231 3643 2341 3720; x_wconf 78' lang='lat'><strong>¹5.)</strong></span> <span class='ocrx_word' id='word_1_314' title='bbox 2392 3643 2594 3722; x_wconf 88' lang='lat' dir='ltr'>palam</span> <span class='ocrx_word' id='word_1_315' title='bbox 2624 3657 2955 3722; x_wconf 89' lang='lat' dir='ltr'>aperteque</span> <span class='ocrx_word' id='word_1_316' title='bbox 2987 3644 3114 3703; x_wconf 89' lang='lat' dir='ltr'>edi-</span> 
     </span>
     <span class='ocr_line' id='line_1_38' title="bbox 509 3748 3116 3827; baseline 0 -18"><span class='ocrx_word' id='word_1_317' title='bbox 509 3749 704 3811; x_wconf 88' lang='lat' dir='ltr'>cimus</span> <span class='ocrx_word' id='word_1_318' title='bbox 747 3769 815 3810; x_wconf 88' lang='lat' dir='ltr'>ac</span> <span class='ocrx_word' id='word_1_319' title='bbox 862 3749 1263 3825; x_wconf 86' lang='lat' dir='ltr'>declaramus,</span> <span class='ocrx_word' id='word_1_320' title='bbox 1311 3751 1442 3810; x_wconf 93' lang='lat' dir='ltr'>Nos</span> <span class='ocrx_word' id='word_1_321' title='bbox 1489 3767 1798 3810; x_wconf 89' lang='lat' dir='ltr'>memores</span> <span class='ocrx_word' id='word_1_322' title='bbox 1846 3748 2035 3810; x_wconf 89' lang='lat' dir='ltr'>officii</span> <span class='ocrx_word' id='word_1_323' title='bbox 2069 3749 2278 3810; x_wconf 92' lang='lat' dir='ltr'>Nostri</span> <span class='ocrx_word' id='word_1_324' title='bbox 2310 3764 2366 3808; x_wconf 87' lang='lat' dir='ltr'>et</span> <span class='ocrx_word' id='word_1_325' title='bbox 2396 3748 2692 3809; x_wconf 90' lang='lat' dir='ltr'>solemnis</span> <span class='ocrx_word' id='word_1_326' title='bbox 2725 3748 3116 3827; x_wconf 87' lang='lat' dir='ltr'>jurisjurandi</span> 
     </span>
     <span class='ocr_line' id='line_1_39' title="bbox 510 3855 3117 3937; baseline 0 -20"><span class='ocrx_word' id='word_1_327' title='bbox 510 3876 638 3936; x_wconf 90' lang='lat' dir='ltr'>quo</span> <span class='ocrx_word' id='word_1_328' title='bbox 684 3873 984 3934; x_wconf 91' lang='lat' dir='ltr'>tenemur,</span> <span class='ocrx_word' id='word_1_329' title='bbox 1035 3857 1190 3918; x_wconf 89' lang='lat' dir='ltr'>nulli</span> <span class='ocrx_word' id='word_1_330' title='bbox 1240 3875 1520 3937; x_wconf 89' lang='lat' dir='ltr'>unquam</span> <span class='ocrx_word' id='word_1_331' title='bbox 1553 3855 1968 3918; x_wconf 88' lang='lat' dir='ltr'>conciliationi</span> <span class='ocrx_word' id='word_1_332' title='bbox 2000 3855 2279 3917; x_wconf 90' lang='lat' dir='ltr'>assentiri</span> <span class='ocrx_word' id='word_1_333' title='bbox 2313 3855 2407 3915; x_wconf 89' lang='lat' dir='ltr'>vel</span> <span class='ocrx_word' id='word_1_334' title='bbox 2439 3875 2759 3916; x_wconf 90' lang='lat' dir='ltr'>assensum</span> <span class='ocrx_word' id='word_1_335' title='bbox 2794 3856 3117 3935; x_wconf 89' lang='lat' dir='ltr'>praestitu-</span> 
     </span>
     <span class='ocr_line' id='line_1_40' title="bbox 509 3961 3119 4045; baseline -0 -20"><span class='ocrx_word' id='word_1_336' title='bbox 509 3983 630 4042; x_wconf 92' lang='lat' dir='ltr'>ros,</span> <span class='ocrx_word' id='word_1_337' title='bbox 674 3984 832 4045; x_wconf 89' lang='lat' dir='ltr'>quae</span> <span class='ocrx_word' id='word_1_338' title='bbox 880 3964 1009 4024; x_wconf 89' lang='lat' dir='ltr'>ullo</span> <span class='ocrx_word' id='word_1_339' title='bbox 1057 3965 1249 4025; x_wconf 90' lang='lat' dir='ltr'>modo</span> <span class='ocrx_word' id='word_1_340' title='bbox 1285 3962 1414 4040; x_wconf 89' lang='lat' dir='ltr'>jura</span> <span class='ocrx_word' id='word_1_341' title='bbox 1450 3965 1672 4024; x_wconf 91' lang='lat' dir='ltr'>Nostra</span> <span class='ocrx_word' id='word_1_342' title='bbox 1704 3978 1889 4042; x_wconf 89' lang='lat' dir='ltr'>atque</span> <span class='ocrx_word' id='word_1_343' title='bbox 1924 3963 2080 4024; x_wconf 90' lang='lat' dir='ltr'>adeo</span> <span class='ocrx_word' id='word_1_344' title='bbox 2116 3962 2230 4023; x_wconf 91' lang='lat' dir='ltr'>Dei</span> <span class='ocrx_word' id='word_1_345' title='bbox 2263 3978 2320 4022; x_wconf 93' lang='lat' dir='ltr'>et</span> <span class='ocrx_word' id='word_1_346' title='bbox 2353 3962 2608 4023; x_wconf 89' lang='lat' dir='ltr'>Sanctae</span> <span class='ocrx_word' id='word_1_347' title='bbox 2642 3961 2817 4024; x_wconf 90' lang='lat' dir='ltr'>Sedis</span> <span class='ocrx_word' id='word_1_348' title='bbox 2850 3963 3119 4024; x_wconf 90' lang='lat' dir='ltr'>destruat</span> 
     </span>
     <span class='ocr_line' id='line_1_41' title="bbox 511 4068 3116 4152; baseline 0.001 -23"><span class='ocrx_word' id='word_1_349' title='bbox 511 4071 604 4150; x_wconf 76' lang='lat' dir='ltr'>vel</span> <span class='ocrx_word' id='word_1_350' title='bbox 648 4072 1012 4146; x_wconf 80' lang='lat' dir='ltr'>imminuat3</span> <span class='ocrx_word' id='word_1_351' title='bbox 1079 4071 1415 4151; x_wconf 89' lang='lat' dir='ltr'>itidemque</span> <span class='ocrx_word' id='word_1_352' title='bbox 1465 4069 1829 4152; x_wconf 88' lang='lat' dir='ltr'>profitemur</span> <span class='ocrx_word' id='word_1_353' title='bbox 1862 4071 1992 4131; x_wconf 91' lang='lat' dir='ltr'>Nos</span> <span class='ocrx_word' id='word_1_354' title='bbox 2040 4085 2281 4151; x_wconf 89' lang='lat' dir='ltr'>paratos</span> <span class='ocrx_word' id='word_1_355' title='bbox 2328 4069 2581 4150; x_wconf 89' lang='lat' dir='ltr'>quidem</span> <span class='ocrx_word' id='word_1_356' title='bbox 2616 4068 2859 4129; x_wconf 89' lang='lat' dir='ltr'>divinae</span> <span class='ocrx_word' id='word_1_357' title='bbox 2890 4070 3116 4148; x_wconf 85' lang='lat' dir='ltr'>gratiae</span> 
     </span>
     <span class='ocr_line' id='line_1_42' title="bbox 510 4176 3118 4261; baseline 0 -22"><span class='ocrx_word' id='word_1_358' title='bbox 510 4179 737 4240; x_wconf 83' lang='lat' dir='ltr'>auxilio</span> <span class='ocrx_word' id='word_1_359' title='bbox 787 4179 955 4261; x_wconf 89' lang='lat' dir='ltr'>gravi</span> <span class='ocrx_word' id='word_1_360' title='bbox 1002 4179 1225 4239; x_wconf 90' lang='lat' dir='ltr'>Nostra</span> <span class='ocrx_word' id='word_1_361' title='bbox 1275 4195 1484 4254; x_wconf 88' lang='lat' dir='ltr'>aetate,</span> <span class='ocrx_word' id='word_1_362' title='bbox 1530 4196 1731 4259; x_wconf 91' lang='lat' dir='ltr'>usque</span> <span class='ocrx_word' id='word_1_363' title='bbox 1776 4178 1853 4238; x_wconf 92' lang='lat' dir='ltr'>ad</span> <span class='ocrx_word' id='word_1_364' title='bbox 1902 4177 2095 4238; x_wconf 89' lang='lat' dir='ltr'>fecem</span> <span class='ocrx_word' id='word_1_365' title='bbox 2143 4197 2256 4257; x_wconf 89' lang='lat' dir='ltr'>pro</span> <span class='ocrx_word' id='word_1_366' title='bbox 2289 4176 2517 4239; x_wconf 89' lang='lat' dir='ltr'>Christi</span> <span class='ocrx_word' id='word_1_367' title='bbox 2553 4176 2819 4237; x_wconf 91' lang='lat' dir='ltr'>Ecclesia</span> <span class='ocrx_word' id='word_1_368' title='bbox 2866 4176 3118 4240; x_wconf 90' lang='lat' dir='ltr'>calicem</span> 
     </span>
     <span class='ocr_line' id='line_1_43' title="bbox 512 4283 3115 4366; baseline -0 -20"><span class='ocrx_word' id='word_1_369' title='bbox 512 4285 716 4347; x_wconf 91' lang='lat' dir='ltr'>bibere</span> <span class='ocrx_word' id='word_1_370' title='bbox 761 4306 951 4366; x_wconf 86' lang='lat' dir='ltr'>quem</span> <span class='ocrx_word' id='word_1_371' title='bbox 984 4285 1116 4366; x_wconf 91' lang='lat' dir='ltr'>Ipse</span> <span class='ocrx_word' id='word_1_372' title='bbox 1163 4285 1330 4366; x_wconf 92' lang='lat' dir='ltr'>prior</span> <span class='ocrx_word' id='word_1_373' title='bbox 1375 4286 1582 4345; x_wconf 88' lang='lat' dir='ltr'>bibere</span> <span class='ocrx_word' id='word_1_374' title='bbox 1630 4303 1741 4365; x_wconf 93' lang='lat' dir='ltr'>pro</span> <span class='ocrx_word' id='word_1_375' title='bbox 1775 4285 1994 4345; x_wconf 87' lang='lat' dir='ltr'>eadem</span> <span class='ocrx_word' id='word_1_376' title='bbox 2026 4283 2309 4365; x_wconf 84' lang='lat' dir='ltr'>dignatus</span> <span class='ocrx_word' id='word_1_377' title='bbox 2342 4298 2430 4344; x_wconf 91' lang='lat' dir='ltr'>est</span> <span class='ocrx_word' id='word_1_378' title='bbox 2463 4302 2791 4362; x_wconf 89' lang='lat' dir='ltr'>nunquam</span> <span class='ocrx_word' id='word_1_379' title='bbox 2824 4285 3115 4345; x_wconf 89' lang='lat' dir='ltr'>commis—</span> 
     </span>
     <span class='ocr_line' id='line_1_44' title="bbox 511 4389 3119 4474; baseline -0 -21"><span class='ocrx_word' id='word_1_380' title='bbox 511 4411 689 4454; x_wconf 91' lang='lat' dir='ltr'>suros</span> <span class='ocrx_word' id='word_1_381' title='bbox 723 4409 790 4453; x_wconf 91' lang='lat' dir='ltr'>ut</span> <span class='ocrx_word' id='word_1_382' title='bbox 822 4393 1051 4473; x_wconf 89' lang='lat' dir='ltr'>iniquis</span> <span class='ocrx_word' id='word_1_383' title='bbox 1083 4392 1603 4474; x_wconf 87' lang='lat' dir='ltr'>postulationibus</span> <span class='ocrx_word' id='word_1_384' title='bbox 1637 4411 1795 4471; x_wconf 87' lang='lat' dir='ltr'>quae</span> <span class='ocrx_word' id='word_1_385' title='bbox 1830 4391 2029 4452; x_wconf 93' lang='lat' dir='ltr'>Nobis</span> <span class='ocrx_word' id='word_1_386' title='bbox 2061 4390 2411 4452; x_wconf 87' lang='lat' dir='ltr'>offeruntur</span> <span class='ocrx_word' id='word_1_387' title='bbox 2448 4389 2891 4450; x_wconf 88' lang='lat' dir='ltr'>adhaereamus</span> <span class='ocrx_word' id='word_1_388' title='bbox 2936 4407 3119 4471; x_wconf 88' lang='lat' dir='ltr'>atque</span> 
     </span>
     <span class='ocr_line' id='line_1_45' title="bbox 511 4494 3120 4580; baseline -0.001 -20"><span class='ocrx_word' id='word_1_389' title='bbox 511 4500 1027 4562; x_wconf 69' lang='lat' dir='ltr'>obsecundemus</span> <span class='ocrx_word' id='word_1_390' title='bbox 1095 4501 1195 4562; x_wconf 92' lang='lat' dir='ltr'>Uti</span> <span class='ocrx_word' id='word_1_391' title='bbox 1236 4500 1401 4560; x_wconf 91' lang='lat' dir='ltr'>enim</span> <span class='ocrx_word' id='word_1_392' title='bbox 1436 4500 1864 4580; x_wconf 87' lang='lat' dir='ltr'>praedecessor</span> <span class='ocrx_word' id='word_1_393' title='bbox 1897 4500 2121 4560; x_wconf 90' lang='lat' dir='ltr'>Noster</span> <span class='ocrx_word' id='word_1_394' title='bbox 2154 4498 2297 4558; x_wconf 86' lang='lat' dir='ltr'>Pius</span> <span class='ocrx_word' id='word_1_395' title='bbox 2330 4495 2453 4557; x_wconf 90' lang='lat' dir='ltr'>Vll.</span> <span class='ocrx_word' id='word_1_396' title='bbox 2487 4494 2715 4573; x_wconf 89' lang='lat' dir='ltr'>ajebat:</span> <span class='ocrx_word' id='word_1_397' title='bbox 2777 4497 2936 4557; x_wconf 76' lang='lat' dir='ltr'>«vim</span> <span class='ocrx_word' id='word_1_398' title='bbox 2973 4498 3120 4558; x_wconf 87' lang='lat' dir='ltr'>huic</span> 
     </span>
     <span class='ocr_line' id='line_1_46' title="bbox 510 4603 3118 4689; baseline -0.001 -20"><span class='ocrx_word' id='word_1_399' title='bbox 510 4628 762 4672; x_wconf 89' lang='lat' dir='ltr'>summo</span> <span class='ocrx_word' id='word_1_400' title='bbox 795 4607 970 4670; x_wconf 89' lang='lat' dir='ltr'>Sedis</span> <span class='ocrx_word' id='word_1_401' title='bbox 1004 4608 1393 4689; x_wconf 82' lang='lat' dir='ltr'>Apostolicae</span> <span class='ocrx_word' id='word_1_402' title='bbox 1439 4606 1699 4688; x_wconf 88' lang='lat' dir='ltr'>imperio</span> <span class='ocrx_word' id='word_1_403' title='bbox 1748 4607 1982 4683; x_wconf 86' lang='lat' dir='ltr'>afferre,</span> <span class='ocrx_word' id='word_1_404' title='bbox 2030 4606 2436 4687; x_wconf 90' lang='lat' dir='ltr'>temporalem</span> <span class='ocrx_word' id='word_1_405' title='bbox 2468 4603 2658 4685; x_wconf 90' lang='lat' dir='ltr'>ipsius</span> <span class='ocrx_word' id='word_1_406' title='bbox 2692 4619 3050 4684; x_wconf 90' lang='lat' dir='ltr'>potestatem</span> <span class='ocrx_word' id='word_1_407' title='bbox 3086 4628 3118 4666; x_wconf 91' lang='lat' dir='ltr'>a</span> 
     </span>
     <span class='ocr_line' id='line_1_47' title="bbox 510 4710 3118 4797; baseline -0.002 -21"><span class='ocrx_word' id='word_1_408' title='bbox 510 4715 808 4797; x_wconf 89' lang='lat' dir='ltr'>spirituali</span> <span class='ocrx_word' id='word_1_409' title='bbox 841 4715 1197 4796; x_wconf 87' lang='lat' dir='ltr'>discerpere,</span> <span class='ocrx_word' id='word_1_410' title='bbox 1231 4714 1493 4776; x_wconf 85' lang='lat' dir='ltr'>Pastoris</span> <span class='ocrx_word' id='word_1_411' title='bbox 1525 4728 1584 4774; x_wconf 90' lang='lat' dir='ltr'>et</span> <span class='ocrx_word' id='word_1_412' title='bbox 1617 4714 1913 4794; x_wconf 85' lang='lat' dir='ltr'>Principis</span> <span class='ocrx_word' id='word_1_413' title='bbox 1945 4714 2158 4775; x_wconf 88' lang='lat' dir='ltr'>munia</span> <span class='ocrx_word' id='word_1_414' title='bbox 2181 4713 2526 4787; x_wconf 88' lang='lat' dir='ltr'>dissociare,</span> <span class='ocrx_word' id='word_1_415' title='bbox 2551 4710 2858 4787; x_wconf 89' lang='lat' dir='ltr'>divellere,</span> <span class='ocrx_word' id='word_1_416' title='bbox 2882 4712 3118 4773; x_wconf 85' lang='lat' dir='ltr'>exscin-</span> 
     </span>
     <span class='ocr_line' id='line_1_48' title="bbox 512 4817 3120 4903; baseline -0.002 -20"><span class='ocrx_word' id='word_1_417' title='bbox 512 4823 675 4901; x_wconf 91' lang='lat' dir='ltr'>dere,</span> <span class='ocrx_word' id='word_1_418' title='bbox 723 4822 877 4883; x_wconf 88' lang='lat' dir='ltr'>nihil</span> <span class='ocrx_word' id='word_1_419' title='bbox 921 4822 1086 4883; x_wconf 91' lang='lat' dir='ltr'>aliud</span> <span class='ocrx_word' id='word_1_420' title='bbox 1132 4837 1222 4884; x_wconf 90' lang='lat' dir='ltr'>est</span> <span class='ocrx_word' id='word_1_421' title='bbox 1267 4821 1381 4884; x_wconf 91' lang='lat' dir='ltr'>nisi</span> <span class='ocrx_word' id='word_1_422' title='bbox 1427 4841 1589 4903; x_wconf 89' lang='lat' dir='ltr'>opus</span> <span class='ocrx_word' id='word_1_423' title='bbox 1623 4822 1737 4882; x_wconf 89' lang='lat' dir='ltr'>Dei</span> <span class='ocrx_word' id='word_1_424' title='bbox 1785 4822 2184 4903; x_wconf 87' lang='lat' dir='ltr'>pessumdare</span> <span class='ocrx_word' id='word_1_425' title='bbox 2217 4839 2286 4881; x_wconf 91' lang='lat' dir='ltr'>ac</span> <span class='ocrx_word' id='word_1_426' title='bbox 2321 4820 2572 4900; x_wconf 90' lang='lat' dir='ltr'>perdere</span> <span class='ocrx_word' id='word_1_427' title='bbox 2607 4817 2781 4894; x_wconf 88' lang='lat' dir='ltr'>velle,</span> <span class='ocrx_word' id='word_1_428' title='bbox 2819 4818 2971 4878; x_wconf 89' lang='lat' dir='ltr'>nihil</span> <span class='ocrx_word' id='word_1_429' title='bbox 3006 4819 3120 4879; x_wconf 89' lang='lat' dir='ltr'>nisi</span> 
     </span>
     <span class='ocr_line' id='line_1_49' title="bbox 512 4926 3120 5011; baseline -0.002 -19"><span class='ocrx_word' id='word_1_430' title='bbox 512 4932 655 4992; x_wconf 92' lang='lat' dir='ltr'>dare</span> <span class='ocrx_word' id='word_1_431' title='bbox 700 4949 954 5011; x_wconf 88' lang='lat' dir='ltr'>operam</span> <span class='ocrx_word' id='word_1_432' title='bbox 1001 4946 1068 4991; x_wconf 91' lang='lat' dir='ltr'>ut</span> <span class='ocrx_word' id='word_1_433' title='bbox 1100 4929 1342 5008; x_wconf 86' lang='lat' dir='ltr'>Religio</span> <span class='ocrx_word' id='word_1_434' title='bbox 1392 4929 1732 4990; x_wconf 89' lang='lat' dir='ltr'>maximum</span> <span class='ocrx_word' id='word_1_435' title='bbox 1766 4928 2201 4990; x_wconf 88' lang='lat' dir='ltr'>detrimentum</span> <span class='ocrx_word' id='word_1_436' title='bbox 2235 4927 2448 5007; x_wconf 90' lang='lat' dir='ltr'>capiat,</span> <span class='ocrx_word' id='word_1_437' title='bbox 2482 4926 2635 4988; x_wconf 89' lang='lat' dir='ltr'>nihil</span> <span class='ocrx_word' id='word_1_438' title='bbox 2669 4926 2782 4987; x_wconf 92' lang='lat' dir='ltr'>nisi</span> <span class='ocrx_word' id='word_1_439' title='bbox 2817 4945 2953 4986; x_wconf 89' lang='lat' dir='ltr'>eam</span> <span class='ocrx_word' id='word_1_440' title='bbox 2987 4927 3120 4987; x_wconf 85' lang='lat' dir='ltr'>effi-</span> 
     </span>
    </p>
   </div>
  </div>
 </body>
</html>
