3684 5416
381 1679 431 1710 to

380 2183 425 2228 ¹5

372 2720 430 2752 20

371 3432 423 3475 25

369 4588 421 4633 35

1486 371 1753 427 Pontifex
1792 390 2086 428 romanus.
3001 394 3106 448 409

1393 655 1473 714 Β)
1519 651 1757 706 Electio
1794 653 2150 724 Pontifici-5¹
2165 663 2200 714 ).

698 810 741 862 Z
762 812 798 862 ὃ
816 826 851 879 p
873 807 1004 878 fel,
1044 812 1151 864 Die
1189 811 1559 881 Papstwalzlae’n
1602 814 1718 864 und
1752 814 1841 865 die
1879 816 1984 866 mit
2018 814 2180 867 [lmen
2221 818 2294 866 im
2337 816 2592 870 11.'1'chsten
2621 819 3109 888 Zusammenhang

483 890 773 944 stehenden
834 891 1205 946 Ceremonien.
1269 891 1587 963 Gottingen
1650 893 1796 963 1871.
1873 894 1920 948 L
1936 912 1971 949 o
1988 913 2015 948 r
2033 912 2064 950 e
2081 912 2119 948 n
2135 913 2192 960 z,
2245 897 2558 966 I’apstwahl
2607 901 2724 951 und
2758 901 3094 954 Km‘sertum.

486 969 676 1025 Berlin
710 970 863 1043 1874.
913 971 958 1025 B
979 988 1009 1026 e
1028 989 1053 1026 r
1070 971 1271 1027 thele
1290 984 1342 1040 t,
1378 975 1455 1026 La
1482 975 1712 1044 elefionc
1736 976 1827 1027 del
1853 975 2022 1046 Papa.
2061 975 2245 1030 Roma
2281 976 2428 1049 1891.
2482 978 2527 1031 L
2546 995 2582 1032 u
2600 995 2628 1032 c
2647 977 2663 1032 i
2681 997 2717 1034 u
2733 996 2759 1033 5
2801 980 2846 1033 L
2864 996 2894 1034 e
2913 997 2941 1034 c
2959 992 2980 1034 t
2998 998 3034 1035 o
3054 999 3096 1044 r,

483 1051 554 1102 La·
606 1052 890 1119 Conclave,
940 1070 1003 1104 sa
1056 1054 1453 1121 organisation,
1518 1071 1583 1106 sa
1633 1055 1943 1122 legislation
1998 1058 2255 1108 ancienne
2306 1062 2361 1108 et
2411 1059 2677 1112 moderne.
2743 1059 2900 1114 Paris
2950 1060 3096 1133 1894.

483 1132 502 1185 1
525 1131 560 1185 d
577 1147 608 1185 e
625 1149 684 1185 m
701 1171 714 1194 ,
751 1134 1052 1186 L’ele‘ction
1090 1135 1303 1202 papale.
1345 1132 1501 1187 Paris
1547 1131 1697 1204 1896.
1772 1133 1819 1187 C
1839 1150 1870 1188 e
1888 1151 1919 1188 c
1937 1151 1967 1188 c
1984 1152 2015 1188 a
2032 1153 2110 1190 ro
2131 1135 2232 1204 ni,
2281 1137 2332 1190 Il
2369 1139 2644 1191 Com-lave.
2686 1138 2904 1195 Torino
2954 1158 3100 1212 1900.

484 1212 537 1265 H
553 1210 569 1265 i
586 1227 623 1265 n
639 1229 666 1265 s
684 1228 713 1265 c
732 1211 768 1265 h
784 1211 801 1266 i
819 1229 854 1265 u
871 1229 897 1266 5
916 1251 931 1276 ,
969 1213 1378 1267 Kirchenreckt.
1419 1213 1494 1282 ἓξ
1535 1213 1762 1285 26—30.
1826 1213 1868 1268 F
1884 1212 1991 1268 rie
2009 1215 2046 1268 d
2063 1215 2098 1268 b
2117 1232 2147 1269 e
2165 1234 2193 1270 r
2209 1233 2246 1286 g
2262 1256 2278 1284 ,
2315 1217 2612 1272 Lehrbuclz.
2653 1219 2688 1287 g
2726 1237 2811 1290 59.
2876 1219 2915 1275 S
2934 1237 2964 1274 c
2982 1220 3018 1274 h
3037 1238 3094 1275 e·

486 1310 513 1345 r
530 1309 559 1346 e
576 1310 603 1345 r
619 1333 632 1354 ,
671 1293 1078 1347 Kirchenrecht.
1108 1293 1143 1361 ξ
1172 1311 1218 1348 2.
1262 1293 1300 1348 S
1318 1297 1351 1347 {i
1369 1309 1406 1362 g
1424 1310 1480 1346 m
1498 1299 1534 1347 n
1550 1291 1602 1347 ll
1618 1310 1648 1347 e
1667 1310 1709 1362 r,
1743 1293 2039 1348 Lelerbuclt.
2068 1296 2103 1364 ξ
2129 1295 2214 1350 86.
2255 1295 2295 1352 S
2316 1309 2386 1350 tu
2408 1309 2429 1352 t
2444 1315 2493 1367 z,
2520 1299 2923 1354 Kirchcnreclzt.
2953 1303 2988 1368 ξ
3016 1300 3102 1356 68.

1270 1511 1397 1565 182.
1450 1511 1918 1568 SYMMACHUS
1956 1512 2317 1582 (ivs—514).

917 1651 1262 1723 Epistola
1303 1656 1341 1708 1.
1381 1670 1509 1708 seu
1551 1654 1945 1709 decretum
1983 1656 2365 1727 synodole
2404 1662 2483 1724 (3.
2519 1661 2670 1730 496).

698 1778 725 1807 ⁶
765 1776 1016 1845 Thiel,
1069 1781 1233 1849 Epist.
1277 1796 1412 1833 rom.
1454 1780 1798 1850 Pontificum.
1849 1797 1903 1850 p.
1945 1781 2066 1849 646.
2145 1781 2246 1836 He
2266 1780 2412 1836 fele
2431 1822 2443 1845 ‚
2498 1784 3103 1854 Conciliengesclu'cltte.

484 1859 655 1913 Tom.
699 1857 760 1912 11.
814 1877 869 1930 p.
909 1861 1031 1931 627.
1095 1860 1148 1913 H
1166 1858 1291 1914 old
1309 1877 1340 1914 e
1358 1878 1415 1928 r,
1468 1863 1573 1913 Die·
1609 1863 1972 1930 Designation
2012 1863 2107 1915 des
2144 1862 2516 1932 Nacquolgers
2553 1866 2729 1920 durch
2768 1869 2871 1919 den
2914 1869 3101 1937 Papst.

484 1938 760 2009 Freiburg
798 1939 830 1995 i.
859 1940 912 1993 d.
940 1939 999 1998 S.
1037 1939 1187 2012 1893.
1252 1939 1543 2006 Perier,
1593 1943 2026 1996 L't'ntert·ent1'011
2066 1944 2140 1995 du
2179 1943 2326 2013 [ἀρε
2376 1945 2519 1997 dans
2555 1946 2610 1996 la
2649 1947 2996 2015 dest'gnation
3037 1951 3105 2002 de

484 2039 579 2074 son
618 2037 945 2074 successeur.
988 2019 1145 2074 Paris
1194 2038 1343 2090 ¹902·

697 2171 747 2211 c.
783 2171 858 2230 4:
908 2150 973 2211 Si
1021 2151 1194 2230 quod
1240 2150 1412 2229 absit,
1461 2150 1750 2212 transitus
1800 2171 1989 2234 papae
2036 2152 2395 2234 inopinatus
2443 2156 2729 2232 evenerit,
2779 2170 2845 2217 ut
2894 2158 2969 2218 de
3003 2158 3098 2218 sui

484 2259 778 2320 electione
811 2258 1197 2334 successoris,
1229 2274 1299 2319 ut
1329 2278 1514 2340 supra
1550 2259 1793 2340 placuit,
1844 2278 1973 2320 non
2007 2259 2197 2340 possit
2231 2277 2370 2323 ante
2406 2261 2752 2338 decernere,
2789 2262 3100 2344 siquidem

486 2366 549 2427 in
581 2385 781 2426 unum
826 2365 1017 2427 totius
1067 2365 1449 2426 inclinaverit
1482 2365 1866 2428 ecclesiastici
1902 2366 2139 2427 ordinis
2171 2367 2409 2446 electio,
2444 2384 2834 2429 consecretur
2867 2370 3098 2430 electus

483 2473 827 2554 episcopus.
894 2472 956 2534 Si
990 2488 1217 2549 autem,
1250 2487 1317 2533 ut
1350 2472 1479 2533 fieri
1514 2473 1688 2551 solet,
1722 2473 1921 2534 studia
1956 2474 2269 2554 coeperint
2300 2494 2435 2536 esse
2469 2475 2706 2538 diversa
2740 2495 2983 2555 eorum,
3019 2478 3095 2538 de

483 2579 710 2660 quibus
747 2594 1053 2641 certamen
1091 2579 1418 2656 emerserit,
1464 2580 1664 2641 vincat
1708 2581 2008 2642 sententia
2057 2580 2490 2664 plurimorum,
2525 2581 2611 2642 sic
2643 2597 2871 2660 tamen,
2906 2599 2971 2643 ut
3004 2605 3101 2645 sa-

481 2687 752 2749 cerdotio
800 2703 1013 2765 careat,
1060 2686 1170 2768 qui
1204 2702 1417 2768 captus
1449 2687 1882 2770 promissione,
1918 2707 2048 2750 non
2081 2703 2246 2750 recto
2279 2688 2512 2752 iudicio
2546 2690 2623 2752 de
2656 2690 2954 2752 electione
2987 2690 3093 2751 de-

482 2794 749 2856 creverit.
781 2826 867 2837 —
901 2792 1194 2876 Synodus
1227 2794 1408 2856 dixit:
1461 2797 1690 2857 Placet!
1744 2795 1978 2857 dictum
2013 2811 2100 2857 est
2133 2797 2353 2859 decies,

1383 3020 1510 3076 188.
1566 3021 1802 3077 LIBER
1839 3022 2204 3078 mumius,

693 3173 722 3202 ‘
771 3175 931 3227 Liber
967 3176 1204 3226 diurnus
1242 3174 1570 3243 Pontlficum
1612 3176 2007 3229 Romanorum.
2049 3176 2136 3230 ed.
2176 3175 2452 3231 Sickel.
2507 3176 2894 3231 Vindobonae
2943 3174 3090 3248 1897.

480 3272 534 3326 p.
575 3273 642 3326 59
668 3271 786 3326 seq.
840 3253 1280 3317 Hinschiu3‚
1323 3256 1730 3309 Kirchenrecht.
1771 3257 1946 3310 Tom.
1986 3256 2024 3309 1.
2066 3273 2118 3326 p.
2161 3275 2264 3312 220
2303 3274 2423 3328 seq.

1165 3403 1240 3465 C.
1282 3404 1470 3465 LVII.
1521 3404 1622 3464 De
1652 3405 2042 3465 ordinatione
2059 3407 2406 3485 pontificis,

694 3546 965 3607 Psallunt
996 3548 1346 3607 secundum
1378 3548 1918 3609 consuetudinem.
1952 3548 2228 3629 procedit
2246 3549 2475 3609 electus
2507 3548 2583 3608 de
2605 3547 2926 3608 secretario
2953 3566 3094 3609 cum

479 3652 822 3713 cerostatim
870 3668 1106 3734 septem
1158 3669 1215 3714 et
1250 3655 1415 3715 venit
1446 3655 1523 3715 ad
1568 3654 2024 3717 confessionem
2071 3671 2128 3715 et
2161 3670 2300 3736 post
2331 3655 2549 3715 letania
2582 3657 2860 3717 ascendit
2892 3657 2967 3717 ad
3001 3676 3084 3717 se-

478 3760 642 3838 dem,
682 3760 867 3821 simul
901 3762 1173 3844 episcopi
1206 3779 1265 3823 et
1296 3762 1629 3844 presbiteri.
1665 3780 1813 3824 tunc
1846 3763 2175 3844 episcopus
2207 3762 2581 3824 Albanensis
2612 3763 2711 3825 dat
2748 3765 3094 3825 orationem

479 3866 762 3947 primam,
796 3866 1021 3928 deinde
1056 3868 1386 3949 episcopus
1419 3866 1777 3930 portuensis
1810 3869 1913 3930 dat
1945 3868 2310 3930 orationem.
2347 3869 2742 3950 postmodum
2776 3870 3099 3930 adducun-

479 3988 576 4033 tur
622 3974 936 4053 evangelia
983 3990 1041 4035 et
1086 3975 1445 4056 aperiuntur
1489 3992 1548 4037 et
1596 3991 1884 4036 tenentur
1929 3995 2115 4057 super
2161 3977 2360 4057 capud
2409 3976 2581 4037 electi
2631 3996 2663 4035 a
2716 3975 3100 4037 diaconibus.

476 4094 623 4141 tunc
656 4082 988 4164 episcopus
1020 4082 1301 4144 Ostensis
1335 4100 1651 4144 consecrat
1682 4103 1829 4145 eum
1865 4082 2239 4164 pontificem.
2303 4098 2443 4164 post
2477 4084 2596 4145 hoc
2629 4083 3100 4144 archidiaconus

478 4187 633 4248 mitti
681 4188 734 4248 ei
782 4188 1054 4270 pallium.
1118 4189 1341 4251 deinde
1375 4191 1646 4251 ascendit
1692 4191 1766 4250 ad
1814 4190 2025 4251 sedem
2072 4205 2130 4250 et
2177 4190 2281 4250 dat
2327 4209 2541 4271 pacem
2575 4189 2870 4251 omnibus
2903 4209 3099 4250 sacer-

477 4294 728 4356 dotibus
760 4311 820 4356 et
851 4295 1026 4357 dicit:
1068 4297 1287 4377 gloria
1319 4299 1382 4357 in
1418 4298 1674 4359 excelsis
1706 4299 1831 4358 deo.
1908 4295 1966 4376 [l.
2002 4317 2051 4357 c.
2089 4316 2221 4377 pag.
2256 4296 2562 4376 46—47.]

950 4438 1025 4500 C.
1059 4439 1104 4500 L
1123 4440 1281 4501 VIII.
1331 4442 1406 4501 de
1438 4441 1787 4501 electionem
1810 4440 2135 4521 pontificis
2167 4440 2252 4499 acl
2265 4442 2635 4522 principem.

697 4565 862 4626 Cum
915 4583 1045 4626 non
1093 4564 1223 4626 5100
1258 4565 1465 4627 divine
1504 4566 1958 4627 misericordiae
1991 4582 2146 4627 nutu
2180 4565 2257 4626 sit
2289 4566 2366 4627 ita
2401 4583 2539 4648 post
2572 4582 2835 4627 mortem
2869 4565 3098 4626 summi

481 4670 788 4750 pontificis
820 4671 883 4731 in
919 4672 1102 4733 unius
1136 4673 1435 4734 electione
1483 4674 1772 4734 omnium
1811 4691 1953 4735 vota
1988 4692 2351 4735 concurrere
2385 4688 2442 4733 et
2475 4672 2803 4733 convenire
2839 4689 3102 4731 consen-

479 4794 604 4855 5115,
640 4793 706 4838 ut
740 4777 950 4839 nullus
985 4780 1232 4859 penitus
1266 4779 1642 4840 inveniretur
1673 4781 1783 4859 qui
1819 4780 2050 4841 discors
2074 4780 2263 4861 possit
2285 4780 2556 4855 existere,
2579 4777 2993 4840 necessarium
3014 4794 3103 4837 est

707 4959 750 5019 ¹)
791 4953 1074 5009 Conferre
1103 4955 1276 5010 etiam
1304 4972 1356 5008 n.
1396 4972 1485 5025 45.
1527 4972 1576 5007 a.
