3684 5416
526 1574 575 1606 to

527 2109 574 2153 ι5

520 2646 576 2678 20

520 3180 574 3224 ³5

521 3712 578 3756 30

620 390 726 460 652
1497 393 1745 448 Ordines
1784 407 1839 448 et
1879 395 2379 463 congregationes.

622 589 683 633 et
728 574 993 635 aliorum
1040 595 1465 639 successorum
1516 594 1872 639 nostrorum
1908 580 2339 640 Romanorum
2372 580 2750 643 Pontificum
2782 581 3027 642 servitio
3061 581 3239 642 dedi—

625 697 859 755 carunt,
913 697 971 742 et
1006 682 1126 743 iam
1161 686 1634 766 quampluribus
1668 688 1842 748 annis
1875 686 2258 748 laudabiliter
2290 689 2355 749 in
2390 689 2569 749 vinea
2603 688 2857 750 Domini
2891 710 2955 750 se
2987 708 3240 750 exercu-

632 803 831 863 erunt,
864 791 1122 850 verbum
1157 791 1289 869 Dei,
1344 793 1586 872 praevia
1633 792 1961 855 sufficienti
1994 795 2255 873 licentia,
2289 795 2533 877 publice
2569 797 3001 876 praedicandO,
3035 795 3245 857 fideles

630 896 913 976 privatim
961 897 1037 957 ad
1086 899 1242 958 bene
1295 901 1593 979 beateque
1644 900 1981 963 vivendum
2028 903 2385 981 exortandO,
2435 918 2495 964 et
2539 903 2614 964 ad
2649 903 2778 985 pias
2814 904 3240 965 meditationes

627 1002 971 1081 excitando,
1022 1004 1428 1085 hospitalibus
1475 1004 1886 1083 inserviendO,
1937 1028 2164 1089 pueros
2214 1026 2271 1069 et
2304 1028 2600 1091 personas
2633 1011 2817 1071 rudes
2852 1030 2939 1087 ea,
2972 1030 3128 1090 quae
3162 1011 3240 1070 ad

627 1110 1017 1172 christianam
1071 1112 1342 1173 hominis
1398 1113 1844 1175 institutionem
1893 1132 2040 1177 sunt
2090 1117 2450 1188 necessaria,
2511 1118 2819 1196 docend0,
2872 1134 2931 1179 et
2981 1119 3236 1179 demum

622 1217 838 1278 omnia
886 1218 1145 1279 caritatis
1196 1218 1395 1279 officia
1431 1238 1489 1280 et
1522 1240 1680 1300 quae
1714 1223 1787 1282 ad
1821 1223 2168 1284 animarum
2202 1224 2692 1286 consolationem
2729 1224 2975 1299 faciunt,
3007 1225 3240 1304 ubique

624 1341 950 1404 terrarum,
986 1328 1088 1388 ubi
1125 1328 1489 1407 peregrinati
1525 1344 1690 1404 sunt,
1725 1331 1919 1391 multa
1954 1350 2097 1393 cum
2132 1331 2314 1393 laude
2349 1334 2662 1393 obeund0.

844 1443 871 1503 S
911 1454 966 1494 2.
1019 1435 1310 1514 Cumque
1363 1437 1438 1495 ad
1488 1437 1646 1496 hanc
1692 1436 1921 1499 almam
1955 1439 2188 1501 Urbem
2237 1459 2300 1498 se
2349 1441 2741 1516 contulerint,
2785 1457 2842 1501 et
2884 1440 2948 1501 in
2982 1441 3243 1501 caritatis

629 1542 878 1603 vinculo
927 1543 1333 1623 persistentes,
1383 1544 1459 1604 ad
1508 1544 1952 1624 perficiendam
1984 1562 2044 1607 et
2077 1548 2562 1608 conservandam
2596 1567 2815 1609 eorum
2851 1548 3148 1609 societatis
3182 1549 3250 1608 in

636 1648 887 1710 Christo
936 1648 1255 1725 unionem,
1300 1651 1637 1730 quamdam
1672 1653 1919 1713 vivendi
1952 1653 2303 1725 formulam,
2337 1653 2499 1714 iuxta
2534 1675 2622 1733 ea,
2655 1675 2815 1735 quae
2848 1655 2925 1715 ad
2960 1655 3246 1736 proposi-

634 1770 764 1814 tum
815 1754 926 1814 sibi
976 1754 1163 1815 finem
1212 1757 1558 1817 conducere
1594 1777 1708 1819 usu
1747 1759 2110 1833 didicerunt,
2143 1759 2510 1838 evangelicis
2544 1761 2815 1821 consiliis
2848 1779 2904 1823 et
2937 1763 3252 1823 canonicis

629 1877 872 1941 patrum
904 1861 1324 1924 sanctionibus
1356 1865 1766 1939 conformem,
1799 1864 2120 1941 ediderint,
2157 1865 2385 1926 factum
2417 1880 2506 1926 est
2540 1885 2605 1926 ut
2624 1866 2904 1947 ipsorum
2924 1868 3246 1929 sociorum

631 1969 783 2029 vitae
836 1969 1207 2046 institutum,
1260 1974 1373 2031 sub
1426 1971 1583 2032 dicta
1635 1971 1900 2033 formula
1952 1974 2500 2053 comprehensum,
2551 1994 2683 2034 non
2732 1974 2939 2037 solum
2972 1998 3005 2037 a
3037 1976 3249 2036 multis

632 2076 840 2157 probis
875 2076 1017 2137 viris
1050 2093 1108 2138 et
1142 2078 1346 2138 Deum
1380 2077 1719 2140 zelantibus
1753 2081 2056 2159 laudetur,
2078 2100 2292 2141 verum
2327 2081 2509 2141 etiam
2542 2102 2576 2140 a
2609 2081 2987 2161 quibusdam
3021 2083 3096 2142 ita
3131 2103 3244 2164 ap-

632 2187 944 2265 probetur,
978 2202 1043 2246 ut
1075 2185 1227 2246 illud
1262 2186 1442 2246 etiam
1476 2187 1649 2267 sequi
1684 2187 1889 2248 velint.

845 2300 873 2360 s
916 2312 969 2371 3.
1006 2292 1334 2353 Formulae
1368 2309 1574 2355 autem
1613 2294 1952 2375 praedictae
1988 2311 2166 2355 tenor
2199 2295 2480 2376 sequitur
2512 2311 2570 2357 et
2601 2311 2691 2355 est
2724 2296 2888 2356 talis:

847 2408 875 2468 s
908 2419 967 2478 4.
1001 2399 1404 2481 Quicumque
1438 2401 1501 2462 in
1535 2401 1833 2463 Societate
1868 2418 2097 2479 nostra,
2131 2421 2319 2483 quam
2354 2403 2487 2464 Iesu
2524 2403 2781 2463 nomine
2816 2402 3093 2482 insigniri
3125 2421 3238 2462 cu-

634 2507 857 2586 pimuS,
890 2509 1019 2568 vult
1051 2511 1165 2568 sub
1199 2508 1395 2569 crucis
1430 2508 1651 2570 vexillo
1688 2510 1823 2570 Deo
1859 2509 2135 2586 militare,
2187 2526 2245 2569 et
2276 2509 2391 2570 soli
2424 2508 2701 2570 Domino
2735 2526 2918 2589 atque
2956 2509 3250 2570 Romano

633 2613 934 2691 Pontifici,
989 2614 1119 2676 eius
1172 2616 1235 2675 in
1287 2616 1459 2676 terris
1512 2615 1753 2694 vicario,
1804 2616 2046 2693 servire,
2101 2633 2241 2698 post
2285 2618 2563 2678 solemne
2597 2632 2927 2699 perpetuae
2961 2616 3251 2677 castitatis

629 2739 867 2798 votum,
906 2738 1211 2803 proponat
1246 2723 1358 2785 sibi
1395 2724 1457 2784 in
1491 2724 1703 2784 animo
1735 2744 1798 2785 se
1833 2740 2067 2805 partem
2103 2745 2232 2786 esse
2267 2725 2583 2786 Societatis
2615 2725 2690 2785 ad
2716 2727 2834 2786 hoc
2854 2723 3251 2807 potissimum

629 2828 938 2890 institutae
974 2847 1038 2889 ut
1070 2830 1144 2889 ad
1180 2829 1525 2910 profectum
1562 2830 1913 2891 animarum
1946 2831 2010 2891 in
2044 2831 2161 2891 vita
2194 2847 2250 2892 et
2282 2830 2558 2891 doctrina
2593 2830 2939 2908 christiana,
2990 2832 3064 2892 ad
3101 2828 3248 2890 fidei

632 2937 1142 3016 propagationem
1189 2956 1296 3016 per
1345 2937 1620 3016 publicas
1654 2938 2133 3020 praedicationes
2170 2953 2229 2998 et
2260 2937 2427 2997 verbi
2463 2937 2577 2997 Dei
2610 2936 3037 3013 ministerium,
3072 2936 3250 3017 spiri-

632 3044 816 3104 tualia
852 3044 1131 3104 exercitia
1164 3059 1221 3104 et
1255 3044 1510 3105 caritatis
1544 3066 1750 3127 opera,
1783 3062 1841 3107 et
1874 3045 2242 3107 nominatim
2278 3064 2384 3126 per
2418 3064 2757 3125 puerorum
2791 3065 2860 3105 ac
2894 3045 3142 3105 rudium
3177 3045 3250 3104 in

632 3151 1082 3211 christianismo
1130 3150 1599 3228 institutionem,
1648 3173 1716 3214 ac
1763 3152 2254 3214 christifidelium
2301 3154 2364 3214 in
2397 3151 2889 3213 confessionibus
2923 3152 3252 3213 audiendis

632 3257 1009 3339 spiritualem
1072 3257 1576 3333 consolationem,
1640 3262 1964 3341 praecipue
2016 3260 2323 3334 intendat;
2406 3275 2699 3339 curetque
2755 3259 2959 3340 primo
3015 3260 3244 3336 Deum,

633 3367 857 3427 deinde
907 3366 1094 3425 huius
1128 3363 1223 3425 sui
1257 3364 1514 3427 instituti
1551 3366 1871 3445 rationem,
1907 3387 2067 3448 quae
2102 3366 2195 3426 via
2230 3367 2536 3445 quaedam
2569 3381 2657 3426 est
2688 3366 2763 3427 ad
2788 3365 2987 3443 Illum,
3005 3385 3255 3446 semper

632 3492 768 3536 ante
817 3476 1035 3536 oculos
1086 3477 1329 3551 habere,
1378 3491 1436 3535 et
1483 3473 1669 3536 finem
1708 3475 1877 3535 hunc
1910 3475 2021 3535 sibi
2058 3495 2089 3534 a
2128 3476 2260 3535 Deo
2296 3474 2686 3555 propositum
2719 3474 2859 3534 totis
2893 3475 3120 3536 viribus
3154 3496 3252 3536 as-

632 3583 825 3662 sequi.
893 3583 1343 3662 Unusquisque
1390 3598 1615 3658 tamen,
1662 3582 2011 3642 secundum
2058 3580 2315 3662 gratiam
2367 3580 2480 3641 sibi
2514 3602 2547 3641 a
2582 3580 2807 3660 Spiritu
2844 3581 3066 3643 Sancto
3099 3583 3252 3643 sub-

633 3688 1038 3749 ministratam
1074 3704 1131 3748 et
1164 3688 1500 3748 vocationis
1534 3708 1677 3748 suae
1712 3688 2037 3769 proprium
2069 3689 2353 3766 gradum,
2387 3707 2464 3748 ne
2497 3687 2637 3768 quis
2671 3686 2822 3748 forte
2855 3687 2988 3749 zelo
3025 3702 3249 3764 utatur,

633 3796 738 3856 sed
773 3815 899 3856 non
954 3795 1299 3856 secundum
1346 3796 1692 3872 scientiam;
1744 3797 1921 3857 cuius
1968 3797 2201 3878 proprii
2250 3797 2553 3877 cuiusque
2601 3795 2827 3874 gradus
2860 3793 3161 3855 iudicium
3192 3811 3253 3856 et

633 3902 989 3963 officiorum
1038 3901 1319 3963 discretio
1368 3923 1436 3963 ac
1484 3903 1832 3964 distributio
1882 3919 2005 3965 tota
2055 3903 2128 3963 sit
2178 3903 2235 3963 in
2271 3923 2461 3964 manu
2497 3904 2822 3986 praepositi
2857 3922 2967 3964 seu
3004 3902 3253 3984 praelati

632 4028 739 4090 per
761 4028 876 4069 nos
898 4008 1182 4087 eligendi,
1219 4024 1286 4069 ut
1320 4025 1638 4089 congruus
1672 4011 1827 4070 ordo
1862 4024 2156 4086 servetur,
2193 4010 2254 4069 in
2287 4011 2461 4071 omni
2497 4013 2653 4071 bene
2675 4010 2943 4071 instituta
2965 4029 3253 4071 commu-

634 4114 815 4176 nitate
851 4115 1243 4176 necessarius.

848 4232 876 4291 S
919 4242 969 4302 5.
1019 4222 1146 4298 Qui
1194 4222 1447 4302 quidem
1498 4223 1898 4303 praeposituS,
1946 4224 2020 4284 de
2053 4218 2331 4302 {consilio
2364 4224 2825 4303 consociorum,
2860 4223 3251 4298 constitutio-

636 4349 767 4407 nes,
817 4329 891 4388 ad
941 4330 1438 4389 consecutionem
1478 4329 1664 4389 huius
1702 4328 2001 4410 propositi
2038 4330 2217 4390 nobis
2251 4328 2390 4390 finis
2423 4330 2861 4408 conducenteS,
2894 4331 2956 4391 in
2991 4329 3252 4392 consilio

635 4434 943 4495 condendi
991 4434 1409 4495 auctoritatem
1460 4436 1694 4512 habeat,
1742 4434 1957 4496 maiori
1991 4436 2429 4515 suffragiorum
2464 4452 2632 4517 parte
2665 4456 2912 4517 semper
2944 4437 3252 4498 statuendi

636 4544 732 4604 ius
766 4543 1047 4604 habente.
1112 4541 1465 4603 Consilium
1498 4562 1644 4603 vero
1680 4542 2052 4624 intelligatur
2085 4563 2234 4622 esse,
2268 4543 2330 4604 in
2366 4546 2550 4606 rebus
2582 4544 2838 4624 quidem
2869 4542 3253 4624 gravioribus

636 4669 705 4710 ac
738 4649 1065 4731 perpetuis,
1101 4648 1298 4709 maior
1329 4669 1467 4731 pars
1500 4651 1688 4711 totius
1722 4650 2053 4724 SocietatiS,
2088 4670 2249 4731 quae
2283 4672 2315 4712 a
2350 4652 2699 4732 praeposito
2736 4651 3067 4711 commode
3100 4668 3248 4710 con-

634 4758 833 4817 vocari
869 4757 1121 4837 poterit;
1175 4755 1238 4816 in
1271 4757 1604 4818 levioribus
1636 4774 1844 4818 autem
1878 4773 1936 4818 et
1968 4758 2397 4839 temporaneis,
2431 4776 2652 4819 omnes
2673 4758 2774 4832 illi,
2797 4777 2958 4838 quos
2991 4758 3053 4818 in
3087 4758 3249 4834 loc0,

637 4863 741 4924 ubi
791 4863 1173 4944 praepositus
1204 4881 1431 4925 »noster
1465 4863 1766 4940 residebit,
1798 4879 2145 4945 praesentes
2178 4884 2308 4924 esse
2342 4864 2688 4943 contigerit:
2760 4864 3013 4926 iubendi
3046 4877 3250 4924 autem

639 4972 752 5044 ius,
789 4987 990 5030 totum
1025 4991 1215 5051 penes
1249 4971 1665 5051 praepositum
1702 4970 1826 5030 erit.
