3684 5416
362 1574 418 1608 ¹0

359 2108 414 2153 τε

356 3190 414 3234 ²5

355 4257 416 4305 35

350 4795 417 4837 40

1118 411 1385 470 Potestas
1424 415 1800 472 ecclesiastica
1841 430 1899 471 et
1937 413 2239 488 imperium
2280 416 2456 471 civile.
2989 433 3092 489 ¹39

697 596 797 656 60.
844 595 1291 678 Episcopis.
1358 601 1527 663 Haec
1572 601 1761 677 enim,
1807 600 2200 679 dilectissimi,
2245 601 2347 683 pio
2392 601 2600 662 studio
2647 615 2706 662 et
2738 620 2963 682 magna
2995 600 3085 661 di-

477 699 757 762 lectionis
786 702 1127 767 intentione
1159 722 1420 768 vestram
1455 706 1946 769 unianimitatem
1975 727 2335 769 ammonere
2368 707 2740 785 studuimus,
2776 726 2934 788 quae
2954 727 3085 768 ma-

476 806 571 887 gis
618 810 955 871 necessaria
1001 811 1386 889 videbantur,
1437 829 1503 875 ut
1546 830 1901 876 sanctorum
1939 832 2182 896 patrum
2212 815 2525 875 canonicis
2556 814 2841 876 institutis
2874 814 3088 875 inhae-

477 931 680 977 rentes
709 918 980 998 praemia
1010 937 1155 980 cum
1190 920 1306 981 illis
1336 936 1616 982 aeternae
1649 921 1945 983 felicitatis
1964 921 2237 1001 accipere
2257 921 2636 982 mereamini.
2668 921 2793 982 Scit
2814 940 3087 1000 namque

478 1022 807 1103 prudentia
837 1040 1053 1103 vestra,
1087 1045 1275 1106 quam
1309 1027 1557 1090 terribili
1589 1028 1994 1090 anathematis
2027 1046 2282 1089 censura
2314 1027 2618 1090 feriuntur
2638 1028 2746 1109 qui
2769 1047 3086 1110 praesum-

475 1129 675 1209 ptiose
708 1147 918 1192 contra
949 1147 1169 1195 statuta
1203 1134 1642 1196 universalium
1674 1135 2084 1197 conciliorum
2115 1134 2321 1197 venire
2352 1134 2639 1197 audeant.
2689 1135 3087 1217 Quapropter

475 1252 534 1296 et
582 1256 708 1312 vos,
737 1236 1091 1318 diligentius
1135 1260 1596 1320 ammonemuS,
1643 1258 1711 1303 ut
1742 1243 1918 1304 omni
1952 1242 2295 1304 intentione
2329 1241 2483 1303 illud
2516 1241 2808 1303 horribile
2842 1260 3083 1304 execra-

474 1343 667 1406 tionis
697 1344 994 1407 iudicium
1027 1347 1204 1409 vobis
1234 1367 1446 1412 cavere
1466 1350 1779 1428 studeatis,
1800 1350 1910 1411 sed
1929 1349 2126 1430 magis
2140 1350 2446 1411 ‘canonica
2468 1349 2737 1412 instituta
2757 1364 3085 1430 sequentes

476 1466 535 1512 et
586 1450 838 1532 pacifica
890 1453 1118 1515 unitate
1169 1456 1431 1518 nitentes
1479 1456 1558 1518 ad
1602 1472 1847 1517 aeterna
1896 1456 2061 1537 pacis
2104 1456 2331 1537 gaudia
2378 1457 2695 1537 pervenire
2728 1453 3085 1535 dignemini.

475 1557 635 1619 Sunt
680 1578 937 1639 quoque
982 1561 1186 1641 aliqua
1233 1562 1494 1644 capitula
1540 1583 1698 1644 quae
1744 1563 1922 1625 nobis
1969 1563 2136 1625 utilia
2185 1564 2331 1626 huic
2363 1562 2744 1645 praecedenti
2775 1561 3085 1623 ammoni-

473 1664 645 1725 tione
678 1665 1054 1746 subiungere
1086 1668 1212 1728 visa
1244 1685 1409 1730 sunt.

693 1773 795 1834 61.
843 1773 1252 1836 Omnibus.
1316 1776 1527 1839 Primo
1571 1777 1879 1855 omnium,
1925 1794 1993 1839 ut
2039 1776 2190 1838 fides
2236 1776 2534 1839 catholica
2580 1778 2655 1837 ab
2688 1775 2993 1857 episcopis
3025 1790 3087 1837 et

471 1879 843 1959 presbyteris
876 1881 1201 1961 diligenter
1232 1883 1470 1962 legatur
1499 1899 1558 1945 et
1588 1885 1763 1946 omni
1798 1885 2038 1965 populo
2072 1884 2471 1965 praedicetur,
2502 1882 2647 1963 quia
2667 1882 2789 1943 hoc
2812 1883 3084 1963 primum

474 2001 871 2066 praeceptum
901 2002 993 2048 est
1023 1987 1260 2050 domini
1294 1989 1408 2050 Dei
1440 1991 1880 2071 omnipotentis
1910 1990 1974 2052 in
2004 1989 2173 2068 lege:
2233 1990 2435 2066 «audi,
2469 1989 2667 2065 lsrael,
2701 1989 2846 2070 quia
2879 1989 3081 2051 domi-

475 2112 602 2153 nus
633 2094 802 2156 Deus
847 2110 992 2157 tuus
1025 2096 1192 2158 Deus
1238 2116 1405 2159 unus
1433 2113 1557 2159 est.
1617 2100 1692 2159 Et
1723 2115 1790 2160 ut
1809 2097 1924 2159 -ille
1955 2097 2245 2176 diligatur
2274 2118 2348 2158 ex
2381 2111 2514 2157 toto
2546 2097 2733 2158 corde
2765 2114 2822 2159 et
2854 2116 2925 2158 ex
2957 2112 3083 2160 tota

472 2217 680 2262 mente
713 2218 770 2262 et
801 2221 874 2263 ex
905 2219 1029 2278 tota
1063 2204 1268 2265 anima
1301 2219 1366 2274 et
1391 2225 1462 2266 ex
1495 2220 1621 2267 tota
1651 2206 1872 2267 virtute
1906 2221 2177 2267 nostra».
2226 2202 2496 2283 [Denter.
2528 2204 2585 2280 6,
2618 2222 2677 2281 4.
2718 2200 2791 2281 5.]

688 2309 790 2386 62.
837 2308 974 2370 Om
994 2310 1249 2373 nibus,
1330 2312 1414 2374 Ut
1458 2332 1575 2393 pax
1618 2312 1793 2374 sit'et
1839 2312 2171 2374 concordia
2217 2327 2275 2373 et
2308 2309 2699 2373 unianimitas
2731 2329 2877 2372 cum
2908 2311 3083 2372 omni

474 2414 713 2495 populo
746 2416 1082 2478 christiano
1112 2418 1269 2479 inter
1300 2419 1644 2501 episcopos,
1676 2421 1941 2497 abbates,
1974 2419 2252 2494 comites,
2275 2417 2509 2479 iudices
2529 2431 2588 2477 et
2607 2434 2828 2477 omnes
2851 2415 3081 2496 ubique

472 2539 582 2582 seu
616 2521 881 2584 maiores
911 2543 1019 2585 seu
1054 2526 1326 2587 minores
1358 2545 1670 2608 personas,
1706 2526 1850 2606 quia
1883 2525 2036 2586 nihil
2069 2526 2205 2587 Deo
2236 2525 2369 2585 sine
2402 2543 2548 2604 pace
2579 2523 2776 2605 placet
2806 2541 2921 2586 nec
2940 2540 3067 2583 mu·

473 2647 596 2689 nus
626 2644 831 2690 sancte
863 2630 1195 2695 oblationis
1224 2633 1302 2694 ad
1331 2634 1534 2710 altare,
1564 2633 1722 2695 sicut
1752 2633 1817 2694 in
1850 2632 2178 2714 euangelio
2210 2632 2345 2714 ipso
2369 2631 2647 2693 Domino
2680 2628 3082 2712 praecipiente

469 2734 767 2815 legimus3
802 2738 947 2818 quia
980 2755 1038 2800 et
1065 2738 1221 2802 illud
1253 2741 1601 2803 secundum
1635 2742 1999 2803 mandatum
2031 2757 2119 2802 est
2150 2741 2217 2800 in
2246 2739 2414 2819 lege:
2458 2738 2706 2818 «diliges
2726 2737 3077 2820 proximum

472 2859 657 2905 tuum
689 2844 848 2905 sicut
878 2861 935 2907 te
968 2845 1249 2927 ipsum›;
1301 2846 1447 2908 item
1478 2846 1541 2909 in
1573 2847 1929 2926 euangelio:
1971 2846 2166 2907 «beati
2201 2845 2456 2928 pacifici,
2488 2846 2790 2927 quoniam
2824 2843 2930 2905 filii
2967 2843 3081 2905 Dei

473 2952 924 3014 vocabuntur».
954 2954 1029 3014 Et
1059 2952 1307 3014 iterum:
1349 2953 1453 3014 «in
1487 2954 1605 3015 boc
1640 2970 2016 3033 cognoscent
2047 2972 2267 3015 omnes
2299 2954 2447 3034 quia
2474 2953 2597 3014 mei
2618 2950 2899 3033 discipuli
2920 2950 3083 3027 estis,

465 3057 523 3118 si
554 3058 945 3121 dilectionem
974 3059 1310 3131 habueritis
1338 3061 1415 3121 ad
1446 3060 1775 3123 invicem».
1827 3061 1896 3123 In
1927 3061 2050 3123 hoc
2079 3060 2247 3121 enim
2281 3076 2606 3142 praecepto
2648 3060 3080 3122 discernuntur

473 3163 583 3226 filii
617 3164 732 3227 Dei
777 3180 838 3226 et
882 3164 990 3226 filii
1034 3165 1292 3236 diaboli;
1345 3167 1491 3247 quia
1539 3167 1646 3228 filii
1680 3168 1910 3239 diaboli
1940 3186 2184 3250 semper
2216 3166 2629 3235 dissensiones
2661 3183 2720 3227 et
2751 3165 3087 3227 discordias

473 3290 724 3333 movere
755 3287 1067 3352 satagunt:
1101 3272 1208 3335 filii
1241 3290 1450 3336 autem
1484 3274 1598 3335 Dei
1628 3295 1873 3357 semper
1905 3274 2036 3356 paci
2070 3291 2128 3336 et
2159 3273 2473 3336 dilectioni
2501 3273 2769 3334 student.

690 3380 792 3459 63.
841 3378 1253 3443 Omnibus.
1306 3381 1389 3444 Ut
1420 3382 1648 3463 quibus
1680 3383 1818 3444 data
1852 3397 1942 3444 est
1974 3379 2586 3465 potestasssiudicandi
2618 3378 3085 3455 iusteiudicent,

471 3484 631 3547 sicut
661 3486 952 3568 scriptum
988 3502 1106 3559 est:
1145 3487 1341 3549 «iuste
1373 3488 1656 3566 iudicate,
1692 3488 1776 3550 fili
1797 3489 2195 3566 hominum»,
2227 3507 2354 3549 non
2388 3489 2452 3548 in
2474 3486 2860 3563 muneribus,
2900 3484 3082 3565 «quia

471 3610 733 3659 munera
762 3609 1055 3656 excecant
1085 3593 1269 3656 corda
1300 3595 1702 3677 prudentium
1738 3612 1795 3656 et
1826 3598 2195 3656 subvertunt
2225 3596 2408 3655 verba
2441 3594 2809 3667 iustorum»,
2857 3610 2988 3653 non
3019 3592 3085 3652 in

472 3698 844 3778 adolatione,
893 3719 1006 3762 nec
1049 3700 1116 3762 in
1161 3700 1652 3763 consideratione
1699 3720 2019 3782 personae,
2059 3703 2215 3765 sicut
2245 3702 2310 3762 in
2342 3699 2818 3762 deuteronomio
2852 3698 3085 3760 dictum
3162 3754 3167 3757 ,

473 3822 596 3867 est:
656 3809 870 3888 «quod
915 3808 1149 3883 iustum
1186 3824 1275 3869 est
1307 3808 1601 3877 iudicate:
1655 3808 1780 3870 sive
1805 3808 1961 3883 ‚civis
1992 3809 2068 3870 sit
2098 3808 2198 3871 ille
2231 3809 2355 3871 sive
2387 3806 2768 3890 peregrinus»,
2804 3804 2974 3867 nulla
3007 3805 3084 3866 sit

473 3912 758 3974 distantia
801 3932 1229 3996 personarum,
1277 3914 1424 3996 quia
1456 3914 1572 3976 Dei
1617 3914 1915 3977 iudicium
1965 3933 2114 3980 est».
2177 3916 2386 3978 Primo
2420 3931 2691 3994 namque
2724 3910 2914 3973 iudici
2946 3912 3084 3972 dili-

472 4036 688 4100 genter
719 4021 1010 4083 discenda
1043 4038 1132 4083 est
1161 4019 1256 4085 lex
1287 4043 1323 4083 a
1354 4022 1731 4104 sapientibus
1763 4024 2005 4105 populo
2036 4023 2377 4106 conposita,
2415 4041 2493 4082 ne
2526 4039 2632 4103 per
2668 4019 3084 4099 ,ignorantiam

461 4148 508 4205 ja
558 4128 653 4189 via
698 4128 961 4203 veritatis
992 4143 1165 4190 erret.
1225 4128 1302 4189 Et
1333 4130 1492 4191 dum>
1519 4129 1619 4190 ille
1651 4145 1891 4192 rectum
1923 4130 2236 4211 intellegat
2270 4130 2590 4206 iudicium,
2624 4141 2829 4187 caveat
2862 4146 2939 4187 ne
2973 4126 3080 4186 de-

473 4233 673 4311 clinet,
703 4249 810 4295 aut
844 4253 950 4315 per
981 4234 1400 4295 adolationem
1434 4235 1791 4316 aliquorum
1824 4252 1930 4297 aut
1961 4256 2070 4318 per
2102 4255 2378 4298 amorem
2412 4234 2735 4296 cuiuslibet
2767 4234 2945 4295 amici
2980 4249 3085 4295 aut

474 4358 585 4421 per
614 4340 903 4401 timorem
931 4339 1189 4404 alicuius
1221 4342 1488 4423 potentis
1520 4359 1626 4404 aut
1645 4359 1906 4426 propter
1936 4345 2281 4426 praemium
2300 4364 2333 4404 a
2354 4357 2520 4405 recto
2539 4341 2769 4404 iudicio
2790 4341 3080 4405 declinet:

474 4462 536 4507 et
581 4447 918 4508 honestum
963 4447 1142 4509 nobis
1186 4447 1444 4527 videtur,
1489 4466 1556 4510 ut
1601 4449 1833 4512 iudices
1873 4451 2063 4512 ieiuni
2098 4469 2311 4513 causas
2342 4449 2598 4511 audiant
2630 4464 2689 4509 et
2720 4449 3082 4510 discernant.

691 4556 794 4633 64.
844 4555 982 4615 Om
1003 4554 1256 4616 nibuS.
1319 4555 1471 4616 Item
1502 4556 1802 4620 habemus
1833 4558 1898 4619 in
1928 4558 2081 4638 lege,
2114 4540 2399 4620 Domino>
2420 4556 2857 4639 praecipiente:
2912 4572 3082 4616 «non

467 4660 811 4742 ,periurabis
860 4660 923 4721 in
973 4660 1232 4722 nomine
1278 4680 1443 4740 mec,
1489 4681 1601 4723 nec
1646 4664 1889 4745 pollues
1936 4684 2169 4726 nomen
2216 4663 2456 4726 domini
2492 4663 2603 4724 Dei
2637 4663 2786 4739 tui»,
2833 4677 2892 4722 et
2929 4681 3081 4721 «nec

472 4767 761 4829 adsumes
793 4786 1026 4828 nomen
1061 4767 1302 4830 domini
1332 4769 1450 4830 Dei
1480 4768 1569 4831 tui
1601 4769 1666 4830 in
1698 4790 1992 4833 vanum».
2028 4771 2174 4833 Ideo
2207 4770 2469 4834 omnino
2500 4769 2905 4831 ammonendi
2936 4784 3082 4843 sunt

473 4894 697 4937 ornnes
727 4875 1070 4957 diligenter,
1104 4889 1172 4935 ut
1205 4891 1451 4936 caveant
1483 4876 1852 4958 periurium,
1883 4897 2013 4939 non
2045 4878 2250 4939 solum
2285 4878 2349 4938 in
2383 4892 2593 4938 sancto
2625 4874 2952 4955 euangelio
2986 4875 3081 4936 vel

475 4982 543 5043 in
573 4982 758 5045 altare
788 5003 904 5045 seu
938 4984 1001 5045 in
1036 5000 1395 5047 sanctorum
1427 4985 1719 5066 reliquiis,
1750 4969 1859 5047 sed
1891 5002 1952 5047 et
1981 4987 2047 5047 in
2080 4986 2402 5047 communi
2435 4985 2735 5066 loquella;
2771 4985 2916 5065 quia
2938 5001 3082 5047 sunt
