3684 5416
585 375 661 429 60
1553 370 1804 427 Ecclesia
1833 370 2242 443 antiquissima.

589 577 756 635 nem,
828 557 1054 638 placuit
1103 557 1175 618 iis
1226 576 1356 619 non
1402 557 1673 618 dandam
1720 557 2256 633 communionem,
2305 557 2420 618 nisi
2470 557 2837 619 revaluerint
2882 573 2942 619 et
2973 558 3206 639 egerint

590 666 819 743 dignos
854 665 1094 726 fructus
1124 664 1553 745 poenitentiae.
1623 662 1700 744 [H
1721 662 1932 725 efele
1966 663 2003 723 l.
2040 684 2089 725 c.
2124 684 2255 744 pag.
2294 662 2680 743 205—216.]

810 925 899 981 18.
955 923 1376 982 concnam!
1419 924 1810 982 memnon
1851 925 2161 980 PRIMUM
2200 924 2395 982 Auno
2432 923 2566 979 325
2603 926 2979 981 11ABI'1'1’M.

810 1068 838 1096 *
866 1068 910 1121 Ρ
930 1066 943 1122 i
962 1081 981 1121 t
1000 1086 1072 1121 ra
1090 1109 1105 1138 ,
1133 1070 1277 1123 Iuris
1299 1072 1429 1122 eccl.
1452 1086 1713 1139 graecor.
1743 1069 1882 1121 Hist.
1910 1073 1965 1120 et
1986 1069 2157 1135 Mon„
2188 1067 2223 1121 l.
2249 1068 2549 1138 426—440.
2592 1069 2643 1122 H
2661 1085 2692 1122 e
2711 1068 2887 1136 fele,
2912 1070 3207 1123 Concilien·

516 1165 539 1208 5
588 1147 922 1217 geschichte,
952 1147 988 1200 1.
1019 1164 1317 1218 252—435.
1369 1146 1475 1200 Ma
1495 1145 1633 1213 nsi,
1660 1163 1716 1200 0.
1745 1163 1793 1200 c.
1821 1145 1884 1203 11.
1923 1146 2050 1201 1062
2078 1161 2200 1217 seq.
2255 1147 2448 1201 Brun
2468 1164 2521 1207 s,
2549 1164 2603 1202 ο.
2631 1165 2676 1203 c.
2708 1148 2743 1203 I.
2781 1168 2999 1217 ¹4-20·
3028 1149 3206 1203 Tur-

596 1246 632 1282 n
649 1245 680 1282 e
698 1246 751 1293 r,
800 1230 1069 1282 Ecclesiae
1105 1229 1473 1281 Occidentalis
1511 1230 1863 1281 Monumenta
1890 1227 2034 1280 Iuris
2060 1228 2463 1296 Antiquissima.
2494 1227 2707 1283 Oxonii
2735 1228 3207 1285 MDCCCXCIX.

597 1307 868 1364 Fasciculi
910 1307 1077 1380 primi
1115 1325 1245 1379 pars
1289 1306 1445 1379 prior
1483 1309 1634 1379 (pag.
1664 1307 1907 1381 35-962
1945 1309 2175 1363 Nomina
2213 1312 2623 1382 cpiscoporum).
2691 1310 2932 1384 Bayle‚
2969 1312 3209 1365 L’Aria·

598 1394 770 1444 nismo
789 1410 818 1444 e
836 1393 877 1443 17
900 1392 1123 1443 concilio
1146 1391 1206 1441 di
1220 1390 1396 1442 Nicea.
1430 1388 1641 1443 Milano
1677 1388 1825 1457 1884
1857 1388 1900 1442 R
1917 1405 1947 1442 e
1965 1388 2150 1444 villo
2171 1407 2203 1444 u
2223 1401 2272 1458 t,
2298 1392 2368 1444 Le
2393 1395 2595 1446 concile
2620 1394 2685 1446 de
2705 1394 2862 1446 Nicc‘e
2884 1393 3114 1465 d'aprds
3131 1396 3209 1447 les

600 1476 770 1526 textes
809 1476 991 1542 coptcs
1016 1476 1116 1523 etc.
1170 1468 1326 1525 Paris
1365 1468 1513 1541 1899.
1579 1471 1625 1524 B
1644 1488 1669 1524 r
1686 1488 1715 1523 a
1739 1488 1770 1524 u
1792 1488 1856 1539 n,
1896 1473 1980 1524 De
2007 1472 2208 1525 Sancta
2236 1472 2474 1526 Nic-aena
2502 1473 2717 1544 Synodo.
2770 1473 3031 1528 Munster
3054 1471 3088 1527 i.
3119 1475 3211 1526 W.

494 1574 545 1605 ιο
610 1551 741 1623 1898
771 1550 1447 1619 (ffi'rchengeschichtlicbe
1472 1552 1692 1604 Studien
1720 1551 1811 1613 IV,
1841 1559 1909 1623 3).
1958 1550 2081 1605 Lia
2100 1569 2154 1621 s,
2191 1553 2295 1607 The
2320 1554 2516 1607 Nicenc
2542 1554 2732 1607 Creed.
2776 1552 3024 1608 london
3063 1552 3211 1626 ¹897·

600 1634 638 1689 S
659 1650 690 1688 e
710 1649 740 1687 e
757 1648 788 1687 c
807 1632 870 1700 k,
917 1630 1404 1700 Untersuchungen
1443 1649 1546 1701 {ur
1571 1632 1902 1686 Geschiclite
1925 1634 2021 1686 des
2047 1633 2390 1688 nicdm'schen
2418 1634 2638 1689 Concils
2663 1632 2738 1692 (in
2764 1634 3212 1705 Zeitschrfftfibr

601 1711 1169 1782 Kircltengescliiclzte,
1222 1710 1366 1781 1896,
1414 1728 1574 1781 1—71
1599 1726 1613 1777 ;
1672 1712 1994 1785 319—362).
2077 1712 2119 1767 F
2137 1731 2171 1766 u
2191 1730 2226 1766 n
2245 1713 2309 1779 k,
2349 1714 2482 1768 Abh.
2525 1734 2576 1768 u.
2626 1715 2837 1769 Untcrs.
2889 1714 2926 1768 I.
2970 1713 3210 1788 39-86;

600 1794 864 1866 87—121.
920 1792 987 1844 K.
1029 1790 1083 1845 Μ
1106 1789 1373 1859 ueller‚
1414 1791 2194 1863 Kirchengcschichte.1.321.
2249 1792 2544 1863 Hergen
2565 1794 2908 1863 roether‚
2947 1796 3210 1849 Kirclten-

594 1874 926 1943 geschichte.
968 1871 1005 1928 l.
1036 1888 1062 1943 3
1070 1886 1242 1943 52——3
1252 1871 1333 1941 56.
1384 1871 1440 1925 M
1459 1888 1490 1924 a
1508 1888 1538 1925 a
1557 1890 1582 1925 s
1600 1887 1625 1924 s
1644 1888 1674 1925 e
1692 1888 1757 1938 n,
1782 1871 2107 1925 Geschichte
2131 1873 2230 1926 der
2256 1874 2485 1943 Quellen
2512 1878 2609 1926 etc.
2638 1889 2765 1943 pag.
2794 1872 2988 1946 8-65.

818 2138 930 2195 Tit.
985 2140 1022 2196 I.
1072 2139 1157 2192 De
1186 2137 1269 2192 his
1299 2137 1397 2209 qui
1424 2136 1647 2208 seipsos
1674 2137 1993 2193 abscidunt.
2023 2170 2080 2177 —
2115 2138 2174 2191 11.
2205 2139 2290 2193 De
2319 2138 2653 2211 Neophytis.
2697 2173 2747 2179 —
2779 2140 2864 2195 111.
2892 2141 3056 2209 Quae
3086 2158 3211 2195 mu-

604 2231 768 2284 lieres
811 2247 943 2285 cum
984 2226 1381 2283 sacerdotibus
1424 2241 1882 2283 commorentur.
1926 2260 1986 2268 —
2037 2228 2127 2282 IV.
2169 2229 2253 2282 De
2282 2228 2646 2284 ordinatione
2674 2230 3101 2301 episcoporum.
3151 2262 3210 2268 —

609 2321 673 2374 V.
720 2321 802 2373 De
831 2317 1359 2373 excommunicatis.
1410 2348 1472 2356 —
1522 2318 1611 2371 VI.
1657 2319 1742 2372 De
1771 2316 2108 2389 primatibus
2135 2316 2560 2389 episcoporum.
2614 2349 2672 2357 —
2720 2318 2835 2372 VII.
2881 2319 2967 2373 De
2995 2318 3214 2374 honore

607 2406 863 2479 episcopi
890 2405 1403 2479 hierosolymitani.
1436 2432 1496 2445 —-
1532 2406 1670 2460 VIII.
1696 2406 1781 2460 De
1808 2405 1894 2460 his
1924 2404 2022 2477 qui
2047 2422 2108 2460 se
2135 2405 2421 2474 catharos,
2447 2405 2504 2462 id
2533 2420 2619 2462 est
2645 2408 2894 2462 mundos
2913 2406 3214 2479 appellant.

612 2530 669 2537 —
717 2496 810 2552 IX.
854 2498 938 2551 De
966 2495 1049 2551 his
1079 2495 1176 2569 qui
1204 2497 1276 2550 ad
1306 2494 1695 2551 sacerdotium
1721 2494 1842 2550 sine
1871 2494 2134 2550 examine
2161 2508 2592 2565 promoventur.
2619 2526 2689 2536 —
2715 2496 2784 2551 X.
2812 2497 2897 2550 De
2924 2496 3009 2551 his
3036 2496 3134 2568 qui
3160 2497 3216 2552 in

498 2604 553 2636 20
608 2585 1105 2659 persecutionibus
1133 2596 1488 2657 negaverunt
1515 2596 1571 2640 et
1598 2585 1979 2655 postmodum
2008 2585 2081 2638 ad
2109 2584 2439 2640 clericatum
2466 2584 2722 2656 promoti
2748 2598 2897 2641 sunt.
2925 2615 2991 2623 —
3016 2586 3109 2640 XI.
3133 2587 3218 2640 De

608 2676 693 2733 his
735 2674 832 2748 qui
875 2687 1109 2747 propter
1148 2674 1551 2730 necessitatem
1587 2673 1839 2746 aliquam
1867 2686 2225 2745 negaverunt
2250 2687 2306 2730 et
2333 2673 2538 2730 iterum
2567 2675 2640 2730 ad
2667 2675 2964 2730 saeculum
2990 2676 3218 2747 reversi.

610 2766 864 2838 perpessi
891 2777 1039 2820 sunt.
1071 2796 1132 2804 —
1164 2765 1276 2818 XII.
1307 2765 1392 2818 De
1418 2763 1503 2818 his
1532 2763 1629 2836 qui
1656 2764 2124 2819 renuntiaverunt
2151 2777 2205 2818 et
2233 2764 2714 2820 excommunicati
2740 2781 2771 2817 a
2799 2764 3029 2820 saeculo
3059 2781 3218 2819 rece·

610 2857 769 2913 dunt.
813 2886 877 2895 —-
920 2852 1057 2909 XIII.
1101 2855 1187 2909 De
1228 2853 1313 2908 his
1355 2853 1451 2924 qui
1477 2853 1532 2907 in
1563 2853 1724 2908 obitu
1754 2852 1926 2924 positi
1951 2851 2425 2908 communionem
2455 2855 2794 2925 deposcunt.
2840 2885 2903 2893 —
2944 2854 3092 2909 XIV.
3134 2855 3219 2909 De

606 2946 945 3003 diaconibus
973 2963 1045 3000 ne
1073 2962 1286 3017 corpus
1316 2944 1546 3000 Domini
1576 2945 1818 3014 tradant,
1845 2945 1933 3000 vel
1959 2958 2090 3000 ante
2119 2947 2488 3017 presbyteros
2516 2943 2966 3000 communicent.
2995 2971 3061 2980 —
3091 2943 3214 2998 XV.

498 3050 550 3093 ²5
607 3039 693 3093 De
721 3035 934 3093 clericis
966 3048 1184 3090 temere
1210 3037 1283 3089 ab
1311 3034 1549 3090 ecclesia
1578 3034 1996 3090 recedentibus.
2029 3066 2092 3075 —-
2122 3035 2266 3089 XVI.
2290 3036 2376 3089 De
2403 3034 2488 3089 his
2515 3034 2612 3106 qui
2639 3033 2696 3089 in
2727 3032 2935 3105 quibus
2963 3032 3219 3103 promoti

606 3139 740 3182 sunt
781 3125 1033 3181 ecclesiis
1075 3143 1194 3180 non
1238 3138 1554 3179 morantur.
1594 3155 1663 3163 —
1704 3124 1875 3180 XVII.
1906 3125 1993 3179 De
2019 3123 2234 3180 clericis
2261 3123 2455 3179 alienis
2480 3124 2601 3180 sine
2630 3122 2847 3195 proprii
2873 3120 3129 3192 episcopi
3154 3120 3220 3175 li-

606 3216 793 3271 centia
822 3233 940 3272 non
970 3213 1322 3271 ordinandis.
1356 3245 1414 3253 —
1448 3213 1644 3267 XVIII.
1683 3214 1768 3268 De
1796 3212 2013 3268 clericis
2041 3211 2140 3285 qui
2167 3230 2366 3268 usuras
2395 3212 2696 3285 accipiunt.
2738 3242 2802 3251 —-
2848 3212 2994 3266 XIX.
3025 3212 3108 3266 De
3136 3210 3220 3265 his

606 3304 704 3378 qui
745 3307 817 3360 ab
861 3321 1055 3359 errore
1084 3302 1245 3357 Pauli
1274 3301 1630 3358 samosateni
1658 3300 1967 3373 refugiunt,
1994 3313 2051 3355 et
2090 3301 2160 3356 de
2190 3299 2542 3356 diaconissis.
2583 3333 2649 3340 —
2692 3302 2815 3355 XX.
2856 3302 2941 3356 De
2972 3317 3091 3355 non
3119 3298 3220 3354 fle-

607 3394 818 3449 ctendo
850 3409 1018 3458 genu.

498 3531 553 3572 qo
1734 3504 2121 3566 CanOneS.

696 3667 735 3727 1.
771 3662 854 3725 Εἴ
884 3683 981 3740 τις
1012 3665 1085 3725 ἐν
1104 3662 1289 3744 νόσῳ
1312 3661 1442 3724 ὑπὸ
1466 3662 1712 3735 ἰατρῶν
1733 3663 1891 3740 ἐχει-
2038 3665 2076 3724 1.
2111 3664 2173 3725 Si
2206 3664 2345 3744 quis
2377 3686 2409 3725 a
2444 3663 2694 3724 medicis
2728 3681 2834 3743 per
2858 3662 3224 3742 languorem

608 3770 988 3850 ρουργήθη,
1023 3769 1216 3848 ἢὺπὸ
1243 3769 1610 3855 βαρβάρων
1630 3767 1890 3850 ἐξετμή-
1947 3771 2227 3832 desectus
2273 3787 2361 3832 est
2407 3788 2511 3832 aut
2555 3793 2588 3831 a
2631 3769 2902 3831 barbaris
2934 3768 3222 3852 abscisus,

607 3877 716 3955 θη,
767 3875 973 3952 οὗτος
1006 3877 1256 3957 μενέτω
1291 3878 1366 3938 ἐν
1398 3875 1490 3957 τῷ
1521 3874 1781 3957 κλήρῳ·
1833 3876 1893 3936 εἰ
1949 3877 2046 3937 bic
2081 3876 2343 3938 in·clero
2377 3893 2747 3957 permaneat.
2780 3875 3002 3956 Siquis
3020 3877 3225 3937 autem

609 3982 690 4046 δέ
742 4004 839 4060 τις
888 3981 1208 4059 ὑγιαίνων
1259 3981 1510 4044 ἑαυτὸν
1559 3983 1891 4065 ἐξέτεμεν,
1948 4003 2012 4043 se
2062 4003 2251 4045 sanus
2297 3984 2567 4058 abscidit,
2616 3984 2806 4058 hunc,
2852 3999 2911 4044 et
2958 3983 3019 4043 in
3065 3982 3227 4043 clero

502 4117 552 4160 35
609 4092 852 4153 τοῦτον
896 4089 1008 4151 καὶ
1057 4091 1130 4151 ἐν
1174 4089 1265 4170 τῷ
1310 4088 1538 4171 κλήρῳ
1590 4088 1893 4163 ἑξεταζό-
1949 4090 2375 4162 constitutum,
2435 4090 2738 4151 abstinere
2785 4089 3128 4161 conveniet,
3171 4104 3228 4148 et

610 4218 816 4280 μενον
851 4197 1239 4259 πεπαῦσθαι
1273 4195 1623 4274 προσήκει,
1669 4195 1783 4258 καὶ
1817 4197 1897 4257 ἐκ
1950 4196 2243 4276 deinceps
2290 4196 2534 4256 nullum
2581 4196 2805 4257 debere
2838 4195 3052 4257 talium
3085 4214 3228 4276 pro-

608 4308 731 4368 τοῦ
795 4303 1009 4380 δεῦρο
1074 4301 1333 4384 μηδένα
1393 4303 1523 4364 τῶν
1572 4301 1897 4365 τοιούτων
1952 4302 2207 4364 moveri.
2241 4302 2412 4364 Sicut
2443 4318 2647 4363 autem
2680 4304 2799 4363 hoc
2820 4302 3023 4376 claret,
3056 4301 3229 4380 quod

609 4414 847 4491 χρῆναι
869 4410 1321 4488 προάγεσθαι·
1342 4408 1576 4488 ὥσπερ
1596 4407 1678 4471 δὲ
1692 4411 1897 4471 τοῦτο
1952 4412 2030 4470 de
2062 4409 2156 4470 his
2188 4409 2295 4489 qui
2330 4411 2487 4471 hanc
2520 4429 2651 4470 rem
2684 4409 2966 4471 affectant
2997 4407 3092 4468 vel
3123 4427 3229 4468 au-

610 4517 981 4598 πρόδηλον,
1016 4517 1115 4579 ὅτι
1150 4516 1453 4595 περὶτῶν
1474 4515 1897 4595 ἐπιτηδευόν-
1952 4518 2120 4592 dent,
2142 4537 2265 4597 qua
2287 4516 2645 4598 semetipsos
2666 4516 2977 4577 abscidere
3000 4514 3231 4576 dictum

497 4654 557 4693 4ο
612 4647 743 4689 των
775 4625 852 4688 τὸ
887 4627 1169 4707 πρᾶγμα
1199 4624 1311 4686 καὶ
1333 4620 1727 4705 τολμώντων
1747 4622 1897 4684 ἑαυ·
1953 4624 2064 4685 sit:
2101 4624 2187 4685 sic
2221 4644 2347 4701 eos,
2385 4643 2544 4704 quos
2577 4640 2680 4685 aut
2713 4623 2952 4684 barbari
2984 4637 3087 4683 aut
3118 4621 3230 4682 do-

610 4731 774 4811 τοὺς
824 4732 1166 4813 ἐκτέμνειν
1214 4729 1508 4808 εἴρηται·
1574 4727 1793 4805 οὕτως
1839 4727 1901 4790 εἴ
1956 4732 2106 4792 mini
2138 4747 2570 4806 castraverunt,
2603 4730 2998 4791 inveniuntur
3029 4744 3234 4790 autem

802 4962 841 5027 ¹)
884 4958 1094 5014 Versio
1123 4958 1293 5012 latina
1319 4956 1603 5030 Dionysio
1625 4957 1834 5028 exiguo
1857 4956 2181 5028 interprete.
2210 4955 2326 5010 Csr.
2351 4957 2684 5023 Maassen,
2709 4973 2762 5011 o.
2787 4971 2833 5010 c.
2857 4970 2985 5026 pag.
3015 4969 3236 5025 12—-25-
