3684 5416
662 391 731 442 54
1620 372 1874 427 Ecclesia
1901 372 2314 444 antiquissima.

874 557 1027 618 Can.
1045 556 1320 618 XXXIX.
1354 557 1456 617 De
1476 557 1844 637 gentilibuS,
1876 560 1938 618 si
1954 561 2018 619 in
2040 559 2400 619 discrimine
2432 556 2744 639 baptizari
2771 564 3066 639 expetunt.
3101 558 3269 619 Gen·-

661 663 795 724 tiles
842 663 890 723 si
930 664 993 724 in
1025 662 1375 724 infirmitate
1407 663 1884 724 desideraverint
1915 663 2029 723 sibi
2061 682 2323 724 manum
2353 662 2615 742 imponi,
2649 662 2697 722 si
2733 661 2912 723 fuerit
2942 682 3162 724 eorum
3195 682 3268 723 ex

661 771 865 852 aliqua
898 788 1065 853 parte
1098 772 1354 833 honesta
1388 772 1525 847 vita,
1557 772 1785 853 placuit
1817 773 1903 832 eis
1937 791 2195 832 manum
2229 771 2467 852 imponi
2502 786 2559 830 et
2590 770 2722 832 fieri
2755 771 3155 832 Christianos,
3291 848 3302 859 .

874 878 1025 941 Can.
1046 878 1172 941 XL.
1207 878 1301 938 Ne
1333 878 1424 951 id,
1454 879 1619 960 quod
1646 877 2038 960 idolothytum
2060 884 2173 952 est,
2198 877 2422 953 fideles
2440 880 2766 959 accipiant.
2811 878 3124 939 Prohiberi
3145 878 3270 960 pla·

581 1010 603 1051 5
662 985 803 1060 cuit,
825 1001 893 1046 ut
924 1005 1125 1066 quum
1160 985 1422 1046 rationes
1452 1005 1595 1045 suas
1614 984 1921 1066 accipiunt
1942 1003 2346 1066 possessores,
2380 985 2683 1065 quidquid
2704 987 2778 1045 ad
2801 985 3040 1046 idolum
3061 986 3274 1046 datum

560 1546 608 1575 lo

560 2612 613 2642 20

565 4223 612 4266 35

666 1093 863 1169 fuerit,
915 1108 1165 1173 accepto
1217 1110 1346 1153 non
1400 1091 1621 1154 ferant:
1674 1093 1723 1152 si
1775 1109 1915 1173 post
1960 1092 2347 1153 interdictum
2396 1092 2666 1170 fecerint,
2715 1112 2821 1173 per
2853 1093 3270 1173 quinquennii

663 1199 854 1282 spatia
886 1214 1243 1279 temporum
1275 1220 1307 1258 a
1341 1199 1788 1260 communione
1821 1218 1953 1259 esse
1986 1200 2303 1260 arcendos.

878 1306 1033 1366 Can.
1069 1305 1221 1367 XLI.
1291 1304 1376 1366 Ut
1405 1304 1778 1387 prohibeant
1806 1307 2046 1366 domini
2074 1307 2241 1366 idola
2272 1306 2471 1367 colere
2500 1308 2696 1366 servis
2726 1309 2875 1368 δαίς.
2932 1306 3278 1367 Admoneri

667 1412 893 1493 placuit
938 1411 1167 1483 fideles,
1205 1427 1269 1471 ut
1303 1411 1363 1472 in
1396 1426 1701 1491 quantum
1733 1429 1996 1492 possunt
2030 1412 2393 1492 prohibeant
2426 1432 2501 1473 ne
2535 1411 2698 1474 idola
2733 1412 2794 1473 in
2829 1414 3117 1474 domibus
3149 1413 3277 1473 suis

664 1521 961 1589 habeant;
1013 1519 1061 1578 si
1108 1537 1252 1578 vero
1285 1518 1409 1579 vim
1441 1534 1728 1579 metuunt
1760 1538 2102 1595 servorum,
2141 1519 2232 1579 vel
2265 1540 2329 1579 se
2362 1519 2528 1599 ipsos
2561 1537 2750 1599 puros
2781 1536 3176 1585 conservent:
3226 1520 3277 1579 si

663 1644 789 1685 non
825 1624 1097 1698 fecerint,
1131 1624 1310 1686 alieni
1344 1629 1418 1686 ab
1452 1625 1698 1686 ecclesia
1734 1626 2094 1687 habeantur.

880 1732 1031 1793 Can.
1064 1732 1238 1793 XLlI.
1273 1732 1374 1792 De
1404 1732 1503 1793 his
1536 1734 1644 1812 qui
1673 1733 1967 1811 adfidem
2002 1736 2271 1806 veniunt,
2303 1735 2543 1813 quando
2575 1733 2979 1814 baptizentur.
3015 1734 3136 1793 Eos
3168 1734 3275 1814 qui

665 1839 741 1898 ad
776 1838 1035 1919 primam
1070 1838 1257 1899 fidem
1290 1840 1659 1900 credulitatis
1691 1840 2007 1916 accedunt,
2041 1840 2090 1899 si
2124 1843 2322 1901 bonae
2344 1838 3084 1913 fuerintconversationiS,
3122 1840 3274 1902 intra

667 1945 993 2006 biennium
1038 1963 1392 2026 temporum
1438 1947 1661 2028 placuit
1694 1948 1769 2007 ad
1810 1946 2094 2027 baptismi
2126 1946 2383 2027 gratiam
2413 1946 2651 2007 admitti
2683 1948 2923 2022 debere,
2959 1947 3072 2008 nisi
3109 1947 3279 2009 infir-

591 2079 610 2120 5
670 2052 872 2112 mitate
920 2053 1327 2132 compellente
1360 2054 1626 2133 coegerit
1658 2053 1809 2114 ratio
1842 2054 2115 2114 velocius
2147 2054 2471 2115 subvenire
2507 2054 2864 2134 periclitanti
2899 2055 2988 2114 vel
3021 2055 3276 2133 gratiam

668 2158 1019 2239 postulanti.

882 2268 1034 2328 Can.
1068 2266 1273 2328 XLIII.
1308 2266 1409 2328 De
1438 2268 1848 2329 celebratione
1880 2268 2276 2329 Pentecoste&
2311 2269 2567 2328 Pravam
2599 2267 3045 2328 institutionem
3067 2286 3275 2328 emen-

668 2373 795 2436 dari
830 2373 1053 2454 placuit
1085 2374 1248 2433 iuxta
1280 2374 1699 2435 auctoritatem
1730 2375 2186 2455 scripturarum,
2221 2391 2285 2435 ut
2306 2375 2510 2435 cuncti
2529 2376 2695 2435 diem
2715 2390 3094 2455 pentecostes
3115 2375 3278 2434 cele·

669 2484 939 2557 bremus,
974 2500 1049 2541 ne
1084 2480 1130 2541 si
1165 2480 1303 2559 quis
1336 2498 1464 2540 non
1500 2481 1719 2553 fecerit,
1755 2500 1980 2541 novam
2017 2481 2316 2542 haeresim
2348 2481 2661 2542 induxisse
2695 2498 2959 2543 notetur.

881 2589 1032 2649 Can.
1053 2587 1264 2649 XLIV.
1298 2587 1400 2647 De
1430 2588 1856 2648 meretricibus
1878 2590 2175 2669 paganis,
2206 2592 2268 2649 si
2294 2596 2743 2650 convertantur.
2779 2588 3084 2667 Meretrix,
3120 2608 3282 2668 quae

668 2694 1001 2774 aliquando
1037 2693 1215 2755 fuerit
1247 2710 1304 2754 et
1338 2711 1545 2775 postea
1584 2695 1864 2755 habuerit
1896 2695 2203 2768 maritum,
2238 2695 2286 2756 si
2321 2696 2725 2778 postmodum
2757 2696 2832 2757 ad
2855 2695 3279 2758 credulitatem

672 2801 921 2876 venerit,
952 2801 1377 2862 incunctanter
1409 2801 1633 2882 placuit
1664 2821 1794 2863 esse
1829 2803 2257 2883 recipiendam.

884 2909 1033 2969 Can.
1070 2908 1250 2969 XLV.
1302 2907 1403 2968 De
1432 2907 1905 2983 catechumeniS,
1936 2913 2047 2990 qui
2075 2910 2389 2970 ecclesiam
2423 2932 2542 2971 non
2556 2914 2979 2990 frequentant.
3015 2908 3140 2984 Qui
3174 2908 3280 2969 ali-

671 3017 926 3096 quando
961 3014 1141 3076 fuerit
1174 3015 1654 3075 catechumenus
1686 3031 1744 3074 et
1776 3034 1884 3095 per
1914 3014 2150 3076 infinita
2185 3033 2458 3097 tempora
2493 3037 2816 3097 nunquam
2853 3018 2929 3077 ad
2963 3017 3281 3077 ecclesiam

596 3147 611 3172 2
670 3123 1001 3196 accesserit,
1049 3123 1098 3182 si
1149 3140 1293 3183 eum
1341 3122 1417 3181 de
1450 3123 1612 3182 clero
1646 3122 1910 3201 quisque
1943 3123 2298 3199 cognoverit
2331 3142 2459 3183 esse
2492 3122 2934 3198 Christianum,
2967 3139 3071 3183 aut
3100 3138 3284 3183 testes

671 3229 858 3309 aliqui
908 3228 1209 3290 extiterint
1252 3227 1481 3304 fideleS,
1532 3228 1757 3308 placuit
1790 3229 1844 3289 ei
1877 3229 2252 3309 baptismum
2285 3248 2415 3290 non
2448 3230 2670 3307 negari,
2704 3250 2778 3291 eo
2812 3231 2983 3309 quod
3019 3245 3284 3289 veterem

672 3337 992 3397 hominem
1025 3334 1419 3414 dereliquisse
1454 3334 1742 3398 videatur.

885 3443 1033 3504 Can.
1069 3442 1275 3503 XLVI.
1349 3441 1451 3502 De
1492 3442 1826 3522 fidelibuS,
1877 3445 1939 3504 si
1992 3446 2411 3524 apostaverint
2452 3445 2741 3523 quamdiu
2780 3446 3155 3524 poeniteant.
3218 3442 3284 3502 Si

671 3551 809 3631 quis
844 3550 1038 3610 fidelis
1073 3566 1340 3630 apostata
1380 3571 1486 3632 per
1518 3551 1750 3612 infinita
1774 3568 2047 3632 tempora
2071 3553 2145 3612 ad
2169 3551 2485 3613 ecclesiam
2509 3571 2637 3613 non
2659 3552 2989 3628 accesserit,
3010 3552 3057 3611 si
3078 3567 3286 3611 tamen

564 3691 583 3700 „
671 3658 1005 3735 aliquando
1040 3657 1220 3718 fuerit
1252 3677 1532 3718 reversus
1565 3679 1677 3719 nec
1712 3659 1891 3719 fuerit
1924 3659 2205 3734 idolator,
2242 3674 2380 3739 post
2413 3659 2628 3719 decem
2661 3679 2857 3720 annos
2894 3658 3118 3738 placuit
3136 3675 3283 3718 eum

671 3764 1185 3826 communionem
1219 3763 1508 3844 accipere.

885 3873 1039 3932 Can.
1077 3871 1313 3931 XLVII.
1369 3871 1469 3932 De
1516 3893 1605 3944 σο,
1651 3874 1760 3953 qui
1788 3893 2033 3932 uxorem
2067 3871 2293 3932 habens
2328 3874 2570 3953 saepius
2602 3871 2968 3932 moechatur.
3033 3870 3096 3932 Si
3142 3869 3290 3950 quis

672 3979 864 4039 fidelis
899 3979 1129 4039 habens
1164 3998 1423 4076 uxorem
1459 3999 1584 4039 non
1616 3978 1807 4039 semel
1838 3980 1945 4039 sed
1980 3999 2157 4059 saepe
2193 3979 2371 4039 fuerit
2405 3979 2785 4054 moechatus,
2821 3977 2882 4038 in
2915 3976 3036 4038 fine
3071 3976 3289 4037 mortis

671 4101 761 4146 est
781 4085 1275 4160 conveniendus;
1313 4087 1484 4164 quod
1516 4085 1566 4145 si
1596 4105 1661 4145 se
1695 4086 2039 4166 promiserit
2073 4102 2474 4160 cessaturum,
2510 4087 2689 4146 detur
2720 4084 2775 4144 ei
2806 4084 3199 4150 communio:
3236 4083 3287 4143 si

672 4193 1057 4253 resuscitatus
1105 4211 1317 4252 rursus
1364 4191 1542 4252 fuerit
1587 4193 1967 4268 moechatus,
2017 4192 2242 4273 placuit
2290 4192 2542 4253 ulterius
2587 4211 2715 4252 non
2762 4191 2976 4252 ludere
3021 4210 3167 4251 eum
3203 4192 3278 4250 de

672 4299 1114 4361 communione
1148 4299 1327 4380 pacis,

885 4408 1037 4468 Can.
1059 4406 1319 4467 XLVIII.
1360 4406 1463 4466 De
1494 4406 1824 4487 baptizatis
1857 4414 1926 4466 ut
1954 4405 2118 4466 nihil
2145 4409 2416 4487 accipiat
2433 4407 2652 4468 clerus.
2689 4405 3016 4466 Emendari
3038 4404 3291 4485 placuit,

674 4530 740 4574 ut
788 4513 847 4574 hi
895 4514 1003 4593 qui
1050 4513 1449 4594 baptizantur,
1498 4530 1563 4573 ut
1610 4512 1739 4573 fieri
1772 4513 2024 4588 solebat,
2058 4532 2353 4575 nummos
2387 4513 2449 4574 in
2484 4513 2722 4574 concha
2755 4531 2882 4574 non
2916 4512 3173 4588 mittant,
3206 4530 3286 4571 ne

672 4622 956 4682 sacerdos
978 4622 1149 4700 quod
1183 4621 1367 4699 gratis
1398 4620 1628 4701 accepit
1661 4619 1854 4700 pretio
1889 4619 2255 4681 distraehere
2290 4620 2581 4683 videatur.
2617 4621 2836 4700 Neque
2858 4621 3042 4700 pedes
3062 4636 3284 4680 eorum

674 4728 914 4790 lavandi
947 4743 1093 4789 sunt
1124 4749 1155 4788 a
1190 4727 1607 4788 sacerdotibus
1641 4726 1734 4786 vel
1768 4727 2012 4789 clericis
2064 4725 2136 4805 [c.
2179 4747 2314 4806 ¹04·
2348 4729 2418 4789 C.
2454 4727 2493 4788 1.
2528 4747 2585 4807 q.
2631 4724 2697 4805 1.]

889 4836 1039 4896 Can.
1074 4834 1286 4895 XLIX.
1349 4834 1448 4894 De
1486 4833 1781 4914 frugibus
1808 4834 2130 4908 fidelium,
2177 4856 2252 4895 ne
2284 4857 2320 4895 a
2353 4835 2606 4896 Iudaeis
2640 4835 3093 4895 benedicantur.
3154 4833 3289 4893 Ad-

676 4941 911 5003 moneri
945 4941 1168 5022 placuit
1201 4961 1603 5022 possessores,
1654 4958 1719 5001 ut
1752 4962 1880 5004 non
1915 4942 2218 5022 patiantur
2251 4942 2486 5004 fructus
2520 4963 2689 5019 suOS,
2723 4962 2883 5022 quos
2914 4963 2947 5002 a
2982 4941 3116 5002 Deo
3151 4959 3286 5020 per-
