3684 5416
426 1562 471 1593 to

428 2209 467 2252 ι5

422 2772 475 2803 20

424 3305 472 3347 25

424 3981 476 4023 ao

424 4535 477 4580 35

2074 243 2427 253 ιιιιι

527 259 625 313 ³92
1083 242 1412 299 Hierarchia
1454 243 1668 299 ordinis
1709 257 1765 298 et
1804 244 2121 299 hierarchia
2160 244 2578 300 turtsdtcttonis.

1178 473 1305 530 174.
1362 474 1887 531 latrocssx'rlts
1927 475 2030 532 tv.
2070 475 2503 545 (ιω-1253.)

1196 634 1264 688 in
1306 652 1351 689 c.
1401 654 1444 690 1.
1481 635 1550 690 in
1590 637 1704 689 V10.
1743 638 1810 690 de
1848 638 2042 708 afficio
2077 641 2260 707 legati.
2303 638 2338 691 1.
2389 656 2464 708 ¹5·

737 767 764 796 ‘
819 770 979 840 Corp.
1007 773 1112 825 iur.
1140 789 1261 824 can.
1291 773 1378 825 ed.
1407 770 1841 840 Friedberg.
1867 771 2043 826 Tom.
2071 772 2130 825 11.
2160 772 2269 826 col.
2297 771 2419 844 983.
2460 773 2837 836 Porthast‚
2867 790 2920 826 n.
2956 792 3142 844 15121.

596 903 796 976 Legati
824 922 943 960 non
973 905 1288 961 cardinales
1317 906 1436 961 sine
1465 906 1693 977 speciali
1721 905 1999 961 mandato
2026 906 2147 961 iure
2175 905 2478 977 legationis
2507 904 2782 961 beneficia
2810 907 3071 962 conferre

760 1004 882 1041 non
909 1000 1173 1059 possunt,
1200 988 1303 1042 sed
1327 987 1501 1057 legati
1529 987 1845 1041 cardinales
1876 988 1991 1041 hoc
2016 989 2163 1042 bene
2191 999 2452 1058 possunt.
2492 987 2689 1041 loann.
2717 989 2893 1041 Andr.

738 1106 942 1168 Officii
981 1108 1170 1170 nostri
1206 1108 1480 1169 debitum
1517 1108 1805 1169 remediis
1836 1108 2111 1187 invigilat
2129 1108 2540 1185 subditorum,
2564 1107 2727 1188 quia,
2751 1109 2903 1168 dum
2925 1128 3139 1170 eorum

525 1213 868 1274 excutimus
915 1234 1123 1291 onera,
1171 1215 1323 1275 dum
1372 1215 1655 1276 scandala
1705 1234 2120 1293 removemus,
2157 1233 2273 1275 nos
2304 1213 2368 1275 in
2401 1225 2617 1275 eorum
2650 1215 2854 1295 quiete
2889 1216 3142 1296 quiesci·

527 1339 668 1381 mus
716 1335 772 1380 et
822 1320 1106 1382 fovemur
1138 1321 1202 1382 in
1234 1341 1404 1403 pace.
1468 1322 1737 1384 Proinde
1770 1322 2069 1404 praesenti
2104 1323 2349 1382 decreto
2380 1322 2721 1400 statuimus»,
2755 1338 2822 1384 ut
2856 1323 3141 1384 ecclesiae

529 1426 846 1488 Romanae
880 1428 1085 1505 legati,
1122 1444 1681 1510 quantumcunque
1715 1430 1961 1511 plenam
1999 1429 2374 1507 legationem
2409 1430 2745 1507 obtineant,
2768 1430 2944 1491 sivea
2967 1432 3145 1491 nobis

529 1533 695 1595 missi
745 1534 972 1595 fuerint
1017 1536 1143 1596 sive
1190 1555 1444 1597 suarum
1496 1551 1808 1618 praetextu
1862 1536 2256 1598 ecclesiarum
2307 1536 2628 1615 legationis
2673 1537 2787 1597 sibi
2823 1537 3143 1597 vendicent

527 1640 907 1722 dignitatem,
939 1662 1011 1703 ex
1047 1643 1235 1725 ipsius
1269 1643 1596 1724 legationis
1631 1663 1890 1705 munere
1924 1642 2282 1704 conferendi
2302 1643 2598 1705 beneficia
2620 1644 2855 1706 nullam
2881 1644 3142 1704 babeant

531 1764 911 1828 potestatem,
965 1750 1080 1810 nisi
1134 1752 1256 1812 hoc
1305 1750 1485 1812 alicui
1539 1749 1879 1832 specialiter
1925 1750 2283 1812 duxerimus
2316 1751 2791 1830 indulgendum.
2856 1749 3046 1826 Quod
3082 1751 3144 1811 in

530 1854 814 1915 fratribus
846 1857 1070 1918 nostris
1104 1856 1408 1937 legatione
1443 1856 1846 1935 fungentibus
1879 1856 2175 1918 nolumus
2208 1857 2536 1926 observari,
2571 1858 2717 1938 quia
2751 1857 2906 1918 sicut
2939 1857 3143 1917 houo-

529 1964 610 2024 ris
645 1965 1062 2046 praerogativa
1097 1966 1416 2044 laetantur,
1451 1965 1537 2027 sic
1569 1986 1676 2027 eos
1710 1965 2066 2026 auctoritate
2102 1965 2273 2043 fungi
2308 1966 2599 2026 volumus
2632 1965 2934 2047 ampliori.

1511 2191 1637 2246 175.
1679 2191 2018 2246 CLEMENS
2056 2192 2161 2246 lv.

529 2332 655 2386 Cle
676 2349 879 2386 mens
919 2333 1020 2386 IV.
1072 2335 1124 2386 S.
1166 2335 1244 2386 tit.
1284 2338 1505 2386 sanctae
1546 2333 1810 2387 caeduae
1850 2334 2162 2403 Presbytero
2212 2335 2492 2388 eardt'nali
2525 2337 2870 2406 :lpostolicac
2906 2336 3021 2387 sedi
3055 2337 3146 2386 Le·-

1125 2417 1284 2484 gam.
1325 2411 1379 2466 in
1420 2430 1466 2469 c.
1508 2432 1557 2468 2.
1597 2414 1667 2468 in
1706 2431 1751 2468 c.
1794 2414 1890 2468 VI⁰
1929 2416 1996 2466 de
2034 2415 2128 2484 aff.
2168 2417 2341 2484 legati
2374 2414 2410 2466 1.
2461 2433 2536 2486 ¹3·

742 2553 771 2582 ⁵
812 2552 972 2623 Corp.
1000 2553 1103 2606 ίαν.
1131 2568 1254 2604 can.
1280 2551 1369 2604 ed.
1407 2549 1570 2604 Frie
1589 2551 1624 2604 d
1644 2551 1679 2604 b
1698 2567 1838 2620 erg.
1880 2550 2056 2603 Tom.
2084 2549 2146 2603 11.
2177 2547 2284 2603 col.
2311 2547 2433 2619 984.
2468 2550 2508 2601 Ρ
2529 2565 2565 2602 o
2585 2549 2743 2603 ttha
2762 2561 2843 2614 st,
2870 2566 2923 2602 n.
2962 2547 3144 2619 19089.

579 2677 831 2747 Legatus
860 2676 1033 2732 habet
1060 2675 1429 2746 ordinariam,
1458 2675 1610 2730 unde
1638 2692 1741 2746 per
1769 2687 2021 2730 mortem
2051 2673 2242 2744 Papae
2268 2690 2389 2730 non
2417 2673 2662 2746 exspirat
2688 2672 2807 2728 eius
2835 2671 3109 2728 officium.

1545 2756 1612 2809 H.
1643 2756 1695 2809 d.
1723 2756 1921 2809 loann.
1949 2755 2129 2810 Andr.

743 2861 1028 2943 LegatOS,
1074 2861 1305 2942 quibus
1358 2864 1417 2922 in
1466 2862 1640 2922 certis
1689 2859 2022 2940 provinciis
2056 2860 2462 2921 committitur
2493 2859 2815 2939 legationis
2848 2858 3145 2938 officium,

532 2984 596 3029 ut
630 2968 858 3028 ibidem
894 2966 1159 3028 evellant
1191 2983 1248 3027 et
1282 2965 1592 3047 dissipent,
1637 2966 1961 3027 aedificent
1993 2982 2175 3045 atque
2212 2966 2504 3047 plantent,
2542 2966 2996 3046 provinciarum
3031 2966 3145 3026 sibi

531 3074 1002 3136 commissarum
1058 3074 1134 3134 ad
1188 3075 1371 3135 instar
1422 3075 1878 3155 proconsulum
1941 3089 2418 3153 ceterorumque
2483 3072 2853 3153 praesidum,
2917 3073 3149 3154 quibus

530 3197 726 3242 certae
771 3197 917 3243 sunt
965 3182 1242 3242 decretae
1292 3181 1643 3262 provinciae
1690 3182 2126 3255 moderandae,
2177 3180 2523 3242 ordinarios
2569 3196 2940 3261 reputantes,
2976 3199 3144 3260 prae-

531 3289 686 3350 senti
733 3288 1119 3351 declaramus
1166 3290 1383 3367 edictO,
1431 3290 1836 3350 commissum
1878 3290 1987 3349 tibi
2038 3309 2070 3348 a
2122 3289 2550 3369 predecessore
2583 3302 2795 3348 nostro
2829 3286 3150 3367 legationis

534 3395 814 3459 officium
849 3416 1246 3479 nequaquam
1282 3417 1390 3479 per
1422 3397 1614 3478 ipsius
1647 3398 1887 3458 obitum
1923 3398 2273 3479 exspirasse.

1264 3625 1389 3681 176.
1441 3625 1834 3680 MAR'HNUS
1876 3625 1946 3681 V.
1987 3623 2423 3693 (1401-1429).

745 3767 1117 3822 Martinus
1160 3768 1357 3839 Papa
1397 3767 1466 3821 in
1508 3767 1854 3822 concilio
1897 3765 2507 3821 Constantiensi.
2547 3766 2692 3820 Art.
2734 3767 2802 3819 V.
2843 3766 2934 3819 x'l.

743 3893 771 3923 ¹⁸¹
813 3892 1131 3955 HUbler,
1183 3895 1291 3947 Die
1344 3893 1673 3963 Constanzer
1730 3894 2113 3963 chformation
2167 3894 2283 3945 und
2329 3893 2418 3944 dic
2469 3892 2808 3946 Concortlatc
2858 3908 2956 3944 von
2999 3892 3149 3957 1418.

536 3971 766 4043 Leipzig
815 3971 961 4040 1867.
1004 3991 1055 4043 p.
1093 3990 1386 4044 ¹29-157·
1448 3971 1889 4036 Hinschius‚
1939 3972 2354 4027 lx'1'rchenroeltt.
2394 3973 2566 4026 Tom.
2597 3972 2632 4024 1.
2674 3989 2727 4041 p.
2764 3971 2876 4043 176.

533 4095 619 4148 De
662 4095 847 4150 causis
889 4095 943 4149 in
986 4096 1247 4151 Romana
1276 4096 1431 4151 curia
1459 4097 1771 4151 tractandis
1798 4097 1886 4151 vel
1915 4115 2051 4153 non.
2107 4098 2193 4151 De
2222 4095 2703 4168 appellationibus
2732 4096 2802 4149 ad
2829 4096 3152 4150 Romanam

1722 4195 1954 4232 curtam.

744 4297 988 4357 Causae
1040 4314 1199 4374 quae
1248 4293 1325 4353 ad
1375 4293 1581 4354 forum
1622 4293 2101 4355 ecclesiasticum
2137 4295 2212 4354 de
2249 4292 2378 4369 jure
2412 4294 2504 4354 vel
2538 4291 2990 4353 consuetudine
3022 4309 3148 4350 non

535 4403 843 4483 pertinent
896 4421 1002 4482 per
1053 4400 1283 4461 curiam
1340 4400 1690 4462 Romanam
1740 4421 1869 4462 non
1918 4400 2291 4481 recipiantur
2335 4401 2410 4460 de
2457 4399 2574 4460 illis
2621 4397 3059 4478 cognoscendo
3092 4397 3152 4458 in

540 4508 704 4569 curia
736 4507 832 4568 vel
869 4523 1028 4568 extra
1063 4509 1507 4571 committendo
1542 4508 1657 4569 nisi
1692 4509 1767 4569 de
1803 4526 2116 4569 consensu
2156 4506 2437 4587 partium.
2473 4525 2630 4586 quae
2662 4524 2809 4566 vero
2841 4505 2914 4565 ad
2951 4504 3152 4565 forum

537 4615 1013 4676 ecclesiasticum
1060 4630 1128 4676 ut
1177 4614 1577 4696 praemittitur
1623 4614 1929 4695 pertinent
1977 4630 2034 4674 et
2082 4615 2157 4674 de
2194 4612 2321 4687 jure
2358 4627 2501 4674 sunt
2537 4631 2644 4692 per
2675 4611 3154 4692 appellationem

536 4738 639 4783 aut
672 4722 816 4784 alias
848 4723 924 4783 ad
960 4723 1305 4784 Romanam
1351 4722 1581 4783 curiam
1620 4722 1944 4782 devolutae
1979 4742 2048 4782 ac
2083 4722 2157 4782 de
2192 4740 2299 4780 sua
2336 4735 2551 4780 natura
2584 4718 2645 4779 in
2677 4717 2773 4778 illa
2808 4716 3153 4778 tractandae

537 4846 869 4891 tractentur
918 4831 982 4891 in
1031 4850 1117 4890 ea.
1183 4845 1410 4890 caetere
1466 4829 1928 4888 committantur
1980 4828 2042 4888 in
2097 4826 2392 4909 partibus,
2439 4825 2554 4886 uisi
2605 4825 2757 4884 forte
2791 4842 2905 4903 pro
2939 4808 3154 4883 causae
