3684 5416
315 1552 368 1584 ¹0

319 2087 365 2130 ¹5

314 2623 371 2654 20

315 3158 371 3202 25

319 3692 377 3737 30

321 4229 374 4273 35

1058 385 1320 439 Potestas
1359 382 1739 439 ecclesiastica
1779 396 1835 439 et
1873 382 2175 455 imperium
2204 384 2392 439 civile.
2919 403 3019 456 245

419 569 674 649 posthac
718 568 783 629 in
827 566 1033 628 habita
1078 566 1174 628 vel
1219 583 1573 648 recuperata
1621 567 2008 648 possessione
2051 568 2179 629 ullo
2212 567 2407 629 modo
2439 571 2776 646 turbentur,
2809 568 2916 629 sed
2948 571 3024 629 ab

420 675 593 736 omni
642 673 1064 757 persecutione
1097 672 1245 734 iuris
1278 689 1337 735 et
1369 672 1506 735 facti
1539 689 1837 756 perpetuo
1871 674 1982 735 tuti
2014 675 2154 754 sint,
2187 674 2387 737 donec
2419 676 2868 737 controversiae
2902 679 3025 738 Re-

417 781 666 861 ligionis
699 780 1075 861 compositae
1107 779 1347 841 fuerint.

633 897 662 958 5
699 890 799 951 26.
831 888 905 965 (a)
952 886 1180 949 Omnia
1214 907 1468 968 quoque
1501 886 1894 965 Monasteria,
1929 886 2319 949 fundationes
2352 905 2409 950 et
2441 888 2714 951 sodalitia
2748 888 3027 967 mediata,

419 1016 577 1077 quae
608 996 707 1056 die
741 993 936 1076 prima
968 993 1245 1073 Ianuarii,
1290 1013 1457 1056 anno
1494 994 1825 1057 millesimo
1858 995 2295 1057 sexcentesimo
2326 997 2617 1058 vicesimo
2649 1012 2871 1078 quarto
2905 996 3025 1058 Ca-

417 1102 630 1165 tholici
674 1101 916 1163 realiter
958 1101 1382 1183 possederunt,
1417 1101 1770 1183 possideant
1802 1117 1862 1163 et
1894 1102 2004 1184 ipsi
2038 1102 2330 1182 similiter,
2362 1120 2501 1165 utut
2532 1104 2594 1165 in
2627 1110 3027 1183 Augustanae

419 1208 846 1272 Confessionis
891 1208 1176 1269 Statuum
1223 1207 1537 1268 territoriis
1582 1224 1639 1269 et
1685 1207 2025 1269 ditionibus
2070 1228 2139 1269 ea
2184 1208 2295 1270 sita
2339 1209 2491 1284 sint;
2546 1229 2676 1271 non
2722 1227 2928 1270 tamen
2962 1207 3028 1269 in

421 1317 570 1378 alios
593 1315 1052 1397 Religiosorum
1082 1314 1352 1392 ordines,
1385 1335 1575 1394 quam
1609 1333 1883 1395 quorum
1903 1314 2129 1395 regulis
2150 1315 2432 1396 primitus
2453 1316 2647 1378 dicata
2667 1332 2831 1393 sunt,
2853 1335 3028 1378 com—

422 1438 771 1497 mutentur;
827 1421 944 1483 nisi
990 1420 1201 1482 talium
1239 1420 1699 1502 Religiosorum
1749 1421 1907 1482 ordo
1954 1423 2133 1503 plane
2179 1422 2569 1486 interciderit.
2645 1423 2829 1484 Tunc
2861 1422 3027 1486 enirn

424 1527 804 1610 Magistratui
836 1527 1299 1589 Catholicorum
1345 1526 1605 1587 liberum
1652 1543 1801 1606 est0,
1851 1548 1924 1589 ex
1967 1527 2088 1588 alio
2133 1528 2196 1590 in
2230 1528 2559 1591 Germania
2605 1545 2744 1591 ante
2778 1528 3029 1591 dissidia

422 1636 768 1716 Religionis
808 1650 1016 1696 exorta
1061 1634 1286 1694 usitato
1332 1632 1549 1694 ordine
1596 1652 1793 1695 novos
1828 1633 2178 1715 Religiosos
2224 1636 2607 1701 substituere.
2668 1637 2738 1697 In
2770 1637 3028 1717 quibus-

422 1762 670 1824 cunque
720 1760 865 1805 vero
917 1740 1406 1818 fundationibus,
1454 1740 1741 1802 Ecclesiis
1774 1741 2148 1821 CollegiatiS,
2187 1742 2590 1820 Monasteriis,
2623 1743 3028 1824 hospitalibus

423 1850 731 1914 eiusmodi
780 1849 1057 1910 mediatis
1103 1848 1407 1910 Catholici
1452 1864 1511 1909 et
1541 1852 1943 1929 Augustanae
1977 1848 2374 1911 Confessioni
2420 1850 2643 1912 addicti
2678 1852 3029 1933 promiscue

424 1960 724 2036 vixerunt,
767 1957 975 2017 vivant
1019 1956 1204 2017 etiam
1239 1954 1493 2036 posthac
1524 1955 1895 2036 promiscue,
1929 1971 2194 2016 numero
2229 1975 2481 2037 prorsus
2514 1957 2753 2034 eodem,
2786 1956 2895 2038 qui
2930 1956 3029 2018 die

424 2065 617 2149 prima
648 2062 926 2141 Ianuarii,
959 2081 1126 2123 anno
1157 2061 1488 2124 millesimo
1520 2062 1967 2124 sexcentesimo
2000 2061 2293 2123 vicesimo
2326 2079 2547 2142 quarto
2568 2064 2791 2125 ibidem
2829 2083 3030 2143 reper-

421 2188 520 2233 tus
554 2171 681 2232 fuit.
713 2169 1035 2231 Publicum
1066 2168 1245 2230 etiam
1268 2168 1607 2249 Religionis
1638 2169 1996 2231 exercitium
2029 2169 2192 2230 idem
2223 2185 2488 2248 maneat,
2509 2171 2682 2251 quod
2714 2169 2936 2251 quovis
2965 2168 3031 2231 in

425 2281 565 2341 loco
609 2277 775 2339 dicto
821 2295 990 2339 anno
1036 2275 1262 2356 dieque
1307 2276 1602 2337 usitatum
1638 2276 1769 2354 fuit,
1804 2278 2038 2356 absque
2074 2275 2261 2337 unius
2292 2276 2388 2337 vel
2419 2276 2665 2338 alterius
2698 2275 2881 2357 partis
2913 2277 3030 2336 im-

426 2386 798 2468 pedimentO.
861 2383 927 2445 In
959 2383 1440 2464 quibuscunque
1475 2383 1657 2444 etiam
1694 2382 2163 2445 fundationibus
2195 2382 2473 2444 mediatis
2505 2402 2672 2444 anno
2707 2382 3032 2443 millesimo

425 2492 868 2555 sexcentesimo
913 2490 1205 2553 vicesimo
1251 2505 1490 2571 quarto,
1536 2491 1636 2552 die
1685 2491 1881 2572 prima
1916 2491 2177 2553 Ianuarii
2208 2492 2390 2553 Sacra
2423 2493 2717 2554 Caesarea
2750 2489 3034 2552 Maiestas

427 2599 742 2682 primarias
775 2617 984 2678 preces
1017 2596 1301 2674 exercuit,
1333 2612 1606 2658 exerceat
1637 2617 1736 2658 eas
1769 2613 1828 2659 et
1861 2598 2272 2678 imposterum
2304 2600 2381 2660 ad
2405 2599 2669 2662 modum
2688 2597 2844 2657 circa
2864 2597 3030 2656 bona

426 2705 775 2770 immediata
824 2705 1109 2787 superius
1158 2703 1546 2786 explicatum.
1612 2705 1783 2767 Idem
1833 2706 2012 2787 plane
2059 2705 2159 2768 hic
2202 2708 2559 2769 observetur
2604 2705 2680 2765 de
2714 2701 3036 2785 Mensibus

427 2812 769 2894 Papalibus,
808 2810 982 2892 quod
1014 2830 1198 2891 supra
1232 2811 1308 2871 de
1340 2810 1411 2872 iis
1443 2819 1472 2879 S
1506 2809 1723 2890 quinto
1755 2810 2127 2892 dispositum
2162 2827 2268 2876 est.
2328 2812 2671 2874 Conferant
2700 2812 2882 2872 etiam
2915 2815 3033 2872 Ar-

428 2918 823 3000 chiepiscopi,
871 2933 929 2978 et
975 2917 1201 2998 quibus
1246 2916 1378 2977 aliis
1409 2916 1471 2977 id
1504 2916 1653 2978 iuris
1685 2918 1997 2999 competit,
2031 2918 2326 2980 beneficia
2358 2919 2669 2981 mensium
2700 2916 3033 2980 extraordi-

429 3026 766 3088 nariorum.
833 3023 1030 3100 Quod
1074 3022 1123 3084 si
1172 3043 1431 3104 quoque
1464 3028 1863 3102 Augustanae
1897 3024 2296 3086 Confessioni
2339 3026 2565 3088 addicti
2615 3027 2680 3087 in
2727 3023 3034 3087 eiusmodi

430 3134 607 3196 bonis
653 3130 1070 3193 ecclesiasticis
1115 3130 1396 3192 mediatis
1443 3132 1606 3192 dicto
1653 3152 1820 3193 anno
1867 3133 2094 3213 dieque
2126 3154 2160 3194 a
2193 3133 2527 3196 Catholicis
2571 3133 2823 3211 realiter,
2856 3133 3033 3214 plene

429 3243 526 3303 vel
557 3260 628 3301 ex
662 3255 829 3321 parte
863 3237 1155 3320 possessis
1188 3238 1320 3300 iura
1353 3239 1799 3319 praesentandi,
1834 3239 2142 3316 visitandi,
2168 3239 2585 3321 inspectionis,
2609 3238 3037 3315 confirmandi,

428 3347 795 3428 corrigendi,
859 3345 1271 3427 protectionis,
1334 3360 1670 3427 aperturae,
1727 3346 2182 3427 hospitationiS,
2229 3346 2641 3423 servitiorum,
2703 3365 3036 3427 operarum

430 3457 798 3533 habuerunt,
832 3455 976 3515 item
1010 3453 1336 3535 parochos,
1369 3450 1752 3533 praepositos
1783 3451 1865 3513 ibi
1899 3453 2204 3529 aluerunt,
2234 3452 2368 3514 iura
2400 3452 2511 3514 ista
2542 3452 2658 3514 illis
2676 3469 2831 3513 sarta
2850 3469 3035 3513 tecta-

431 3583 550 3645 que
589 3577 893 3623 maneant.
973 3561 1047 3621 Et
1078 3561 1128 3621 si
1161 3560 1486 3621 electiones
1519 3559 1728 3621 debito
1759 3575 2036 3641 tempore
2070 3560 2339 3621 modove
2372 3579 2501 3621 non
2533 3559 2701 3637 fiant,
2738 3562 3035 3641 praeben-

429 3671 648 3731 darum
697 3666 1045 3729 vacantium
1096 3666 1444 3728 distributio
1495 3682 1555 3727 et
1604 3665 1850 3727 collatio
1898 3666 1964 3728 in
2010 3666 2288 3728 eiusdem
2337 3665 2676 3745 Religionis
2726 3686 3037 3747 personas,

426 3776 604 3840 cuius
652 3774 954 3836 decedens
998 3772 1127 3850 fuit,
1171 3793 1242 3834 ex
1286 3773 1418 3835 iure
1461 3772 1755 3834 devoluto
1785 3771 1862 3833 ad
1893 3774 2147 3834 eosdem
2180 3772 2494 3854 pertineat,
2529 3772 2722 3834 modo
2750 3792 2858 3853 per
2889 3773 3038 3851 hoc,

431 3885 496 3945 in
544 3880 890 3944 istiusmodi
940 3880 1119 3942 bonis
1168 3879 1583 3942 ecclesiasticis
1633 3880 1914 3941 mediatis
1963 3879 2245 3941 instituto
2294 3879 2649 3940 Catholicae
2701 3879 3038 3959 Religionis

431 3991 584 4053 nihil
633 3987 1094 4072 praeiudicetur,
1143 4003 1202 4048 et
1249 3987 1628 4068 magistratui
1660 3986 2130 4049 Catholicorum
2178 3986 2581 4048 ecclesiastico
2632 4007 2743 4047 sua
2786 3987 2922 4048 iura
2966 4006 3040 4048 ex

432 4097 710 4158 instituto
747 4094 980 4155 ordinis
1013 4094 1077 4154 in
1112 4093 1282 4175 ipsos
1315 4094 1665 4176 Religiosos
1697 4093 2128 4175 competentia,
2163 4093 2324 4154 salva
2359 4109 2418 4155 et
2449 4093 2672 4155 illibata
2704 4094 2841 4155 sint.
2876 4092 3038 4169 Qui-

433 4206 549 4265 bus
613 4202 795 4263 etiam
844 4202 893 4264 si
945 4201 1277 4263 electiones
1326 4216 1431 4262 aut
1481 4201 1835 4263 collationes
1887 4202 2378 4283 praebendarum
2429 4202 2779 4263 vacantium
2828 4203 3038 4265 debito

431 4327 711 4392 tempore
746 4310 935 4370 factae
968 4329 1097 4370 non
1129 4305 1370 4387 fuerint,
1403 4308 1498 4368 ius
1530 4308 1895 4370 devolutum
1927 4308 2166 4370 salvum
2200 4324 2348 4371 esto,

648 4416 730 4494 (b)
765 4415 956 4492 Quod
978 4416 1055 4476 ad
1075 4415 1644 4497 Oppignorationes
1673 4415 2022 4495 Imperiales
2053 4417 2281 4495 attinet,
2314 4435 2460 4478 cum
2492 4416 2556 4477 in
2590 4417 3041 4499 Capitulatione

435 4526 729 4588 Caesarea
764 4523 1136 4605 dispositum
1168 4522 1521 4602 reperiatur,
1565 4522 1738 4602 quod
1772 4522 1999 4583 electus
2035 4523 2465 4585 Romanorum
2500 4524 2835 4604 Imperator
2867 4524 3041 4584 Elec-

433 4633 671 4694 toribus
704 4629 1090 4711 Principibus
1140 4628 1517 4708 caeterisque
1551 4628 1819 4689 Statibus
1852 4629 2220 4690 immediatis
2251 4629 2493 4710 Imperii
2524 4629 2830 4691 eiusmodi
2863 4631 3041 4712 oppi-

435 4739 832 4818 gnerationes
878 4735 1248 4798 confirmare
1295 4751 1481 4816 atque
1526 4736 1665 4797 illos
1697 4736 1761 4797 in
1794 4735 2132 4797 earundem
2168 4735 2493 4817 tranquilla
2529 4734 2607 4816 [et
2639 4733 2863 4817 quieta]
2898 4757 3043 4818 pos-

436 4845 707 4906 sessione
743 4844 1072 4905 defendere
1105 4863 1174 4904 ac
1205 4857 1609 4904 manutenere
1641 4842 1893 4903 debeat:
1944 4859 2329 4904 conventum
2361 4859 2467 4920 est,
2502 4844 2657 4904 hanc
2690 4842 3045 4924 dispositio-

439 4972 601 5029 nem,
657 4951 860 5012 donec
913 4969 1223 5012 consensu
1274 4949 1651 5028 Electorum,
1703 4949 2062 5031 Principum
2113 4964 2173 5010 et
2218 4949 2501 5012 Statuum
2548 4950 2719 5011 aliter
2748 4965 3043 5011 statutum
