3684 5416
361 1581 411 1612 10

358 2115 409 2159 ¹5

359 3186 416 3231 ²5

370 4263 424 4307 35

1054 459 1058 464 ,
1110 402 1376 456 Potestas
1415 398 1794 456 ecclesiastica
1832 412 1890 455 et
1925 398 2230 470 imperium
2267 399 2445 455 civile.
2982 417 3076 472 ¹55

467 604 611 647 cum
642 584 914 667 piscariis
944 583 1092 663 suiS,
1127 582 1188 645 id
1220 599 1311 645 est
1343 584 1617 660 Reatem,
1648 581 2069 661 Amiternum,
2094 583 2466 660 Furconem,
2486 582 2799 664 Nursiam,
2822 583 3080 645 Baluam

468 708 526 754 et
556 692 810 754 Marsim
841 708 900 754 et
930 691 1072 753 alibi
1106 691 1412 753 civitatem
1441 690 1821 751 Teramnem
1854 708 2001 752 cum
2033 689 2416 771 pertinentiis
2449 690 2593 751 suis.
2648 709 2663 736 x

681 797 729 879 [ι
750 796 807 878 2]
857 799 984 861 Has
1029 817 1247 860 omnes
1284 796 1726 879 suprascriptas
1759 795 2096 879 provintias
2128 798 2312 857 urbes
2343 812 2402 858 et
2434 796 2699 859 civitates
2732 795 2960 878 oppida
2991 812 3079 856 at-

469 925 592 987 que
625 906 863 967 castella
894 905 1134 968 viculos
1165 925 1236 967 ac
1264 905 1562 967 territoria
1593 905 1908 985 simulque
1942 919 2000 965 et
2021 903 2386 985 patrimonia
2408 923 2523 986 pro
2545 904 2820 965 remedio
2840 902 3081 965 animae

468 1028 711 1074 nostrae
757 1029 815 1075 et
858 1012 966 1074 filii
1011 1010 1201 1074 nostri
1247 1011 1374 1073 sive
1407 1028 1734 1093 parentum
1766 1027 2126 1073 nostrorum
2157 1030 2228 1073 ac
2260 1030 2692 1073 successorum
2725 1026 3084 1072 nostrorum

469 1135 527 1181 et
572 1139 687 1200 pro
719 1136 946 1182 cuncto
977 1141 1011 1181 a
1044 1120 1164 1181 deo
1196 1135 1562 1182 conservato
1595 1134 1777 1200 atque
1810 1119 2239 1181 conservando
2274 1119 2657 1180 Francorum
2689 1117 2928 1200 populo
2959 1116 3081 1178 iam

469 1226 664 1288 dictae
708 1228 995 1290 ecclesiae
1039 1243 1199 1305 tuae,
1248 1229 1420 1289 beate
1452 1224 1623 1288 Petre
1672 1226 1966 1308 apostole,
2018 1241 2078 1286 et
2121 1244 2229 1308 per
2271 1241 2329 1287 te
2374 1224 2600 1287 vicario
2644 1240 2756 1287 tuo
2786 1223 3083 1306 spirituali

470 1333 624 1415 patri
668 1348 880 1395 nostro
929 1334 1167 1395 domno
1214 1333 1474 1395 Iohanni
1521 1351 1774 1395 summo
1819 1331 2098 1413 pontifici
2143 1347 2202 1393 et
2237 1331 2566 1393 universali
2599 1350 2790 1413 papae
2822 1330 3083 1410 eiusque

469 1439 928 1502 successoribus
961 1460 1161 1522 usque
1194 1441 1259 1503 in
1291 1440 1478 1502 finem
1511 1439 1701 1502 seculi
1735 1458 1812 1501 eo
1845 1439 2038 1501 modo
2071 1438 2537 1519 confirmamus,
2586 1454 2655 1500 ut
2685 1437 2748 1500 in
2779 1456 2896 1499 suo
2929 1435 3084 1498 deti-

469 1561 610 1609 neat
640 1547 772 1609 iure
804 1547 1150 1629 principatu
1183 1563 1369 1628 atque
1401 1547 1665 1609 dicione.
2493 1549 2503 1561 '

687 1651 812 1735 [13]
860 1653 1057 1716 Simili
1102 1655 1294 1716 modo
1339 1673 1447 1736 per
1493 1655 1614 1716 hoc
1645 1669 1889 1715 nostrae
1921 1652 2327 1732 delegationis
2360 1668 2610 1735 pactum
2642 1650 3086 1713 confirmamus

472 1759 859 1841 donationes,
892 1781 1047 1841 quas
1081 1761 1215 1843 piae
1247 1760 1688 1822 recordationis
1721 1760 1992 1821 domnus
2029 1759 2333 1843 Pippinus
2356 1779 2469 1821 <rex
2501 1774 2560 1820 et
2584 1775 2794 1841 postea
2815 1758 3085 1819 domnus

472 1867 699 1930 Karlus
739 1867 1284 1930 excellentissimus
1330 1868 1663 1950 imperator
1707 1869 1887 1928 beato
1919 1868 2102 1928 Petro
2146 1866 2431 1948 apostolo
2475 1880 2814 1948 spontanea
2859 1863 3085 1925 volun-

471 1988 591 2035 tate
622 1975 1033 2054 contulerunt,
1065 1994 1315 2037 necnon
1348 1990 1406 2036 et
1437 1993 1694 2036 censum
1725 1973 1822 2035 vel
1844 1973 2212 2056 pensionem
2233 1993 2343 2035 seu
2365 1989 2593 2035 ceteras
2612 1971 2907 2049 dationes,
2927 1989 3088 2052 quae

471 2080 794 2143 annuatim
834 2081 900 2142 in
931 2082 1227 2163 palatium
1258 2081 1418 2161 regis
1450 2079 2011 2160 Longobardorum
2041 2078 2249 2141 inferri
2280 2079 2561 2140 solebant
2592 2079 2718 2140 sive
2751 2077 2827 2139 de
2856 2076 3087 2139 Tuscia

471 2186 598 2248 sive
645 2187 721 2249 de
767 2187 995 2250 ducam
1028 2188 1385 2271 spoletano,
1430 2188 1589 2250 sicut
1621 2187 1688 2249 in
1720 2185 2148 2269 suprascriptis
2178 2185 2617 2247 donationibus
2649 2183 3001 2246 continetur
3031 2197 3090 2244 et

473 2293 627 2355 inter
657 2309 897 2356 sanctae
927 2295 1263 2357 memoriae
1294 2294 1643 2357 Adrianum
1678 2312 1903 2375 papam
1938 2306 1997 2354 et
2028 2293 2339 2354 domnum
2359 2292 2622 2354 Karlum
2653 2291 3089 2371 imperatorem

473 2405 782 2483 convenit,
830 2406 1087 2486 quando
1134 2405 1300 2467 idem
1348 2402 1624 2487 pontifex
1670 2404 1874 2465 eidem
1920 2403 1997 2464 de
2043 2402 2471 2486 suprascriptis
2517 2401 2861 2477 ducatibus,
2908 2400 2969 2460 id
3001 2414 3091 2460 est

471 2510 768 2572 Tuscano
813 2527 871 2573 et
901 2510 1244 2594 Spolitan0,
1292 2530 1437 2574 suae
1469 2510 1841 2573 auctoritatis
1875 2527 2285 2594 praeceptum
2316 2499 2720 2586 confirmavit,
2754 2527 2831 2570 eo
2862 2507 3091 2569 scilicet

473 2619 667 2681 modo
712 2635 780 2681 ut
824 2620 1004 2682 annis
1050 2619 1310 2700 singulis
1355 2618 1668 2702 predictus
1712 2638 1936 2681 census
1981 2618 2058 2680 ad
2103 2634 2337 2701 partem
2390 2616 2678 2679 ecclesiae
2725 2614 2883 2677 beati
2931 2605 3089 2677 Petri

473 2726 733 2808 apostoli
777 2728 1182 2808 persolvatur3
1230 2728 1394 2789 salva
1423 2746 1612 2808 super
1643 2728 1900 2789 eosdem
1932 2726 2190 2789 ducatus
2223 2744 2428 2789 nostra
2460 2727 2524 2788 in
2556 2726 2853 2788 omnibus
2885 2725 3089 2787 domi-

480 2834 728 2897 natione
759 2851 818 2897 et
848 2835 1098 2897 illorum
1129 2835 1206 2897 ad
1238 2852 1513 2899 nostram
1544 2849 1780 2918 partem
1814 2851 1875 2897 et
1905 2835 2014 2898 filii
2050 2835 2247 2898 nostri
2279 2834 2679 2897 subiectione.

688 2940 815 3022 [14]
848 2941 1161 3022 Ceterum,
1196 2944 1352 3005 sicut
1383 2943 1668 3021 diximus,
1702 2943 1914 3006 omnia
1946 2944 2231 3025 superius
2265 2943 2582 3006 nominata
2616 2942 2699 3004 ita
2731 2940 2808 3003 ad
2828 2956 3089 3002 vestram

477 3062 712 3130 partem
744 3068 854 3130 per
885 3050 1007 3111 hoc
1038 3065 1279 3112 nostrae
1312 3050 1799 3113 confirmationis
1831 3065 2080 3131 pactum
2114 3052 2504 3128 roboramus,
2540 3065 2610 3111 ut
2640 3050 2703 3111 in
2733 3056 2936 3111 vestro
2956 3066 3092 3130 per-

480 3170 769 3217 maneant
812 3156 942 3218 iure
988 3157 1330 3239 principatu
1377 3173 1561 3239 atque
1593 3158 1830 3220 ditione
1863 3172 1925 3218 et
1955 3176 2160 3238 neque
2196 3177 2230 3219 a
2264 3156 2443 3219 nobis
2475 3176 2680 3238 neque
2712 3178 2746 3218 a
2778 3174 3094 3218 successo·

476 3263 645 3325 ribus
676 3264 899 3326 nostris
932 3283 1042 3346 per
1070 3265 1391 3346 quodlibet
1421 3281 1866 3345 argumentum
1899 3264 2025 3327 sive
2058 3264 2593 3327 machinationem
2611 3264 2678 3326 in
2698 3283 3095 3345 quacumque

478 3387 644 3452 parte
688 3386 883 3434 vestra
928 3388 1193 3453 potestas
1239 3373 1645 3435 imminuatur
1688 3388 1797 3435 aut
1844 3394 1878 3435 a
1925 3372 2100 3434 vobis
2147 3373 2292 3434 inde
2342 3372 2574 3454 aliquid
2612 3373 3008 3433 subtrahatur
3038 3387 3097 3432 et

476 3479 901 3563 suprascriptis
933 3481 1214 3543 videlicet
1246 3481 1584 3564 provintiis,
1616 3481 1892 3557 urbibus„
1925 3480 2287 3558 civitatibuS,
2323 3479 2588 3562 oppidis»,
2623 3477 2850 3556 castris,
2882 3478 3095 3540 viculis

479 3585 694 3648 insulis
736 3587 1050 3650 territoriis
1095 3604 1278 3670 atque
1325 3587 1708 3670 patrimoniis
1762 3607 2009 3650 necnon
2043 3603 2103 3649 et
2133 3586 2539 3670 pensionibus
2572 3601 2757 3665 atque
2789 3585 3095 3663 censibus,

479 3693 558 3754 ita
595 3706 674 3755 'ut
717 3713 919 3775 neque
967 3713 1083 3755 nos
1129 3714 1200 3756 ea
1247 3694 1462 3756 facturi
1507 3694 1704 3756 simus
1753 3713 1959 3774 neque
1991 3693 2377 3775 quibuslibet
2409 3713 2478 3754 ea
2515 3692 2712 3753 facere
2743 3691 3098 3752 volentibus

480 3801 955 3879 consentiamus,
989 3802 1095 3863 sed
1130 3802 1340 3884 potius
1371 3802 1598 3879 omnia,
1647 3820 1809 3883 quae
1841 3801 2127 3882 superius
2159 3801 2473 3880 leguntur,
2521 3798 2583 3859 id
2616 3814 2707 3860 est
2741 3798 3099 3880 provintiae,

480 3907 766 3989 civitates,
790 3911 992 3987 urbes,
1016 3910 1263 3991 oppida,
1286 3910 1546 3988 castella,
1568 3908 1865 3972 territoria
1889 3923 1949 3969 et
1969 3908 2337 3991 patrimonia
2361 3922 2545 3987 atque
2579 3905 2812 3967 insulas
2846 3924 3099 3967 census-

481 4035 606 4096 que
638 4031 697 4078 et
728 4016 1081 4099 pensiones,
1115 4017 1191 4078 ad
1225 4032 1458 4099 partem
1493 4017 1819 4079 aecclesiae
1850 4016 2009 4077 beati
2044 4014 2203 4077 Petri
2235 4013 2504 4095 apostoli
2523 4027 2708 4092 atque
2730 4009 3098 4093 pontificum

482 4124 548 4185 in
578 4124 976 4186 sacratissima
1006 4123 1114 4185 sed
1145 4124 1310 4186 illius
1342 4124 1746 4187 residentium
1779 4143 1898 4184 nos
1931 4124 1994 4184 in
2028 4136 2337 4204 quantum
2374 4138 2712 4203 possumus
2746 4117 3101 4180 defensores

482 4249 614 4291 esse
643 4245 956 4309 testamus,
989 4230 1066 4292 ad
1099 4230 1221 4292 hoc
1252 4245 1320 4291 ut
1355 4250 1424 4291 ea
1457 4229 1523 4291 in
1555 4230 1721 4292 illius
1751 4230 1989 4291 ditione
2021 4229 2098 4290 ad
2133 4227 2444 4290 utendum
2477 4242 2534 4286 et
2557 4224 2896 4287 fruendum
2915 4239 3099 4303 atque

483 4337 948 4421 disponendum
980 4338 1238 4400 firmiter
1267 4339 1509 4400 valeant
1540 4337 1806 4420 optineri

698 4445 749 4526 [ι
771 4445 825 4527 5]
873 4447 1050 4509 Salva
1095 4446 1159 4507 in
1207 4446 1502 4508 omnibus
1550 4459 1850 4525 potestate
1883 4458 2091 4504 nostra
2124 4457 2183 4503 et
2216 4440 2324 4503 filii
2358 4440 2550 4501 nostri
2583 4453 3103 4520 posterorumque

483 4569 859 4625 nostrorum,
907 4553 1254 4615 secundum
1300 4553 1475 4633 quod
1521 4552 1586 4613 in
1634 4567 1812 4634 pacto
1859 4565 1919 4612 et
1949 4549 2393 4611 constitutione
2431 4565 2500 4608 ac
2533 4543 2967 4626 promissionis
3000 4542 3103 4604 fir-

484 4661 691 4724 mitate
722 4661 987 4740 Eugenii
1033 4659 1336 4742 pontificis
1369 4677 1931 4738 successorumque
1961 4656 2126 4717 illius
2160 4655 2548 4717 continetur:
2584 4652 2645 4714 id
2677 4667 2767 4713 est
2799 4666 2866 4713 ut
2898 4650 3105 4711 omnis

485 4767 683 4830 clerus
730 4784 787 4830 et
831 4768 1100 4830 universi
1147 4767 1362 4849 populi
1394 4765 1668 4828 Romani
1715 4763 2004 4826 nobilitas
2049 4777 2299 4845 propter
2331 4761 2598 4822 diversas
2631 4756 3015 4820 necessitates
3046 4772 3106 4817 et

487 4875 856 4958 pontificum
900 4874 1359 4936 inrationabiles
1406 4894 1545 4955 erga
1594 4873 1903 4955 populum
1952 4870 2065 4932 sibi
2112 4869 2460 4931 subiectum
2507 4866 2857 4948 asperitates
2887 4880 3105 4926 retun-

488 4984 719 5045 dendas
750 4996 1133 5044 sacramento
1165 5000 1230 5041 se
1263 4980 1516 5062 obliget,
1551 4979 1848 5061 quatinus
1882 4977 2089 5039 futura
2122 4975 2497 5057 pontificum
2530 4973 2764 5051 electi0,
2800 4986 3107 5052 quantum
