3684 5416
579 322 681 396 388
1135 320 1459 375 Hierarchia
1498 319 1713 374 ordinis
1752 334 1808 374 et
1849 319 2158 376 hierarchia
2201 319 2627 378 iurisdictionis

796 528 849 587 3.
914 507 1247 582 Praeterea,
1286 505 1575 568 Urbanus
1617 506 1780 585 Papa
1826 504 2003 566 dicit:
2071 504 2146 564 ab
2177 505 2505 587 Episcopis
2551 507 2854 587 quondam
2901 505 3208 567 catholice

579 614 910 688 ordinatis,
955 613 1067 673 sed
1109 615 1172 673 in
1218 613 1547 673 schismate
1592 635 1629 672 a
1674 611 1964 674 Romana
2005 612 2286 673 Ecclesia
2331 615 2659 694 separatis,
2708 615 2819 693 qui
2859 615 3211 674 consecrati

577 729 742 795 sunt,
789 743 887 782 eos
933 744 1067 783 cum
1102 723 1187 783 ad
1213 722 1493 784 Ecclesia
1527 725 1822 783 unitatem
1859 723 2182 796 redierint,
2227 725 2490 784 servatis
2525 725 2811 804 propriis
2856 720 3201 788 ordinibus,

579 831 1065 891 misericorditer
1107 832 1347 911 suscipi
1373 829 1665 908 jubemus
1680 853 1712 903 ,·
1758 831 1820 889 si
1860 836 2056 889 tamen
2091 850 2190 889 eos
2239 831 2364 889 vita
2410 836 2471 889 et
2511 831 2773 890 scientia
2804 827 3204 888 commendat.

585 935 1100 997 «Ordinationes»
1153 936 1252 997 lx.
1285 951 1519 1017 quaest.
1571 958 1617 999 1.
1684 936 1804 996 Sed
1840 937 1961 997 hoc
1994 955 2122 997 non
2161 951 2335 1011 esset,
2389 935 2506 996 nisi
2558 935 2887 1017 spiritualis
2938 948 3201 1014 potestas

578 1042 742 1123 apud
793 1042 1214 1104 schismaticos
1266 1058 1608 1104 remaneret
1660 1042 1824 1122 Ergo
1893 1041 2259 1102 schismatici
2312 1042 2540 1102 habent
2592 1040 2970 1122 spiritualem
3024 1053 3196 1119 pote-

583 1165 820 1211 statem.

796 1256 916 1317 Sed
950 1271 1160 1317 contra
1192 1272 1296 1332 est,
1332 1256 1506 1337 quod
1537 1255 1725 1336 Cypr.
1759 1255 1906 1316 dicit
1939 1254 2003 1314 in
2037 1255 2354 1336 quandam
2388 1253 2700 1335 Epistola:
2753 1268 2811 1313 et
2846 1253 3104 1312 habetur
3141 1272 3200 1316 7.

581 1382 640 1442 q.
687 1383 733 1423 1.
769 1381 818 1423 e.
869 1363 1265 1424 Novatianus.
1317 1364 1457 1443 Qui
1485 1385 1594 1424 nec
1624 1367 1938 1437 unitatem,
1972 1363 2192 1444 inquit,
2226 1363 2522 1444 Spiritus,
2568 1384 2676 1422 nec
2707 1360 3192 1437 conjunctionem

478 1497 529 1531 ιο
568 1471 754 1549 pacis
798 1469 1101 1544 observat,
1147 1477 1208 1530 et
1247 1491 1312 1530 se
1356 1470 1432 1531 ab
1478 1469 1757 1531 Ecclesia
1808 1470 2051 1531 vinculo
2098 1476 2157 1529 et
2198 1470 2580 1530 sacerdotum
2629 1467 2888 1547 collegio
2934 1473 3206 1548 separat,

483 2210 530 2255 ¹5

480 2743 533 2774 20

481 4346 531 4390 35

584 1596 658 1635 ne
694 1573 985 1657 Episcopi
996 1582 1363 1657 potestatem
1396 1575 1618 1637 habere
1637 1582 1866 1658 potest,
1900 1598 2012 1637 nec
2044 1576 2348 1637 honorem.

1654 1788 2135 1852 Conclusio

588 1959 938 2029 Quanquam
978 1956 1327 2011 schismatici
1366 1957 1577 2011 habere
1625 1955 1838 2012 ordinis
1881 1967 2225 2026 potestatem
2265 1953 2505 2025 possint,
2570 1953 2971 2024 jurisdictionis
3015 1969 3208 2009 tamen

1561 2047 1905 2090 auctoritate
1933 2048 2243 2105 privantur.

803 2170 1163 2252 Respondio
1197 2168 1551 2246 dicendum,
1587 2169 1759 2249 quod
1794 2168 2022 2250 duplex
2054 2183 2143 2229 est
2173 2167 2502 2249 spiritualis
2538 2182 2840 2248 potestas:
2910 2187 3028 2228 una
3063 2169 3202 2248 qui-

589 2279 732 2338 dem
763 2276 1239 2353 sacramentalis,
1274 2275 1387 2336 alia
1424 2274 1937 2352 jurisdictionaliS.
2001 2275 2464 2336 Sacramentalis
2505 2275 2760 2355 quidem
2797 2289 3062 2355 potestas
3096 2291 3206 2346 est,

590 2404 749 2464 quae
784 2403 894 2465 per
926 2382 1195 2463 aliquam
1229 2383 1761 2444 consecrationem
1795 2382 2128 2443 confertur.
2192 2381 2432 2443 Omnes
2465 2397 2672 2443 autem
2706 2382 3204 2443 consecrationes

590 2477 925 2552 Ecclesiae
951 2505 1094 2550 sunt
1140 2488 1506 2566 immobileS,
1554 2504 1846 2550 manente
1878 2509 1940 2549 re
1974 2509 2134 2569 quae
2169 2504 2589 2550 consecratur:
2637 2489 2794 2549 sicut
2826 2489 3008 2548 etiam
3045 2505 3205 2569 patet

589 2597 654 2657 in
687 2599 871 2657 rebus
903 2595 1272 2657 inanimatis.
1307 2596 1468 2656 Nam
1500 2596 1683 2656 altare
1717 2595 1907 2657 semel
1931 2611 2374 2673 consecratum,
2397 2614 2526 2657 non
2543 2610 2935 2656 consecratur
2956 2596 3206 2671 iterum,

589 2703 704 2765 nisi
739 2702 916 2764 fuerit
950 2702 1331 2785 dissipatum.
1398 2704 1471 2764 Et
1505 2704 1647 2765 ideo
1680 2702 1813 2765 talis
1848 2719 2112 2784 potestas
2146 2704 2496 2764 secundum
2529 2722 2707 2764 suam
2740 2702 3067 2764 essentiam
3104 2720 3204 2765 re-

589 2826 796 2872 manet
847 2812 910 2871 in
958 2812 1213 2872 homine
1260 2811 1366 2892 qui
1414 2830 1519 2892 per
1565 2811 2092 2873 consecrationem
2126 2829 2261 2870 eam
2296 2827 2385 2871 est
2416 2812 2676 2891 adeptus
2709 2810 3008 2890 quamdiu
3042 2810 3212 2881 vivit,

587 2918 711 2977 sive
759 2917 821 2977 in
854 2917 1137 2993 schisma,
1181 2918 1305 2978 sive
1341 2918 1402 2977 in
1437 2917 1741 2979 haeresim
1774 2916 2045 2985 labatur:
2097 2918 2269 2997 quod
2304 2932 2466 2997 patet
2497 2937 2569 2977 ex
2604 2918 2723 2979 hoc
2756 2918 2928 2997 quod
2966 2918 3207 2978 rediens

589 3025 666 3084 ad
698 3024 1051 3100 Ecclesiam,
1103 3042 1231 3083 non
1281 3024 1500 3084 iterum
1532 3040 1946 3085 consecratur.
2015 3023 2136 3084 Sed
2172 3024 2317 3103 quia
2351 3039 2615 3104 potestas
2647 3023 2901 3085 inferior
2935 3044 3063 3084 non
3097 3025 3207 3083 de-

590 3134 688 3191 bet
735 3131 896 3191 exire
943 3131 1005 3189 in
1056 3145 1278 3218 actum,
1326 3130 1442 3189 nisi
1476 3131 1818 3190 secundum
1854 3130 2027 3211 quod
2066 3147 2349 3192 movetur
2381 3151 2413 3190 a
2447 3145 2745 3212 potestate
2780 3130 3105 3211 superiori,
3141 3146 3206 3191 ut

514 3280 530 3312 a
591 3237 772 3297 etiam
808 3236 872 3296 in
906 3239 1090 3297 rebus
1124 3235 1501 3296 naturalibus
1535 3252 1724 3317 patet:
1776 3237 1918 3297 inde
1951 3252 2038 3297 est
2071 3238 2243 3317 quod
2278 3238 2425 3299 tales
2461 3256 2648 3298 usum
2681 3236 2992 3319 potestatis
3026 3236 3202 3297 amit-

588 3360 747 3421 tunt,
779 3343 858 3404 ita
892 3343 1135 3421 scilicet,
1171 3344 1343 3423 quod
1378 3362 1506 3405 non
1538 3342 1712 3404 liceat
1745 3344 1830 3404 eis
1863 3364 1974 3404 sua
2007 3360 2300 3425 potestate
2335 3345 2438 3404 uti.
2487 3344 2550 3404 Si
2584 3359 2799 3406 tamen
2833 3343 2927 3404 usi
2964 3343 3206 3413 fuerint,

591 3469 811 3511 eorum
857 3466 1119 3531 potestas
1166 3450 1452 3512 effectum
1504 3452 1684 3511 habet
1732 3452 1793 3512 in
1839 3451 2403 3528 sacramentalibuS,
2438 3452 2583 3532 quia
2618 3452 2682 3513 in
2718 3452 2812 3512 his
2847 3453 3040 3512 homo
3075 3470 3205 3510 non

590 3574 897 3639 operatur,
936 3557 1052 3618 nisi
1086 3557 1243 3618 sicut
1277 3557 1757 3619 instrumentum
1791 3558 1939 3631 Dei;
1979 3558 2145 3619 unde
2180 3557 2430 3618 effectus
2462 3557 2930 3619 sacramentales
2954 3576 3084 3618 non
3106 3576 3207 3616 ex-

590 3665 927 3726 cluduntur
960 3680 1206 3746 propter
1227 3665 1471 3745 culpam
1495 3684 1992 3745 quamcumque;
2030 3664 2397 3726 conferentis
2427 3680 2898 3725 sacramentum.
2935 3664 3214 3724 Potestas

590 3787 795 3832 autem
844 3770 1333 3847 jurisdictionalis
1381 3789 1486 3848 est,
1532 3792 1690 3851 quae
1737 3792 1806 3831 ex
1839 3771 2100 3852 simplici
2139 3770 2521 3848 injunctione
2556 3771 2823 3833 hominis
2857 3770 3203 3839 confertur;

589 3895 645 3939 et
677 3877 811 3939 talis
844 3893 1109 3959 potestas
1138 3897 1270 3938 non
1310 3878 1703 3939 immobiliter
1748 3879 2064 3943 adhaeret:
2143 3878 2308 3938 unde
2359 3878 2422 3937 in
2470 3877 2865 3938 schismaticis
2898 3895 2955 3938 et
2989 3879 3208 3939 haere-

589 3986 784 4046 reticis
831 4005 962 4046 non
1008 4001 1246 4055 manet;
1306 3985 1489 4046 Unde
1525 4004 1654 4045 non
1687 4000 1947 4066 possunt
1982 4004 2095 4045 nec
2129 3984 2462 4057 absolvere,
2501 4004 2614 4045 nec
2647 3986 3206 4062 excommunicare,

590 4112 702 4153 nec
748 4092 1161 4171 indulgentias
1210 4092 1422 4168 facere,
1471 4108 1573 4152 aut
1606 4091 1839 4172 aliquid
1875 4091 2258 4168 hujusmodi.
2324 4089 2516 4166 Quod
2550 4091 2597 4150 si
2635 4090 2900 4168 fecerint,
2937 4091 3087 4152 nihil
3119 4109 3204 4151 est

589 4215 814 4260 actum.
877 4200 1042 4260 Cum
1090 4218 1239 4276 ergo
1285 4197 1527 4274 dicitur,
1561 4198 1706 4258 tales
1740 4218 1866 4259 non
1900 4199 2128 4258 habere
2161 4213 2518 4279 potestatem
2554 4198 2951 4279 spiritualem,
2985 4198 3208 4258 intelli-

589 4306 867 4383 gendum
914 4324 1021 4381 est,
1071 4304 1166 4366 vel
1214 4305 1289 4365 de
1336 4320 1633 4386 potestate
1673 4305 1959 4383 secunda,
1994 4305 2088 4365 vel
2124 4305 2172 4365 si
2207 4303 2501 4365 referatur
2532 4305 2607 4365 ad
2643 4305 2907 4386 primam
2942 4320 3205 4386 potesta-

591 4428 733 4489 tem,
786 4431 914 4472 non
965 4427 1051 4472 est
1099 4411 1493 4473 referendum
1540 4412 1613 4471 ad
1651 4411 1842 4491 ipsam
1882 4412 2207 4471 essentiam
2242 4411 2573 4492 potestatis,
2609 4412 2716 4471 sed
2749 4412 2827 4472 ad
2859 4411 3206 4491 legitimum

590 4538 774 4579 usum
810 4518 960 4594 ejuS.

806 4629 877 4688 Et
913 4649 1022 4710 per
1058 4630 1177 4689 hoc
1211 4646 1370 4711 patet
1402 4629 1725 4710 responsio
1758 4630 1833 4689 ad
1869 4629 2130 4690 obiecta.
2200 4627 2256 4707 [1.
2289 4648 2336 4690 c.
2371 4649 2507 4710 pag.
2549 4626 2715 4708 376.]
