3684 5416
595 1507 644 1539 to

596 2045 641 2089 ¹5

589 2579 641 2610 20

590 3220 639 3263 25

589 3755 640 3798 30

589 4288 638 4333 35

713 333 807 405 178
1333 335 1597 389 Potestas
1635 334 2016 390 ecclesiastica
2059 350 2115 388 et
2153 333 2453 405 imperium
2492 334 2669 390 civile.

691 517 878 597 pibus
911 523 971 576 et
998 516 1286 595 nefandis
1318 517 1482 576 datis
1513 516 1613 576 vel
1639 520 1908 598 acceptis
1939 521 2229 596 exttterit,
2271 520 2329 578 si
2355 518 2596 600 quidem
2629 519 2891 579 clericus
2901 522 3131 596 suerit,
3149 529 3301 600 pro-

688 627 835 705 prio
857 624 1067 704 gradu
1099 624 1388 696 decidat‚·
1431 625 1495 684 si
1521 645 1659 684 vero
1691 624 1893 684 laicus
1925 630 2033 684 aut
2061 645 2370 699 monacus,
2404 624 2965 706 anathematizetur.
3008 624 3070 685 Si
3103 621 3302 706 itaque

700 729 863 790 iuxta
897 729 1017 790 hoc
1050 746 1441 810 praeceptum
1474 729 1667 789 laicus
1699 729 2020 806 mediator,
2056 745 2121 790 ut
2156 730 2556 810 dispensator,
2592 731 2654 791 id
2689 748 2776 791 est
2809 750 3153 793 economus
3174 753 3301 793 aec-

697 834 935 911 clesiae,
986 854 1093 916 per
1144 835 1437 916 pecunias
1483 835 1826 914 ordinetur,
1874 837 2486 898 anathematizandus
2534 854 2652 898 est:
2703 837 2862 898 laico
2910 839 3195 911 coactori,
3243 854 3303 899 ut

697 960 953 1003 ornnem
998 941 1351 1003 aecclesiam
1398 962 1515 1006 suo
1566 943 1682 1003 iuri
1715 945 1957 1021 subdat,
1993 944 2506 1006 consentiendum
2539 950 2666 1005 est?
2730 945 3058 1026 Numquid
3093 946 3199 1025 qui
3232 948 3300 1005 ab

696 1049 836 1131 ipso
887 1048 1313 1129 episcopatum
1364 1049 1662 1130 acceperit
1710 1052 2045 1112 sacrandus
2091 1055 2219 1111 est?
2283 1051 2463 1127 Nam,
2508 1051 2557 1112 si
2603 1051 2787 1113 etiam
2823 1072 2936 1134 pro
2969 1052 3162 1113 solius
3194 1052 3300 1112 Dei

699 1157 940 1217 honore
987 1156 1108 1218 hoc
1153 1157 1507 1237 requireret,
1556 1158 1879 1238 impetrare
1928 1158 2185 1218 minime
2233 1159 2514 1232 deberet;
2569 1160 2733 1240 quia,
2772 1175 2835 1220 ut
2868 1159 2989 1220 iam
3024 1158 3302 1229 diximus,

698 1264 861 1324 istud
896 1282 1013 1324 suo
1046 1263 1250 1323 ordini
1285 1282 1683 1344 nequaquam
1717 1266 2025 1345 competit.
2091 1265 2287 1341 Quod
2321 1266 2488 1327 enim
2523 1266 2779 1346 quidam
2812 1255 2991 1327 aiunt
3016 1266 3156 1326 ideo
3189 1266 3302 1325 hoc

699 1370 1050 1452 imperatori
1083 1386 1455 1452 competere,
1501 1370 1644 1452 quia
1677 1391 1851 1432 sacro
1884 1372 2025 1433 oleo
2058 1373 2119 1433 in
2156 1393 2422 1454 regnum
2457 1389 2680 1435 unctus
2713 1390 2821 1451 est,
2856 1373 3121 1434 omnino
3153 1372 3302 1432 veri-

698 1478 802 1539 tati
856 1496 984 1538 non
1031 1477 1334 1556 congruit.
1400 1478 1546 1538 Non
1590 1478 1760 1538 enim
1810 1477 1954 1539 ideo
1989 1495 2213 1539 unctus
2245 1495 2352 1556 est,
2390 1495 2457 1540 ut
2490 1479 2879 1561 episcopatus
2911 1482 3008 1541 vel
3042 1479 3299 1540 abbatias

698 1585 1005 1666 disponat,
1054 1585 1159 1645 sed
1208 1599 1277 1645 ut
1309 1584 1571 1665 Spiritus
1602 1585 1793 1645 sancti
1825 1585 2035 1662 gratia,
2084 1605 2244 1666 quae
2278 1606 2384 1667 per
2416 1587 2782 1648 unctionem
2816 1586 2982 1647 illam
3013 1587 3299 1665 signatur,

700 1691 1101 1753 confirmatus
1135 1691 1425 1753 iustitiam
1463 1692 1579 1754 Dei
1612 1691 1945 1753 rectissime
1978 1708 2199 1753 teneat.
2266 1693 2432 1755 Cum
2466 1709 2673 1754 autem
2706 1694 2760 1755 ei
2794 1693 2971 1755 etiam
3008 1692 3181 1753 valde
3214 1712 3298 1752 re·

697 1797 921 1878 ligioso
968 1813 1027 1859 et
1072 1818 1203 1859 non
1237 1819 1351 1879 pro
1383 1799 1477 1859 sui
1513 1799 1681 1878 regni
1716 1800 1958 1861 honore
1993 1801 2313 1880 quaerenti
2348 1801 2467 1862 hoc
2501 1800 2879 1877 conceditur,
2915 1816 2983 1860 ut
3016 1785 3144 1861 sine
3178 1800 3301 1860 eius

698 1905 939 1966 licentia
985 1904 1183 1966 clerus
1217 1906 1312 1966 vel
1346 1907 1618 1986 populus
1651 1905 2024 1967 electionem
2056 1907 2415 1988 praesulum
2454 1907 2646 1968 facere
2683 1927 2813 1968 uon
2847 1908 3135 1979 audeant,
3170 1921 3226 1967 et
3255 1905 3301 1965 si

697 2011 967 2090 fecerint,
1018 2011 1150 2093 ipse
1199 2013 1547 2074 secundum
1600 2032 1789 2075 suum
1839 2013 2081 2075 libitum
2117 2014 2423 2092 emendet,
2475 2030 2535 2075 et
2567 2014 2778 2076 nullus
2810 2013 3140 2094 episcopus
3172 2026 3301 2072 ante

697 2118 962 2181 electum
994 2138 1353 2181 consecrare
1386 2121 1627 2197 audeat,
1662 2139 1850 2201 quam
1873 2123 1948 2182 ab
1969 2121 2106 2201 ipso
2129 2140 2240 2202 per
2259 2121 2553 2182 baculum
2574 2137 2632 2181 et
2651 2122 2915 2182 anulum
2936 2119 3301 2195 investiatur,

698 2226 1010 2307 numquid
1043 2225 1417 2288 canonicum
1448 2231 1576 2288 est?
1626 2227 1749 2288 Ubi
1784 2227 1881 2289 isti
1917 2227 2322 2290 inveniuntur
2352 2247 2642 2302 canones»,
2675 2246 2819 2288 cum
2853 2227 3003 2287 sacri
3038 2244 3302 2316 canones

696 2335 999 2396 seculares
1032 2333 1351 2394 aecclesias
1383 2354 1500 2395 suo
1532 2333 1651 2394 iuri
1684 2334 2021 2395 subdentes
2055 2334 2604 2395 anathematizent?
2638 2333 2985 2414 Numquid,
3021 2332 3072 2393 si
3103 2332 3221 2394 hoc
3248 2333 3299 2392 ei

696 2444 1071 2517 conceditur,
1117 2442 1315 2503 claves
1361 2440 1533 2521 regni
1579 2440 1852 2502 caelestis
1898 2441 2031 2502 eius
2064 2441 2291 2503 dicioni
2324 2461 2453 2503 non
2488 2441 2878 2502 subduntur?
2943 2440 3138 2516 Quod
3171 2438 3220 2499 si
3249 2439 3301 2499 ei

698 2550 869 2611 nulla
915 2549 1118 2630 specie
1168 2548 1487 2627 religionis
1520 2549 1682 2609 istud
1717 2548 2214 2629 praerogativum
2248 2548 2505 2610 concedi
2541 2563 2755 2629 potest,
2789 2565 2903 2628 pro
2937 2547 3177 2608 honore
3209 2546 3299 2606 sui

696 2658 867 2739 regni
898 2655 1218 2737 quaerenti
1249 2672 1310 2718 et
1342 2656 1399 2716 vi
1432 2655 1713 2736 optinere
1745 2655 1992 2717 conanti
2024 2654 2431 2736 aliquomodo
2464 2653 2793 2718 consentiri
2825 2655 3045 2716 debet?
3085 2651 3143 2734 [1.
3166 2672 3213 2715 c.
3234 2652 3298 2714 11.

697 2786 831 2847 pag·
872 2760 1254 2844 599—600·]

698 2942 966 3004 LXXXI.
1002 2940 1377 3017 Qualiter
1409 2940 1959 3022 intelligenda
1992 2941 2160 3002 sint
2191 2941 2580 3021 quaedam
2616 2940 3074 3022 privilegia,
3108 2957 3303 3019 quae

799 3054 1073 3101 contra
1122 3040 1319 3099 hanc
1368 3058 1599 3119 quam
1651 3037 2169 3100 defendimus
2217 3039 2611 3100 rationem
2661 3057 2830 3098 esse
2879 3037 3214 3098 videtur.

909 3192 1314 3254 Proferuntur
1359 3211 1392 3252 a
1437 3191 1812 3272 quibusdam
1859 3192 2164 3272 quaedam
2200 3191 2515 3273 privilegia
2546 3207 2902 3252 sanctorum
2936 3189 3302 3271 apostolico-

694 3318 856 3378 rum,
892 3299 1121 3380 quibus
1154 3298 1679 3379 patrocinantibus
1710 3318 1774 3359 se
1807 3313 2025 3378 putant
2048 3300 2416 3360 'canonicam
2451 3299 2629 3375 hanc,
2664 3316 2858 3378 quam
2889 3295 3301 3373 defendimuS,

694 3408 993 3471 rationem
1042 3407 1354 3467 destruere
1400 3421 1460 3467 et
1503 3406 1579 3467 ad
1628 3405 1930 3467 nichilum
1979 3406 2136 3469 iuste
2171 3425 2350 3488 posse
2382 3406 2676 3485 redigere.
2743 3404 2992 3479 Quibus
3026 3404 3148 3465 hoc
3183 3403 3301 3483 pri-

695 3534 872 3577 mum
906 3513 1241 3575 dicendum
1275 3528 1385 3591 est,
1433 3513 1579 3593 quia
1618 3533 1738 3574 non
1772 3521 1865 3575 est
1892 3514 2235 3594 disctpulus
2269 3522 2452 3594 super
2482 3515 2865 3594 magistrum.
2933 3508 3172 3590 [Matth.
3216 3530 3303 3587 ιο,

700 3620 820 3702 24.]
903 3621 1095 3696 Quod
1164 3620 1327 3680 enim
1381 3619 1571 3680 sancti
1624 3620 1886 3700 apostoli
1937 3620 2382 3683 ordinaverunt
2435 3619 2646 3681 nullus
2695 3637 2913 3680 eorum
2964 3617 3302 3697 discipulus

695 3731 1006 3792 destruere
1040 3743 1256 3808 potest.
1294 3727 1487 3803 Quod
1522 3728 1572 3788 si
1605 3727 1746 3807 quis
1781 3742 2046 3789 conatus
2079 3726 2279 3801 fuerit,
2314 3745 2462 3788 eum
2493 3726 2719 3788 iniuste
2752 3725 2947 3787 facere
2979 3724 3302 3786 christiana

694 3836 846 3898 ratio
896 3836 1132 3896 clamat.
1196 3834 1258 3896 Si
1311 3834 1495 3912 igitur
1544 3853 1760 3894 verum
1808 3850 1897 3895 est
1942 3834 2093 3895 haec
2142 3833 2455 3914 privilegia
2488 3849 2730 3895 sanctos
2762 3832 2996 3910 fecisse,
3032 3832 3300 3913 primum

692 3944 1014 4004 sciendum
1042 3957 1149 4019 est,
1184 3943 1330 4021 quia
1364 3961 1494 4004 non
1525 3943 1607 4001 ob
1640 3941 1805 4002 aliud
1842 3941 1963 4002 hoc
1994 3938 2290 4017 fecerunt,
2323 3940 2440 4001 nisi
2474 3956 2540 4002 ut
2572 3939 2894 4015 discordia,
2929 3959 3092 4019 quae
3123 3957 3301 4019 saepe

693 4050 756 4112 in
789 4049 1084 4110 electione
1119 4049 1442 4130 provenire
1475 4050 1648 4125 solet,
1688 4048 1874 4128 regali
1906 4048 2259 4109 auctoritate
2294 4047 2636 4128 pelleretur.
2700 4046 2892 4122 Quod
2926 4065 3146 4108 verum
3176 4064 3300 4107 esse

696 4157 825 4237 ipsa
871 4156 1121 4217 illorum
1167 4156 1385 4237 scripta
1430 4154 1760 4233 declarant,
1809 4174 1968 4235 quae
2001 4154 2143 4216 ideo
2177 4155 2327 4215 haec
2359 4174 2467 4215 eos
2499 4154 2694 4233 egisse
2742 4154 3026 4231 fatentur,
3073 4170 3142 4215 ut
3173 4172 3299 4214 ma-

693 4283 815 4343 gna
861 4262 1183 4339 discordia,
1246 4282 1407 4343 quae
1466 4280 1646 4342 saepe
1708 4261 1773 4322 in
1834 4260 2134 4321 electione
2197 4261 2612 4341 proveniebat,
2674 4259 2859 4341 regali
2922 4258 3299 4340 providentia

693 4370 1023 4446 sedaretur,
1073 4386 1130 4430 et
1174 4370 1531 4451 symoniaca
1578 4367 1824 4446 heresis,
1875 4387 2032 4448 quae
2080 4368 2419 4447 aliquando
2452 4386 2696 4428 sacrum
2728 4366 3007 4428 ordinem
3045 4366 3297 4444 fedabat,

694 4476 864 4539 nulla
912 4498 984 4538 ex
1032 4493 1198 4558 parte
1243 4476 1547 4557 surripere
1597 4491 1819 4556 posset.
1883 4475 2047 4536 Cum
2084 4494 2231 4535 vero
2265 4475 2402 4552 hoe,
2438 4476 2612 4555 quod
2644 4473 2758 4555 ipsi
2793 4473 3143 4535 remedium
3175 4473 3299 4533 fore

693 4600 1068 4667 putaverant,
1118 4584 1182 4645 in
1233 4583 1408 4645 letale
1455 4582 1680 4644 vulnus
1732 4600 2053 4663 erumpere
2105 4598 2165 4642 et
2225 4598 2423 4643 totum
2489 4601 2647 4663 pene
2707 4581 2828 4643 iam
2894 4600 3119 4661 corpus
3169 4598 3298 4641 aec-

694 4692 908 4753 clesiae
970 4710 1272 4773 occupare
1336 4691 1611 4771 cepisset,
1677 4691 1832 4751 iuste
1885 4690 2275 4751 interdictum
2329 4708 2461 4752 esse
2514 4687 2910 4750 manifestum
2960 4703 3066 4751 est.
3160 4687 3298 4748 Ideo

694 4800 863 4860 enim
923 4798 1009 4859 illi
1075 4800 1194 4860 hoc
1243 4814 1695 4876 concesserant,
1747 4814 1814 4859 ut
1865 4816 2049 4878 supra
2101 4796 2220 4858 iam
2274 4795 2561 4874 diximus,
2612 4811 2678 4856 ut
2726 4795 2938 4857 caritas
2988 4793 3297 4855 robustius

695 4922 1081 4989 permaneret
1112 4919 1172 4967 et
1204 4905 1559 4987 symoniaca
1590 4904 1845 4966 ambitio
1879 4906 2087 4966 locum
2123 4903 2371 4985 penitus
2405 4923 2536 4965 non
2569 4904 2837 4965 haberet.
2899 4903 3066 4965 Cum
3096 4916 3294 4962 autem
