3684 5416
399 1041 424 1085 5

1124 393 1388 448 Potestas
1426 393 1807 449 ecclesiastica
1847 408 1903 451 et
1940 396 2246 468 imperium
2286 395 2464 451 civile.
3028 415 3095 481 23

698 571 819 656 Ep.
866 576 939 637 X.
987 577 1070 654 96
1106 574 1252 655 (97).
1326 576 1400 638 C.
1449 577 1766 640 Plinius
1811 580 2167 642 Traiano
2217 581 2716 662 Imperatori.
2778 580 3097 644 Sollemne

483 699 577 744 est
609 681 779 759 mihi,
824 682 1100 761 domine,
1134 683 1345 745 omnia
1376 685 1452 745 de
1484 685 1716 765 quibus
1746 687 1970 749 dubito
2000 688 2080 748 ad
2111 703 2169 749 te
2203 688 2442 748 referre.
2504 688 2668 763 Quis
2697 688 2869 749 enim
2901 704 3100 770 potest

489 789 711 850 melius
743 789 842 850 vel
870 790 1327 853 ctmctationem
1360 811 1566 853 meam
1599 812 1808 873 regere
1840 794 1938 855 vel
1970 794 2380 874 ignorantiam
2412 795 2748 857 instruere?

699 896 1182 977 Cognitionibus
1213 899 1290 959 de
1325 898 1693 961 Christianis
1722 899 1974 962 interfui
2008 919 2390 982 numquam:
2433 901 2576 963 ideo
2607 902 2818 965 nescio
2851 903 3006 983 quid
3039 919 3098 964 et

488 1019 795 1083 quatenus
842 1018 949 1065 aut
993 1004 1197 1086 puniri
1243 1006 1435 1067 soleat
1480 1021 1585 1067 aut
1628 1007 1863 1088 quaeri.
1931 1028 1984 1069 2.
2032 1009 2164 1069 Nec
2196 1008 2586 1071 mediocriter
2618 1010 2905 1071 haesitavi
2937 1010 3091 1071 sitne

486 1109 739 1190 aliquod
785 1111 1114 1173 discrimen
1163 1128 1431 1174 aetatum
1464 1132 1544 1174 an
1575 1114 1918 1194 quamlibet
1947 1116 2141 1176 teneri
2175 1114 2332 1176 nihil
2362 1135 2398 1175 a
2430 1116 2884 1177 robustioribus
2915 1117 3093 1178 diffe-

484 1233 636 1291 rant,
684 1217 864 1278 detur
909 1218 1316 1299 paenitentiae
1363 1220 1541 1282 venia
1587 1239 1664 1282 an
1709 1221 1783 1297 ei,
1829 1221 1940 1301 qui
1975 1222 2240 1283 omnino
2269 1221 2664 1285 Christianus
2696 1222 2830 1300 fuit,
2864 1223 3091 1285 desisse

485 1343 616 1385 non
649 1324 858 1406 prosit,
907 1343 1145 1387 nomen
1177 1326 1405 1407 ipsum,
1454 1328 1502 1386 si
1537 1326 1778 1407 flagitiis
1809 1343 2024 1405 careat,
2057 1348 2138 1391 an
2170 1328 2394 1409 flagitia
2426 1329 2815 1391 cohaerentia
2848 1330 3097 1392 nomini

485 1431 842 1512 puniantur.
904 1432 1154 1494 Interim
1199 1430 1306 1513 [in]
1357 1432 1447 1510 iis,
1496 1434 1603 1515 qui
1650 1436 1726 1495 ad
1775 1455 1876 1496 me
1922 1449 2243 1517 tamquam
2274 1437 2608 1499 Christiani
2640 1436 3094 1513 deferebantur,

375 1575 430 1607 ,ο
486 1538 651 1599 hunc
681 1558 822 1598 sum
853 1555 1100 1600 secutus
1133 1540 1413 1601 modum.
1481 1561 1536 1621 3.
1569 1541 1941 1621 Interrogavi
1974 1543 2159 1624 ipsos,
2191 1562 2270 1604 an
2304 1560 2505 1605 essent
2535 1544 2887 1606 Christiani.
2919 1543 3097 1606 Con·

373 2111 425 2156 ¹5

485 1644 725 1705 fitentes
770 1644 994 1707 iterum
1045 1666 1114 1707 ac
1159 1647 1338 1708 tertio
1384 1647 1775 1728 interrogavi,
1837 1650 2220 1731 supplicium
2269 1650 2569 1712 minatus:
2640 1666 3097 1733 perseverantes

484 1751 626 1812 duci
671 1751 839 1812 iussi.
902 1753 1124 1833 Neque
1170 1753 1341 1815 enim
1385 1754 1763 1833 dubitabam,
1809 1757 2271 1838 qualecumque
2317 1773 2475 1819 esset
2519 1757 2694 1839 quod
2742 1756 3093 1829 faterentur,

483 1859 877 1939 pertinaciam
924 1877 1082 1921 certe
1116 1876 1173 1922 et
1205 1860 1601 1924 inflexibilem
1636 1863 2118 1928 obstinationem
2153 1866 2376 1926 debere
2409 1864 2637 1946 puniri.
2702 1884 2761 1943 4.
2810 1864 3093 1926 Fuerunt

482 1965 583 2027 alii
631 1966 846 2029 similis
893 1968 1220 2046 amentiae,
1270 1986 1454 2049 quos,
1502 1970 1648 2049 quia
1696 1970 1861 2031 cives
1893 1970 2164 2031 Romani
2212 1987 2406 2051 erant,
2453 1971 2742 2033 adnotavi
2776 1971 2840 2032 in
2875 1974 3093 2033 urbem

476 2075 893 2136 remittendos.
958 2075 1106 2137 Mox
1137 2077 1274 2157 ipso
1302 2091 1577 2155 tractatu,
1613 2092 1680 2138 ut
1711 2078 1841 2139 fieri
1875 2077 2047 2156 solet,
2079 2077 2471 2140 diffundente
2490 2098 2554 2140 se
2575 2079 2831 2139 crimine
2866 2079 3078 2159 plures

480 2181 710 2262 species
741 2182 1104 2244 inciderunt.
1144 2203 1196 2263 5.
1216 2183 1578 2265 Propositus
1610 2200 1699 2245 est
1729 2180 1973 2246 libellus
2004 2184 2138 2246 sine
2171 2201 2419 2247 auctore
2454 2186 2806 2247 multorum
2840 2185 3095 2245 nomina

481 2290 824 2350 continens,
890 2289 1019 2364 Qui
1053 2293 1358 2371 negabant
1388 2311 1518 2353 esse
1550 2311 1615 2353 se
1649 2291 2036 2354 Christianos
2068 2307 2171 2352 aut
2206 2291 2408 2369 fuisse,
2443 2310 2588 2351 cum
2623 2305 2957 2371 praeeunte
2991 2310 3094 2352 me

482 2397 632 2458 deos
669 2396 1050 2477 appellarent
1085 2413 1142 2458 et
1174 2396 1430 2477 imagini
1463 2414 1623 2471 tuae,
1671 2417 1861 2478 quam
1895 2413 2148 2478 propter
2180 2399 2302 2459 hoc
2333 2397 2629 2457 iusseram
2662 2416 2804 2456 cum
2840 2397 3093 2457 simula-

480 2502 595 2562 cris
642 2503 974 2564 numinum
1022 2503 1265 2581 adferri,
1314 2519 1450 2564 ture
1496 2524 1566 2566 ac
1613 2504 1765 2566 vino
1806 2504 2244 2585 supplicarent,
2292 2519 2598 2584 praeterea
2632 2503 2791 2565 male
2824 2503 3093 2564 dicerent

366 2644 427 2676 20
479 2609 749 2687 Christo,
797 2629 1070 2690 quorum
1121 2609 1276 2672 nihil
1311 2630 1491 2692 posse
1524 2611 1665 2690 cogi
1698 2611 1993 2673 dicuntur
2024 2611 2134 2692 qui
2164 2627 2312 2677 suut
2344 2630 2407 2672 re
2441 2628 2579 2671 vera
2612 2607 2965 2688 Christiani,
2999 2610 3093 2671 di-

367 4247 422 4295 35

478 2718 813 2779 mittendos
857 2738 989 2779 esse
1025 2719 1250 2799 putavi.
1312 2721 1371 2780 6.
1403 2719 1527 2781 Alii
1559 2722 1636 2781 ab
1669 2719 1870 2781 indice
1905 2719 2209 2781 nominati
2239 2738 2372 2781 esse
2405 2739 2469 2779 se
2500 2718 2889 2781 Christianos
2917 2717 3090 2779 dixe-

479 2840 620 2886 runt
651 2840 710 2886 et
740 2841 885 2886 mox
919 2841 1328 2906 negaverunt3
1366 2825 1553 2888 fnisse
1575 2826 1851 2906 quidem,
1881 2827 1988 2887 sed
2010 2826 2259 2903 desisse,
2294 2825 2549 2906 quidam
2570 2842 2710 2887 ante
2731 2825 3090 2902 triennium,

474 2932 730 3012 quidam
760 2947 901 2993 ante
932 2932 1141 3012 plures
1168 2951 1392 3010 annos,
1427 2952 1556 2995 non
1590 2951 1779 2995 nemo
1807 2933 1996 2994 etiam
2014 2949 2155 2995 ante
2175 2932 2408 3012 viginti.
2441 2931 2567 3012 [Hi]
2587 2952 2842 3013 quoque
2864 2950 3093 2994 omnes

477 3054 538 3099 et
582 3039 916 3119 imaginem
961 3054 1133 3100 tuam
1166 3040 1557 3122 deorumque
1589 3039 1918 3102 simulacra
1951 3040 2220 3101 venerati
2255 3054 2399 3100 sunt
2432 3037 2512 3120 [ii]
2548 3056 2606 3102 et
2643 3039 2895 3102 Christo
2932 3019 3092 3100 male

479 3145 781 3207 dixerunt.
844 3166 904 3212 7.
948 3145 1377 3208 Adfirmabant
1421 3162 1629 3208 autem
1678 3147 1837 3208 hanc
1871 3147 2059 3210 fuisse
2090 3166 2402 3209 summam
2435 3146 2534 3209 vel
2567 3144 2785 3227 culpae
2818 3165 2965 3207 suae
2997 3146 3094 3207 vel

478 3252 721 3329 erroris,
756 3253 931 3332 quod
968 3268 1174 3315 essent
1204 3253 1367 3316 soliti
1400 3270 1556 3317 stato
1588 3254 1685 3316 die
1706 3256 2067 3317 antelucem
2092 3255 2422 3316 convenire
2444 3273 2818 3335 carmenque
2839 3253 3089 3315 Christo

479 3359 656 3438 quasi
703 3359 823 3419 deo
870 3358 1073 3421 dicere
1119 3379 1333 3422 secum
1378 3360 1641 3423 invicem
1684 3379 1881 3442 seque
1926 3379 2308 3424 sacramento
2339 3360 2568 3424 nonin
2600 3361 2799 3423 scelus
2831 3360 3088 3441 aliquod

478 3466 879 3545 obstringere,
912 3467 1022 3528 sed
1056 3485 1134 3529 ne
1167 3466 1345 3546 furta,
1380 3486 1459 3529 ne
1490 3467 1827 3544 latrocinia,
1865 3487 1942 3530 ne
1973 3468 2272 3531 adulteria
2304 3469 2776 3542 committerent,
2807 3486 2884 3528 ne
2903 3466 3094 3528 fidem

482 3571 775 3650 fallerent,
822 3593 900 3635 ne
942 3574 1299 3656 depositum
1347 3574 1629 3656 appellati
1670 3577 2085 3654 abnegarent:
2135 3575 2368 3655 quibus
2414 3575 2671 3656 peractis
2705 3593 2946 3635 morem
2977 3573 3092 3634 sibi

479 3678 833 3741 discedendi
881 3679 1086 3757 fuisse,
1133 3700 1472 3762 rursusque
1521 3679 1829 3760 [coeundi]
1880 3682 1955 3742 ad
1989 3681 2361 3762 capiendum
2392 3681 2620 3759 cibum,
2666 3680 3092 3761 promiscuum

481 3803 687 3848 tamen
732 3804 791 3847 et
834 3787 1196 3860 innoxium;
1251 3789 1426 3868 quod
1473 3787 1683 3869 ipsum
1723 3787 1920 3849 facere
1952 3787 2182 3849 desisse
2216 3804 2356 3868 post
2385 3787 2655 3848 edictum
2691 3803 2925 3863 meum,
2959 3806 3092 3866 quo

478 3893 825 3954 secundum
859 3895 1143 3955 mandata
1175 3911 1278 3956 tua
1312 3895 1609 3956 hetaerias
1640 3914 1771 3956 esse
1804 3910 2135 3956 vetueram.
2171 3896 2230 3956 8.
2266 3894 2417 3969 Quo
2449 3894 2645 3973 magis
2677 3893 3091 3956 necessarium

479 3999 711 4060 credidi
742 4019 814 4061 ex
846 4001 1089 4062 duabus
1120 4000 1380 4079 ancillis,
1414 4021 1574 4080 quae
1610 4002 1925 4063 ministrae
1958 4001 2338 4079 dicebantur,
2373 4001 2526 4082 quid
2559 4016 2714 4090 esset
2745 4000 2869 4061 veri
2902 4015 2962 4061 et
2983 4020 3092 4081 per

479 4121 785 4168 tormenta
833 4126 1145 4187 quaerere.
1207 4107 1379 4170 Nihil
1424 4107 1591 4170 aliud
1641 4107 1850 4169 inveni
1898 4127 2088 4188 quam
2135 4107 2637 4188 superstitionem
2671 4127 2939 4188 pravam,
2972 4108 3090 4169 im-

478 4211 811 4275 modicam.
876 4235 935 4292 9.
986 4213 1131 4275 ldeo
1174 4214 1361 4275 dilata
1411 4213 1768 4295 cognitione
1808 4214 1890 4274 ad
1939 4213 2394 4276 consulendum
2441 4230 2497 4275 te
2544 4214 2886 4276 decucurri.
2951 4215 3094 4276 Visa

477 4334 568 4380 est
613 4320 780 4381 enim
822 4320 978 4382 mihi
1024 4338 1118 4382 res
1144 4321 1336 4401 digna
1370 4321 1844 4397 consultatione,
1881 4320 2147 4382 maxime
2180 4335 2432 4402 propter
2465 4321 2938 4402 periclitantium
2974 4340 3092 4382 nu-

474 4445 743 4488 merum.
810 4427 993 4489 Multi
1039 4428 1204 4490 enim
1251 4429 1457 4490 omnis
1505 4429 1733 4505 aetatis,
1779 4427 1986 4490 omnis
2017 4426 2273 4504 ordinis,
2323 4428 2647 4508 utriusque
2678 4448 2858 4488 sexus
2888 4426 3091 4500 etiam,

481 4549 780 4595 vocantur
825 4534 890 4595 in
938 4535 1289 4615 periculum
1340 4551 1401 4597 et
1450 4538 1854 4598 vocabuntur.
1920 4535 2143 4614 Neque
2193 4534 2460 4596 civitates
2504 4551 2745 4596 tantum
2782 4535 2892 4596 sed
2925 4532 3093 4595 vicos

480 4642 662 4702 etiam
695 4658 878 4722 atque
910 4660 1092 4721 agros
1121 4641 1576 4724 superstitionis
1608 4641 1780 4703 istius
1812 4641 2102 4721 contagio
2138 4657 2456 4722 pervagata
2488 4658 2610 4715 est;
2661 4660 2819 4721 quae
2851 4640 3093 4701 videtur

368 4777 430 4821 4.
482 4746 610 4809 sisti
659 4764 718 4809 et
769 4748 991 4828 corrigi
1043 4768 1246 4830 posse.
1323 4769 1416 4812 ro.
1464 4751 1652 4812 Certe
1698 4747 1842 4809 satis
1888 4764 2129 4809 constat
2178 4768 2371 4830 prope
2405 4750 2527 4810 iam
2560 4747 2833 4810 desolata
2864 4746 3092 4828 templa

482 4854 755 4935 coepisse
787 4854 1079 4916 celebrari
1112 4871 1172 4916 et
1202 4875 1371 4917 sacra
1402 4855 1728 4917 sollemnia
1761 4853 1870 4915 diu
1905 4853 2250 4916 intermissa
2283 4855 2472 4937 repeti
2493 4870 2866 4936 pastumque
2886 4853 3091 4914 venire

482 4960 889 5038 victimarum,
933 4961 1112 5024 cuius
1142 4962 1348 5023 adhuc
1382 4960 1728 5022 rarissimus
1760 4975 2006 5040 emptor
2038 4960 2481 5022 inveniebatur.
2513 4961 2602 5022 Ex
2633 4980 2764 5040 quo
2799 4959 2972 5020 facile
3004 4974 3094 5020 est

478 5068 739 5148 opinari,
773 5087 933 5149 quae
965 5070 1141 5130 turba
1175 5067 1506 5128 hominum
1543 5064 1858 5128 emendari
1893 5066 2103 5144 possit,
2138 5066 2187 5126 si
2220 5066 2297 5126 sit
2330 5066 2733 5146 paenitentiae
2766 5065 2958 5127 locus.
