3684 5416
680 416 778 482 2²⁰
1741 397 1912 454 Curia
1950 415 2203 454 romana.

672 583 751 645 ita
786 582 1109 645 necessitas
1138 581 1363 658 tulerit,
1398 580 1729 645 reficiendi.
1794 587 2119 663 Aquarum
2152 597 2459 663 praeterea
2492 600 2705 642 curam
2736 580 3011 660 gerendi,
3044 580 3288 641 illarum

670 689 1043 772 praesertim,
1076 709 1232 769 quas
1264 707 1381 750 nos
1412 705 1577 750 tanta
1611 689 1907 771 impensa,
1943 706 2001 751 et
2030 690 2241 751 labore
2273 690 2340 750 in
2362 689 2594 752 Urbem
2618 688 3008 764 adduximus,
3028 688 3282 768 illasque

670 813 828 859 certa
876 816 1162 858 mensura
1209 797 1287 858 ad
1332 796 1651 877 publicum
1696 816 1880 858 usum
1930 797 2558 877 commoditatemque
2603 796 2823 858 melius
2854 795 3277 872 distribuendi,

671 921 730 966 et
781 905 886 965 ubi
940 902 1157 980 majori
1208 922 1511 984 aquarum
1563 903 1739 984 copia
1789 922 1951 985 opus
2002 923 2131 964 esse
2183 903 2466 980 viderint,
2514 902 2713 964 fontes
2754 921 3059 984 aquarum
3091 902 3283 980 magis

591 1043 613 1087 5
674 1015 897 1073 uberes
946 1012 1112 1071 unde
1160 1010 1384 1071 deduci
1431 1010 1689 1091 possint,
1721 1009 2143 1090 investigandi,
2180 1010 2605 1086 deductiones»,
2639 1010 3144 1088 substructiones,
3178 1028 3279 1070 ca-

672 1119 862 1197 stella,
914 1118 1161 1191 formas,
1210 1118 1651 1198 aquaeductus,
1687 1118 2191 1199 receptaculaque
2225 1119 2588 1179 earumdem
2619 1133 2812 1179 sarcta
2842 1132 2999 1178 tecta
3032 1135 3284 1179 conser-

669 1226 871 1298 vandi,
918 1244 1106 1286 omne
1154 1224 1673 1305 impedimentum
1719 1225 1993 1287 tollendi.
2056 1224 2353 1285 Gamerae
2402 1241 2646 1286 nostrae
2681 1223 3070 1306 Apostolicae
3104 1224 3286 1284 Prae-

670 1334 832 1394 sides
866 1348 924 1392 et
957 1332 1291 1407 MinistrOS,
1327 1331 1555 1412 quibus
1588 1351 1659 1392 ea
1689 1331 1970 1412 specialis
2000 1351 2145 1393 cura
2179 1332 2315 1393 data
2365 1347 2470 1409 est,
2509 1331 2834 1412 dirigendi,
2886 1348 2943 1392 et
2975 1351 3007 1391 a
3040 1346 3288 1392 contra-

670 1439 1424 1520 dictoribus‘protegendi,
1458 1438 1698 1519 aliaque
1732 1439 1793 1499 in
1828 1439 1922 1500 his
1954 1439 2290 1500 necessaria
2324 1455 2383 1500 et
2415 1455 2768 1520 opportuna
2802 1439 3169 1518 exequendi.
3223 1437 3288 1497 Si

566 1577 616 1609 ιο
670 1566 793 1626 qua
841 1565 988 1607 vero
1036 1545 1385 1624 difficultaS,
1433 1563 1538 1607 aut
1584 1565 1785 1622 causa,
1833 1561 1958 1607 tam
1995 1562 2208 1608 contra
2243 1546 2640 1623 DomicelloS,
2675 1545 3193 1622 CommunitateS,
3230 1559 3289 1605 et

669 1653 1125 1730 Universitates,
1165 1672 1353 1733 quam
1388 1669 1600 1714 contra
1635 1672 2073 1734 quoscumque
2106 1653 2258 1715 alios
2291 1654 2470 1714 etiam
2506 1653 2820 1714 immunes
2853 1668 3038 1734 atque
3071 1671 3288 1713 exem-

667 1777 826 1843 ptos,
861 1780 1048 1842 super
1080 1760 1174 1820 his
1207 1761 1500 1821 omnibus
1537 1759 1658 1837 jam
1692 1776 1897 1822 exorta
1930 1761 2023 1836 sit,
2047 1761 2140 1820 vel
2163 1759 2226 1821 in
2245 1776 2566 1842 posterum
2587 1759 2881 1833 inciderit,
2903 1779 3038 1821 eam
3062 1778 3289 1820 omnes

668 1868 1021 1940 summarie,
1056 1867 1185 1928 sola
1220 1867 1357 1927 facti
1391 1867 1641 1928 veritate
1674 1867 1966 1948 inspecta,
2013 1885 2083 1927 ac
2116 1886 2181 1927 re
2219 1868 2489 1948 primum
2526 1868 2603 1928 ad
2639 1886 2772 1944 nos,
2805 1884 2861 1928 et
2895 1885 3286 1928 successores

668 1991 913 2037 nostros
946 1974 1145 2040 relata.
1180 1974 1435 2034 demum
1471 1973 1808 2035 definiendi
1842 1989 2203 2054 potestatem
2238 1974 2512 2036 facimus.
2577 1973 2720 2049 Qua
2755 1974 3062 2035 Facultate
3095 1974 3283 2034 iidem

564 2110 610 2154 ις,
668 2083 1024 2145 Cardinales
1072 2081 1306 2142 nedum
1352 2081 1416 2141 in
1449 2080 1630 2141 Alma
1663 2081 1854 2159 Urbe,
1902 2100 2118 2142 verum
2159 2082 2224 2142 in
2272 2081 2554 2142 universa
2598 2081 3013 2143 Ecclesiastica
3046 2079 3287 2141 ditione

667 2188 989 2270 temporali
1023 2188 1111 2249 uti
1145 2207 1322 2270 posse
1356 2187 1700 2248 statuimus.

1170 2420 1230 2482 C
1231 2422 1591 2501 ongregatio
1624 2417 1722 2480 XI
1734 2419 1813 2493 V.,
1835 2429 1959 2501 pro
2000 2419 2420 2504 Upographia
2469 2422 2779 2483 Vaticana.

881 2619 1230 2688 Caeterum,
1282 2635 1428 2677 cum
1474 2636 1544 2676 ex
1596 2615 1771 2676 omni
1820 2615 2195 2696 antiquitatis
2242 2617 2539 2678 memoria
2589 2634 2808 2680 notum
2842 2616 2936 2694 sit,
2972 2629 3286 2696 quantum

666 2746 909 2808 semper
959 2726 1307 2787 detrimenti
1367 2724 1673 2816 attulerint
1726 2724 2196 2798 haereticorum,
2247 2725 2639 2807 aliorumque
2689 2725 2954 2786 veritatis
3008 2724 3287 2786 hostium

558 2858 612 2891 20
666 2834 941 2905 insidiae,
995 2850 1054 2894 et
1100 2832 1226 2893 doli
1275 2833 1337 2892 in
1373 2832 1555 2892 sacris
1587 2831 1772 2905 libris,
1807 2830 2302 2912 Sanctorumque
2337 2832 2588 2894 Patrum
2623 2831 3039 2906 monimentiS,
3073 2830 3286 2892 multis

667 2941 868 3001 modis
901 2939 1393 3021 corrumpendiS,
1433 2952 1857 3019 quantamque
1891 2938 2012 3000 hoc
2044 2939 2438 3019 potissimum
2470 2941 2722 3001 saeculo
2755 2938 3105 3000 animarum
3138 2957 3284 3018 per-

665 3046 890 3107 niciem
939 3045 1356 3126 importaverit
1409 3046 1775 3106 eorumdem
1827 3046 2128 3106 librorum
2178 3047 2514 3108 mendosae
2578 3047 3036 3128 impressiones,
3098 3060 3286 3126 atque

664 3152 964 3214 editiones
1011 3153 1259 3233 impuro
1306 3168 1363 3212 et
1412 3151 1701 3232 pestifero
1737 3153 2082 3212 haeresium
2121 3154 2440 3232 fermentO,
2473 3155 2734 3235 aliisque
2767 3154 3077 3216 erroribus
3109 3154 3286 3215 coin-

664 3261 951 3340 quinatae
985 3276 1039 3319 et
1075 3274 1414 3338 corruptae.

553 3391 603 3435 25
878 3376 906 3436 s
952 3386 1000 3426 1.
1050 3367 1180 3427 Nos
1213 3366 1484 3426 volentes
1519 3383 1631 3446 pro
1666 3380 1876 3426 nostra
1910 3367 2226 3429 Pontificia
2259 3369 2670 3445 solicitudine,
2695 3387 2763 3431 ut
2793 3371 2943 3431 haec
2977 3367 3281 3449 praeclara

663 3489 720 3534 et
770 3473 1045 3534 salutaris
1097 3489 1301 3533 nostra
1354 3472 1690 3533 haereditas
1739 3493 1772 3533 a
1825 3473 2161 3552 majoribus
2213 3491 2475 3557 accepta,
2527 3476 2817 3537 inviolata
2862 3492 3281 3549 conservetur,

663 3600 862 3661 nuper
884 3578 1012 3657 ejus
1036 3580 1118 3640 rei
1148 3599 1327 3640 causa
1362 3599 1489 3640 non
1525 3579 1821 3641 mediocri
1856 3597 2062 3642 nostra
2084 3582 2361 3662 impensa
2383 3582 2899 3663 Typographiarn
2919 3583 3279 3643 Vaticanam

661 3687 999 3758 ereximus;
1049 3705 1217 3747 nunc
1267 3703 1472 3747 autem
1522 3705 1633 3767 pro
1682 3687 1768 3748 rei
1801 3703 1862 3747 et
1893 3688 2124 3766 negotii
2156 3689 2463 3767 gravitate,
2497 3690 3026 3770 infrascriptorum
3062 3690 3279 3751 Cardi-

662 3794 899 3855 nalium
933 3793 1500 3874 Congregationem
1534 3793 1881 3869 statuimus,
1932 3794 2158 3875 quibus
2194 3795 2597 3876 imponimus,
2635 3811 2700 3855 ut
2733 3815 2900 3857 sacra
2935 3795 3128 3856 Biblia
3162 3797 3280 3856 La-

550 3927 604 3972 30
658 3902 818 3962 tinae
871 3901 1169 3978 vulgatae,
1217 3900 1485 3961 Graecae
1534 3917 1591 3960 et
1624 3901 1961 3961 Hebraicae
2008 3902 2326 3977 editionis3
2377 3902 2710 3963 decretales
2743 3901 3070 3984 EpistolaS,
3103 3900 3273 3962 Con-

658 4008 791 4069 cilia
824 4008 1153 4089 generalia,
1179 4007 1543 4069 Sanctorum
1581 4007 2056 4088 praecipuorum
2079 4009 2380 4070 Ecclesiae
2405 4010 2749 4070 Doctorum
2774 4029 2982 4091 opera,
3006 4024 3279 4070 caeteros

658 4117 929 4195 denique
963 4115 1169 4187 libros,
1202 4113 1429 4194 quibus
1466 4113 1604 4173 fidei
1627 4113 1982 4175 Catholicae
2016 4116 2293 4177 doctrina
2316 4117 2801 4197 traditionesque
2825 4116 3275 4178 Ecclesiasticae

658 4222 1055 4283 continentur
1117 4238 1175 4281 et
1237 4221 1635 4301 explicantur,
1715 4241 1904 4302 quam
1970 4224 2460 4285 emendatissime
2525 4241 2738 4286 curent
2806 4223 3275 4305 imprimendos.

658 4328 868 4404 Quare
918 4330 1306 4403 mandamuS,
1357 4345 1425 4388 ut
1473 4329 1724 4389 vetustis
1770 4330 2220 4412 manuscriptis»,
2256 4332 2722 4412 emendatisque
2757 4330 3072 4392 codicibus
3105 4328 3275 4390 adhi-

549 4459 599 4505 35
658 4434 817 4513 bitis,
853 4436 1204 4515 praesertim
1239 4455 1311 4496 ex
1343 4435 1537 4496 nobili
1572 4450 1629 4496 et
1661 4436 1914 4517 optimis
1947 4437 2114 4497 libris
2149 4437 2360 4498 referta
2383 4438 2698 4500 pontificia
2725 4438 3012 4499 Vaticana
3049 4437 3276 4499 Biblio-

655 4544 851 4616 theca,
905 4541 1265 4617 adjumento
1316 4543 1517 4618 etiam,
1570 4544 1775 4604 studio
1826 4560 2009 4624 atque
2056 4564 2243 4625 opera
2290 4545 2789 4607 doctissimorum
2841 4546 3169 4607 hominum
3204 4563 3272 4603 ex

656 4650 950 4711 omnibus
983 4648 1319 4710 Christiani
1353 4650 1517 4709 orbis
1554 4651 1931 4725 nationibuS,
1982 4671 2089 4731 per
2123 4670 2237 4711 nos
2270 4667 2374 4712 aut
2407 4652 2809 4713 Successores
2843 4667 3087 4713 nostros
3120 4650 3272 4713 sele-

656 4773 917 4832 ctorum,
963 4757 1070 4837 qui
1120 4756 1475 4835 linguarum
1528 4757 1872 4837 peritissimi
1922 4757 2059 4836 sint,
2095 4758 2282 4819 libros
2317 4758 2788 4839 imprimendos,
2822 4775 3100 4820 accurate
3135 4758 3276 4819 dili-

654 4881 996 4944 genterque
1031 4863 1343 4924 conferant
1377 4880 1434 4923 et
1467 4879 1932 4943 recognoscant,
1958 4880 2026 4925 ut
2058 4884 2278 4926 eorum
2311 4866 2519 4943 editio,
2544 4881 2856 4946 quantum
2888 4865 3019 4926 fieri
3055 4865 3275 4946 poterit

546 4994 603 5034 40
654 4970 891 5048 integra
938 4987 1121 5050 atque
1169 4969 1523 5051 incorrupta
1573 4971 1846 5051 prodeat.
1910 4970 2137 5052 Sicque
2184 4991 2330 5033 vero
2376 4971 2687 5051 graviores
2732 4972 3166 5046 dubitationeS‚
3216 4986 3274 5032 et
