3684 5416
600 403 707 470 ²3⁰
1240 388 1507 442 Potestas
1546 386 1927 442 ecclesiastica
1967 400 2024 442 et
2060 385 2363 457 imperium
2402 386 2577 441 civile.

597 570 869 631 consiliis
921 570 1097 650 plura
1144 590 1214 631 ac
1260 570 1497 631 diversa
1531 571 1791 631 Decreta
1825 586 1961 631 tum
1995 569 2170 631 Sedis
2206 570 2599 650 Apostolicae
2633 571 2972 632 auctoritati
3006 588 3073 632 et
3099 572 3217 631 Ec·

598 676 814 737 clesiae
845 677 1102 738 libertati
1135 698 1205 739 ac
1235 677 1609 739 immunitati
1644 678 1966 754 contraria,
1998 692 2134 738 tum
2166 676 2580 738 Generalibus
2613 677 2908 739 Conciliis
2940 694 2997 739 et
3031 680 3218 739 sacris

597 783 964 845 Canonibus
1014 804 1128 845 nec
1180 803 1310 845 non
1365 783 1548 845 Rom.
1584 783 1807 844 Pontif.
1841 782 2393 844 constitutionibus
2443 784 2849 864 repugnantia
2902 786 3211 852 statuisse:
3275 804 3278 809 ·

597 906 654 952 et
704 891 861 952 inter
905 907 1098 952 cetera
1150 894 1266 952 sub
1318 891 1416 952 die
1466 911 1568 971 23.
1605 892 1750 953 Maii
1784 912 1837 952 a.
1887 893 2066 953 1602.
2100 908 2302 952 sumta
2347 891 2671 952 occasione
2705 911 2777 953 ex
2811 892 3080 972 quadam
3114 892 3217 953 lite

520 1022 538 1064 3
596 1018 704 1058 seu
752 1000 1168 1061 controversia
1216 1001 1370 1061 inter
1404 1000 1738 1061 Doctorem
1778 999 2174 1061 Franciscum
2207 998 2587 1060 Zabarellam
2633 1019 2704 1060 ex
2746 977 2867 1061 una
2902 1015 2960 1060 et
2992 1000 3212 1061 Mona-

497 1557 542 1588 to

495 2092 535 2134 ¹5

485 2633 536 2664 20

482 3167 530 3209 25

597 1106 748 1166 chos
786 1107 1142 1168 Monasterii
1174 1108 1248 1168 de
1282 1107 1516 1186 Praglia
1551 1107 1703 1168 Ord.
1739 1108 1799 1168 S.
1833 1106 1985 1168 Ben.
2020 1105 2252 1185 Congr.
2285 1106 2523 1168 Cassin.
2558 1106 2705 1167 alias
2737 1107 2799 1168 S.
2833 1107 3103 1169 Justinae
3139 1108 3214 1167 de

598 1213 803 1273 Padua
851 1213 915 1274 in
949 1214 1231 1274 Dioecesi
1264 1214 1554 1275 paduana
1602 1234 1674 1275 ex
1719 1215 1904 1274 altera
1952 1229 2138 1294 parte,
2189 1212 2502 1274 statuisse:
2556 1232 2682 1275 non
2732 1214 2941 1275 solum
2973 1231 3039 1274 ut
3071 1215 3214 1275 dicti

600 1320 888 1381 Monachi
937 1337 1086 1381 tunc
1119 1336 1223 1381 aut
1256 1321 1547 1402 deinceps
1579 1318 1710 1381 ullo
1745 1339 2024 1400 unquam
2061 1336 2339 1401 tempore
2374 1320 2701 1396 actionem,
2736 1340 2844 1400 per
2874 1340 3064 1402 quam
3094 1324 3213 1382 sub

596 1427 818 1506 quovis
867 1427 1046 1488 titulo
1098 1443 1200 1487 aut
1250 1427 1457 1489 colore
1507 1428 1571 1487 in
1620 1426 1799 1488 bonis
1846 1426 2266 1487 ecclesiasticis
2299 1427 2772 1508 emphyteuticis
2803 1449 2836 1488 a
2867 1426 3035 1488 laicis
3068 1446 3209 1508 pos-

596 1534 776 1594 sessis
824 1533 1260 1614 praeferantur,
1310 1535 1708 1615 praetendere
1751 1553 1822 1594 ac
1873 1535 2056 1594 etiam
2104 1533 2236 1595 iure
2285 1533 2672 1614 praelationis
2717 1553 2827 1595 seu
2860 1534 3213 1595 consolida-

594 1640 780 1701 tionis
811 1641 1020 1702 directi
1052 1660 1196 1703 cum
1230 1641 1363 1702 utili
1397 1642 1682 1703 dominio
1714 1659 1818 1702 aut
1852 1640 2245 1702 extinctionis
2279 1641 2472 1701 lineae
2511 1641 2792 1723 inprimis
2822 1641 3209 1702 investiturae

598 1749 1100 1829 comprehensae,
1150 1764 1254 1808 aut
1300 1747 1412 1808 alia
1460 1748 1676 1828 quavis
1724 1768 1907 1809 causa
1941 1749 2256 1808 bonorum
2290 1747 2743 1827 praedictorum
2779 1747 3209 1827 proprietatem

596 1854 711 1915 sibi
761 1853 1069 1916 vindicare
1122 1854 1380 1915 minime
1432 1870 1702 1935 possent,
1750 1855 1859 1916 sed
1911 1855 2349 1916 tantummodo
2403 1854 2496 1914 ius
2542 1854 2752 1914 directi
2798 1853 3063 1916 dominii
3094 1854 3213 1914 illis

598 1978 1050 2042 praeservatum
1085 1978 1274 2034 esset;
1341 1980 1557 2022 verum
1589 1962 1771 2022 etiam
1807 1978 1874 2022 ut
1906 1962 1967 2022 id
2001 1962 2206 2042 ipsum
2242 1961 2452 2042 quoad
2487 1977 2713 2022 ceteras
2745 1980 2964 2022 omnes
2997 1981 3209 2042 perso-

596 2088 706 2129 nas
751 2068 1179 2131 ecclesiasticas
1223 2069 1525 2130 seculares
1570 2085 1629 2130 et
1674 2068 2003 2148 regulares,
2046 2068 2417 2130 Monasteria
2452 2068 2846 2144 Monialium,
2883 2068 3206 2148 hospitalia

595 2191 656 2236 et
685 2175 798 2237 alia
830 2177 965 2237 loca
1000 2176 1095 2257 pia
1129 2177 1193 2238 in
1226 2196 1445 2237 eorum
1478 2175 1803 2256 temporali
1839 2174 2124 2236 dominio
2146 2175 2460 2237 existentia
2481 2175 2859 2236 declaratum
2877 2190 2936 2235 et
2955 2174 3210 2235 firmiter

595 2283 1000 2344 deliberatum
1045 2298 1414 2344 censeretur.
1482 2284 1553 2344 Et
1597 2285 1713 2343 sub
1761 2282 1860 2343 die
1907 2303 1996 2343 ιο.
2026 2283 2270 2344 Januar.
2308 2282 2523 2362 (1603)
2554 2283 2631 2342 ad
2663 2284 2981 2363 superiora
3014 2301 3205 2362 quae-

594 2392 734 2451 dam
770 2390 1024 2451 consilia
1055 2393 1131 2451 ab
1164 2408 1383 2450 eorum
1417 2389 1772 2462 maioribus,
1805 2403 1874 2449 ut
1907 2391 2276 2466 asserebant,
2312 2389 2511 2449 habita
2536 2389 2945 2470 respicientes,
2980 2389 3206 2467 quibus

593 2500 935 2566 cavebatur,
973 2518 1051 2558 ne
1083 2496 1416 2577 quisquam
1447 2496 1570 2557 sive
1602 2496 1893 2558 secularis
1923 2496 2049 2557 sive
2084 2496 2527 2557 ecclesiasticus
2546 2495 2612 2556 in
2634 2498 2785 2557 urbe
2806 2495 3203 2556 venetiarum

594 2605 905 2682 Ecclesias,
955 2604 1343 2682 Monasteria,
1390 2603 1751 2684 Hospitalis,
1800 2622 1986 2684 atque
2037 2603 2183 2664 alias
2229 2602 2545 2683 religiosas
2590 2603 2815 2664 domos
2848 2618 2907 2662 et
2940 2601 3037 2683 pia
3068 2602 3203 2664 loca

589 2713 718 2773 sine
771 2730 991 2773 eorum
1038 2713 1286 2793 speciali
1335 2713 1573 2774 licentia
1625 2712 1908 2773 fundaret
1955 2726 2012 2772 et
2060 2712 2333 2790 erigeret,
2386 2711 2450 2772 in
2497 2710 2780 2773 Consilio
2818 2712 3200 2790 Rogatorum

588 2835 994 2899 congregatos
1027 2819 1249 2880 iterum
1281 2820 1638 2897 decrevisse,
1676 2835 1744 2880 ut
1774 2820 1834 2880 id
1870 2820 2092 2880 eadem
2119 2818 2184 2880 in
2206 2819 2502 2880 omnibus
2524 2817 2962 2879 iurisdictionis
2982 2836 3203 2878 eorum

589 2927 739 2987 locis
786 2925 911 2986 vim
956 2926 1271 3003 obtineret,
1318 2942 1377 2987 et
1410 2943 1716 3007 praeterea
1749 2926 1908 2986 exilii
1942 2946 2012 2986 ac
2045 2926 2323 3007 perpetui
2359 2925 2633 3003 carceris,
2678 2941 2738 2986 et
2769 2923 3203 3006 publicationis

589 3032 789 3110 fundi,
836 3033 1335 3113 venditionisque
1378 3032 1638 3094 aedificii
1671 3048 1885 3094 contra
1916 3052 2094 3093 secus
2128 3031 2416 3094 facientes
2449 3052 2721 3113 poenam
2753 3031 3027 3094 edixisse.
3092 3030 3201 3092 Ul-

588 3140 773 3200 terius
805 3140 1060 3200 eosdem
1093 3140 1334 3201 Ducem
1368 3155 1426 3201 et
1458 3140 1758 3201 Senatum
1792 3139 1890 3200 die
1929 3141 2027 3200 26.
2067 3139 2268 3201 Martii
2300 3160 2352 3200 a.
2402 3140 2584 3219 1605.
2616 3139 3002 3199 inhaerentes
3035 3136 3201 3198 alteri

589 3248 835 3307 decreto
882 3268 936 3307 a.
983 3249 1162 3327 1536.
1195 3250 1270 3307 ab
1317 3248 1536 3308 eodem
1573 3248 1806 3307 Senatu
1839 3245 2017 3312 factu.
2073 3246 2135 3307 in
2168 3265 2298 3327 quo
2330 3262 2455 3308 erat
2487 3265 2768 3327 expresse
2804 3245 3203 3326 prohibitum.

588 3374 666 3414 ne
700 3353 839 3433 quis
869 3356 985 3414 sub
1018 3354 1193 3415 certis
1225 3353 1290 3414 in
1321 3354 1429 3415 illo
1461 3353 1765 3414 contentis
1800 3353 2021 3434 poenis
2056 3353 2117 3413 iu
2154 3356 2305 3414 urbe
2341 3353 2742 3415 venetiarum
2777 3353 3035 3432 eiusque
3061 3352 3201 3412 Du·-

586 3477 724 3522 catu
770 3463 934 3523 bona
983 3460 1323 3522 immobilia
1372 3461 1447 3522 ad
1495 3460 1623 3540 pias
1668 3480 1881 3521 causas
1926 3475 2296 3521 testamento
2328 3480 2437 3521 seu
2472 3460 2810 3522 donatione
2843 3460 3000 3520 inter
3033 3458 3202 3519 vivos

586 3569 979 3650 relinqueret,
1027 3586 1131 3630 aut
1163 3568 1467 3648 aliquovis
1499 3568 1679 3629 titulo
1712 3567 2020 3646 alienaret,
2056 3568 2183 3629 sive
2214 3569 2290 3628 ad
2324 3587 2535 3628 earum
2572 3567 2847 3629 favorem
2883 3567 3037 3628 ultra
3072 3586 3200 3627 cer-

584 3692 720 3738 tum
764 3692 912 3737 tunc
959 3694 1316 3757 expressum
1365 3691 1612 3755 tempus
1645 3674 1963 3754 obligaret,
2006 3694 2136 3736 non
2170 3675 2364 3736 modo
2402 3674 2627 3734 iterum
2661 3674 2923 3734 vetuisse
2957 3674 3063 3733 sed
3098 3694 3201 3733 ex‘

586 3804 788 3866 presse
835 3784 1019 3844 etiam
1066 3781 1473 3863 prohibuisse,
1524 3801 1601 3841 ne
1649 3783 1964 3842 bonorum
2011 3781 2320 3842 eiusmodi
2353 3779 2771 3841 immobilium
2804 3779 3199 3840 alienationes

583 3891 644 3952 in
698 3892 969 3952 favorem
1023 3908 1430 3970 personarum
1482 3889 1694 3949 eccles.
1744 3888 1876 3949 sine
1925 3889 2189 3950 Senatus
2236 3888 2529 3969 praedicti
2576 3886 2816 3948 licentia
2864 3886 3098 3961 fierent,
3132 3904 3199 3945 ac

583 3998 837 4077 insuper
882 3997 1195 4056 decretum
1245 3995 1452 4076 ipsum
1501 4011 1559 4055 et
1608 4015 1840 4076 poenas
1881 3995 1942 4056 in
1976 4013 2052 4055 eo
2086 4010 2405 4056 contentas
2440 4014 2551 4076 per
2585 3994 2944 4056 universum
2977 4012 3195 4055 eorum

584 4104 932 4164 dominium
965 4102 1328 4180 extendisse,
1363 4118 1422 4163 et
1455 4122 1562 4183 per
1595 4118 1858 4163 rectores
1891 4120 1947 4163 et
1981 4117 2310 4184 potestates
2330 4102 2664 4164 Civitatum
2700 4117 2758 4162 et
2790 4101 3075 4162 locorum
3105 4099 3198 4161 sui

479 4236 524 4278 55
584 4210 842 4270 dominii
879 4208 1261 4290 promulgari
1294 4207 1526 4287 fecisse,
1561 4224 1743 4288 atque
1778 4211 1943 4270 bona
1977 4209 2321 4270 immobilia
2343 4210 2577 4284 omnia,
2613 4228 2771 4288 quae
2792 4222 3003 4268 contra
3024 4227 3197 4288 prae-

585 4317 918 4378 missorum
968 4316 1234 4377 formam
1267 4315 1452 4376 vendi
1486 4332 1590 4377 aut
1622 4315 1846 4395 quovis
1879 4316 2070 4375 modo
2103 4315 2349 4376 alienari
2383 4316 2785 4394 contingeret,
2822 4316 2977 4374 ultra
3013 4314 3199 4376 nulli·

582 4424 716 4484 tatis
767 4443 1039 4505 poenam
1090 4423 1387 4505 publicari
1440 4440 1496 4483 et
1547 4422 1749 4499 vendi,
1802 4441 2150 4502 eorumque
2198 4422 2466 4503 pretium
2518 4422 2673 4482 inter
2726 4421 3196 4501 Rempublicam

579 4531 791 4612 ipsam,
830 4531 1252 4611 Magistratum
1287 4546 1716 4610 exequentem,
1753 4545 1811 4590 et
1844 4530 1978 4590 eius
2001 4529 2318 4591 Ministros
2340 4529 2675 4610 ipsumque
2698 4528 3193 4589 denuntiatorem

580 4640 764 4701 dividi
814 4642 1151 4702 mandasse.
1217 4646 1306 4701 Ac
1354 4656 1658 4720 praeterea
1709 4639 1958 4699 eosdem
1998 4639 2237 4699 Ducem
2277 4652 2334 4697 et
2367 4634 2663 4697 Senatum
2697 4634 3054 4716 Scipionem
3088 4633 3195 4694 Sa-

578 4766 873 4809 racenum
921 4748 1318 4810 Canonicum
1370 4745 1765 4806 Vicentinum
1829 4760 1888 4806 et
1949 4745 2393 4805 Brandolinum
2444 4743 2949 4804 Valdemarinum
3000 4741 3195 4803 Foro-

579 4854 905 4931 iuliensem
939 4859 1236 4917 Abbatem
1276 4852 1633 4916 Monasterii
1667 4873 1776 4913 seu
1801 4852 2096 4914 Abbatiae
2131 4852 2207 4912 de
2236 4852 2510 4912 Nervesa
2533 4850 2845 4911 Tarvisiae
2874 4848 3197 4913 DioecesiS.

579 4981 907 5043 personam
961 4963 1022 5022 in
1075 4963 1367 5042 dignitate
1413 4961 1621 5022 eccleS.
1656 4960 2056 5021 constitutam
2106 4962 2188 5020 ob
2237 4958 2542 5039 quaedam
2593 4972 2907 5038 praetensa
2942 4955 3196 5016 crimina
