3684 5416
535 1678 583 1708 to

533 2213 577 2256 ι5

524 2749 578 2780 20

525 3282 574 3325 25

521 4350 570 4394 35

642 408 745 461 3¹0
1268 392 1533 448 Potestas
1572 390 1953 449 ecclesiastica
1992 404 2048 447 et
2086 389 2389 462 Imperium
2429 389 2603 445 civile.

737 655 766 714 S
806 645 899 707 VI.
966 645 1228 708 Errores
1262 648 1336 708 de
1367 655 1652 709 soczetate
1682 649 1862 710 civili
1888 654 2013 708 tum
2049 651 2113 708 in
2150 669 2235 721 se,
2270 655 2396 709 tum
2432 651 2495 709 in
2531 652 2662 710 sue's
2696 649 2780 710 ad
2811 648 3149 711 Ecclesiam

1582 754 1988 845 relafionibus
2020 760 2312 836 spectata.

794 902 797 905 ’
849 896 1125 958 XXXIX.
1195 894 1588 976 Reipublicae
1633 911 1844 973 status,
1898 911 2112 976 utpote
2161 894 2455 960 omnium
2500 894 2731 974 jurium
2778 896 2957 975 origo
3005 913 3063 957 et
3093 896 3252 972 fons,

637 1002 768 1080 jure
815 1002 1093 1083 quodam
1140 1002 1328 1083 pollet
1360 1000 1545 1063 nullis
1577 1003 2041 1084 circumscripto
2074 1002 2389 1064 limitibus
2468 1003 2664 1066 Alloc,
2698 1004 2965 1065 Maxima
2999 1004 3251 1084 quidem

638 1130 696 1188 9.
733 1108 883 1185 junii
929 1111 1110 1172 1862.

848 1217 974 1278 XL.
1037 1217 1390 1279 Catholicae
1423 1217 1725 1281 Ecclesiae
1771 1219 2049 1280 doctrina
2095 1219 2405 1281 humanae
2439 1219 2740 1281 societatis
2774 1219 2947 1279 bono
2980 1233 3038 1281 et
3071 1236 3242 1278 com-

639 1324 840 1389 modis
872 1324 1239 1387 adversatur.
1304 1324 1490 1405 Epist.
1526 1325 1759 1407 encycl.
1823 1324 1954 1401 Qui
1987 1325 2269 1406 pluribus
2305 1346 2364 1403 9.
2403 1325 2757 1387 novembris
2802 1326 2984 1403 1846.
3053 1324 3247 1385 Alloc.

638 1430 886 1505 Quibus
918 1430 1290 1511 quantisque
1334 1450 1424 1492 10.
1456 1431 1658 1512 aprilis
1703 1434 1881 1511 ¹849·

849 1538 1002 1599 XLI.
1065 1537 1244 1599 Civili
1294 1538 1575 1619 potestati
1609 1538 1704 1599 vel
1738 1540 1813 1599 ab
1847 1538 2081 1600 infideli
2113 1539 2448 1619 imperante
2482 1538 2776 1600 exercitae
2811 1538 3105 1619 competit
3140 1558 3248 1619 po-

636 1659 816 1705 testas
849 1644 1142 1705 indirecta
1175 1646 1455 1727 negativa
1491 1645 1552 1707 in
1584 1666 1782 1706 sacra:
1820 1646 2024 1707 eidem
2058 1646 2317 1727 proinde
2352 1646 2645 1727 competit
2678 1646 2914 1707 nedum
2950 1644 3044 1723 jus
3077 1645 3251 1725 quod

640 1766 862 1811 vocant
900 1766 1258 1831 exequatur,
1307 1753 1413 1811 sed
1449 1751 1630 1812 etiam
1669 1751 1762 1827 jus
1794 1751 2241 1833 appellationis,
2289 1772 2479 1832 quam
2514 1767 2894 1833 nuncupant,
2926 1753 3001 1812 ab
3035 1754 3251 1812 abusu.

642 1860 775 1921 Litt.
809 1865 1025 1940 Apost.
1063 1857 1159 1919 Ad
1194 1858 1562 1939 apostolicae
1600 1879 1697 1922 22.
1732 1859 1976 1940 augusti
2022 1861 2203 1939 1851.

849 1966 1025 2027 XLII.
1058 1966 1126 2026 ln
1158 1966 1449 2027 conflictu
1484 1968 1695 2045 legum
1733 1966 2053 2047 utriusque
2088 1967 2400 2048 potestatis
2436 1966 2530 2043 jus
2563 1966 2734 2027 civile
2758 1966 3079 2048 praevalet.
3116 1967 3248 2027 Litt.

637 2075 736 2134 Ad
771 2080 985 2154 Apost.
1021 2073 1388 2153 apostolicae
1434 2094 1524 2134 12.
1559 2073 1802 2154 augusti
1849 2076 2029 2153 1851.

850 2178 1053 2240 XLIII.
1116 2178 1294 2239 Laica
1347 2194 1613 2261 potestas
1659 2180 2081 2241 auctoritatem
2132 2181 2311 2243 habet
2359 2179 2767 2255 rescindendi,
2799 2180 3148 2240 declarandi
3182 2199 3248 2239 ac

637 2285 900 2347 faciendi
933 2285 1125 2346 irritas
1157 2284 1470 2346 solemnes
1502 2286 1947 2348 conventiones
1981 2285 2190 2364 (vulgo
2211 2285 2622 2364 Concordata)
2657 2306 2843 2367 super
2879 2307 2992 2348 usu
3018 2285 3244 2362 jurium

634 2395 710 2458 ad
758 2392 1221 2454 ecclesiasticam
1270 2393 1724 2453 immunitatem
1771 2393 2209 2474 pertinentium
2257 2412 2400 2454 cum
2449 2393 2605 2459 Sede
2648 2393 3001 2475 Apostolica
3050 2392 3245 2467 Initas,

634 2500 764 2565 sine
799 2501 985 2561 huius
1018 2519 1348 2577 consensu,
1381 2499 1576 2561 immo
1610 2515 1670 2560 et
1701 2519 1769 2560 ea
1805 2500 2189 2562 reclamante.
2252 2501 2450 2561 Alloc.
2500 2500 2567 2561 In
2603 2499 3002 2560 consistoriali
3047 2520 3093 2559 1.
3132 2519 3245 2558 no-

637 2609 901 2669 vembris
946 2610 1125 2688 1850.
1188 2606 1384 2668 Anoc.
1422 2606 1632 2668 Multis
1663 2608 2077 2688 gravibusque
2122 2628 2213 2673 17.
2250 2607 2592 2668 decembris
2637 2608 2817 2669 1860.

849 2716 1056 2782 XLIV.
1094 2717 1304 2782 Civilis
1337 2718 1661 2778 auctoritas
1696 2732 1896 2797 potest
1927 2736 1990 2777 se
2012 2717 2355 2782 immiscere
2376 2719 2558 2777 rebus
2578 2736 2737 2798 quae
2758 2716 2832 2776 ad
2857 2715 3244 2794 religionem,

635 2841 840 2884 mores
874 2838 931 2883 et
962 2823 1238 2904 regimen
1272 2824 1579 2907 spirituale
1615 2825 1939 2906 pertinent.
2004 2824 2169 2884 Hinc
2203 2841 2402 2906 potest
2436 2825 2510 2884 de
2544 2822 3051 2884 instructionibus
3086 2819 3248 2898 judi-

636 2948 790 3006 care,
841 2950 995 3009 quas
1029 2930 1332 2994 Ecclesiae
1379 2948 1652 3012 pastores
1697 2931 1772 2992 ad
1821 2931 2337 2991 conscientiarum
2371 2950 2657 2992 normam
2692 2949 2803 3010 pro
2836 2949 2954 2991 suo
2989 2947 3245 2989 munere

634 3037 843 3113 edunt,
891 3037 1045 3116 quin
1092 3037 1272 3097 etiam
1321 3053 1517 3118 potest
1562 3038 1637 3099 de
1686 3038 2042 3099 divinorum
2074 3052 2600 3099 sacramentorum
2632 3036 3154 3097 administratione
3189 3050 3246 3095 et

633 3146 1144 3227 dispositionibus
1186 3148 1264 3206 ad
1296 3166 1363 3206 ea
1398 3146 1783 3227 suscipienda
1817 3147 2172 3207 necessariis
2206 3147 2547 3207 decernere.
2612 3145 2807 3205 Alloc.
2842 3143 2910 3203 ln
2944 3143 3244 3204 consisto-

634 3252 761 3313 riali
808 3274 854 3313 1.
890 3254 1243 3314 novembris
1290 3255 1469 3332 1850.
1536 3254 1730 3315 Alloc.
1765 3253 2033 3314 Maxima
2068 3253 2326 3334 quidem
2364 3274 2420 3331 9.
2453 3251 2619 3313 Junii
2664 3252 2847 3311 1862.

845 3360 1029 3422 XLV.
1091 3361 1327 3421 Totum
1381 3361 1736 3422 scholarum
1787 3360 2176 3442 publicarum
2228 3359 2524 3438 regimen,
2580 3359 2643 3419 in
2690 3357 2917 3438 quibus
2960 3355 3243 3433 juventus

632 3468 992 3530 christianae
1026 3467 1282 3543 alicujus
1317 3467 1713 3548 Reipublicae
1747 3467 2097 3542 instituitur,
2148 3466 2600 3548 episcopalibus
2633 3465 2945 3526 dumtaxat
2977 3463 3240 3523 semina·

631 3575 734 3635 riis
783 3575 990 3654 aliqua
1038 3575 1272 3636 ratione
1319 3575 1606 3656 exceptis,
1655 3592 1852 3656 potest
1899 3595 1967 3636 ac
2000 3576 2180 3636 debet
2213 3573 2457 3635 attribui
2494 3572 2834 3634 auctoritati
2867 3571 3042 3649 civili,
3076 3587 3131 3630 et
3164 3570 3243 3629 ita

631 3683 884 3762 quidem
938 3682 1202 3752 attribui,
1258 3698 1324 3742 ut
1375 3683 1618 3744 nullum
1669 3682 1767 3742 alii
1811 3682 2187 3761 cuicumque
2239 3680 2580 3742 auctoritati
2627 3694 3103 3761 recognoscatur
3150 3677 3242 3753 jus

631 3788 1019 3850 immiscendi
1068 3809 1131 3849 se
1182 3790 1245 3849 in
1292 3789 1605 3871 disciplina
1638 3790 2015 3864 scholarum,
2049 3789 2109 3849 in
2144 3789 2443 3868 regimine
2477 3788 2850 3867 studiorum,
2886 3787 2948 3847 in
2980 3786 3242 3865 gradum

627 3896 974 3972 collatione,
1010 3896 1071 3956 in
1108 3896 1334 3956 dilectu
1369 3912 1473 3956 aut
1505 3895 1954 3976 approbatione
1989 3895 2446 3972 magistrorum.
2498 3895 2691 3955 Alloc.
2738 3895 2803 3955 In
2837 3892 3238 3954 consistoriali

640 4024 684 4064 1.
719 4003 1072 4063 novembris
1117 4003 1297 4081 1850.
1365 4003 1556 4065 Alloc.
1621 4002 1871 4077 Quibus
1902 4002 2378 4064 luctuosissimis
2420 4025 2469 4082 5.
2505 4002 2866 4084 septembris
2911 4003 3093 4081 1851.

841 4109 1050 4169 XLVI.
1101 4109 1299 4170 Immo
1322 4109 1384 4171 in
1406 4111 1550 4191 ipsis
1571 4108 1936 4171 clericorum
1958 4110 2302 4172 seminariis
2334 4110 2668 4172 methodus
2697 4108 3047 4169 studiorum
3066 4106 3237 4168 adhi—

628 4216 824 4276 benda
858 4215 1013 4276 civili
1048 4216 1390 4278 auctoritati
1421 4217 1756 4280 subiicitur.
1792 4218 1987 4279 Alloc.
2010 4220 2351 4298 Nunquam
2389 4217 2517 4279 fore
2564 4238 2654 4297 ¹5·
2676 4216 3015 4277 decembris
3061 4215 3240 4293 1856.

842 4323 1078 4384 XLVII.
1146 4324 1419 4385 Postulat
1461 4326 1696 4405 optima
1744 4326 1938 4386 civilis
1968 4327 2271 4387 societatis
2304 4325 2477 4402 rati0,
2515 4341 2581 4386 ut
2613 4325 2942 4405 populares
2974 4321 3236 4397 scholae,

627 4450 786 4512 quae
819 4445 1021 4511 patent
1054 4428 1348 4491 omnibus
1381 4429 1683 4510 cujusque
1718 4452 1748 4491 e
1784 4433 2019 4514 populo
2052 4433 2256 4493 classis
2287 4432 2513 4514 pueris,
2548 4452 2617 4492 ac
2640 4431 2882 4512 publica
2905 4429 3237 4491 universim

627 4536 918 4614 Instituta,
951 4556 1110 4616 quae
1143 4536 1353 4598 litteris
1384 4537 1921 4619 severioribusque
1956 4538 2292 4620 disciplinis
2324 4539 2638 4600 tradendis
2671 4554 2729 4600 et
2762 4535 3109 4599 educationi
3147 4535 3239 4608 ju-

625 4642 892 4706 ventutis
926 4646 1236 4706 curandae
1269 4660 1413 4706 sunt
1445 4645 1759 4724 destinata,
1796 4646 2227 4707 examinantur
2247 4648 2322 4707 ab
2343 4646 2516 4707 omni
2539 4645 2841 4706 Ecclesiae
2862 4644 3238 4716 auctoritate,

626 4751 1024 4814 moderatrice
1059 4751 1119 4813 vi
1151 4768 1206 4813 et
1239 4751 1596 4830 ingerentia,
1633 4753 1944 4834 plenoque
1978 4753 2170 4814 civilis
2202 4773 2272 4813 ac
2290 4753 2569 4835 politicae
2591 4753 2967 4814 auctoritatis
2990 4751 3238 4813 arbitrio

624 4861 1028 4920 subiiciuntur
1070 4861 1147 4921 ad
1192 4858 1632 4941 imperantium
1677 4859 1892 4941 placita
1940 4876 1995 4921 et
2028 4860 2103 4921 ad
2152 4860 2588 4922 communium
2629 4860 2834 4921 aetatis
2867 4859 3239 4940 opinionum

627 4968 939 5027 amussim.
1011 4967 1192 5047 Epist.
1224 4967 1299 5028 ad
1335 4966 1619 5046 Archiep.
1656 4965 1935 5046 Friburg.
2000 4967 2217 5041 Quum
2254 4987 2383 5028 non
2416 4968 2547 5028 sine
2592 4987 2683 5046 14
2718 4965 2847 5044 julii
2892 4968 3072 5045 1864.
