3684 5416
325 1437 383 1467 ¹0

320 1972 378 2013 ¹5

316 2506 385 2538 20

320 3042 386 3085 25

325 3576 396 3620 30

328 4112 396 4158 ⁴35

1399 366 1653 421 Ecclesia
1680 366 2091 439 antiquissima.
2593 369 2611 383 ‘
2985 378 3052 440 37

425 546 588 616 prien
613 547 672 597 et
689 560 787 597 son
814 548 1001 616 temps.
1054 543 1214 600 Paris
1248 563 1398 616 ¹90²·
1462 546 1609 601 Har
1626 563 1661 600 11
1679 563 1711 599 3
1729 545 1841 613 ck,
1883 546 2055 601 Altch.
2081 547 2180 604 Lit.
2208 547 2245 601 1.
2275 563 2328 617 p.
2357 545 2656 618 697-701·
2728 546 2775 600 B
2794 545 2965 600 arde
2982 562 3050 599 n-

437 622 715 694 hewer,
753 624 788 693 ἓ
827 641 915 693 41.
981 624 1275 695 Peters,
1315 628 1418 679 Die
1443 627 1617 683 Lehre
1658 629 1755 680 des
1792 627 1872 681 hl.
1900 618 2134 698 Cypriam
2173 644 2271 681 von
2310 628 2412 680 der
2449 627 2660 681 Einheit
2693 627 2794 682 der
2833 627 3048 682 Kirche.

438 702 813 775 Luxemburg
849 702 996 776 1870.
1052 701 1288 759 Reink
1307 718 1339 760 e
1357 723 1470 775 113,
1509 707 1674 761 Idem.
1714 702 2050 777 Wurzburg
2098 706 2245 779 1873.
2310 706 2472 761 Rits
2491 704 2636 777 chl,
2677 702 2913 780 Cyprian
2952 723 3050 762 von

440 784 736 854 Karthago
758 786 876 838 und
895 786 981 838 die
1015 786 1362 856 Verfassung
1385 787 1487 843 der
1512 787 1742 842 Kirche.
1775 784 2092 858 Gottingen
2129 787 2223 842 188
2230 806 2276 859 5.
2337 787 2388 843 G
2406 804 2443 844 o
2461 800 2601 858 etz,
2628 790 2747 843 Das
2774 784 3051 845 Chris-ten·

439 865 592 918 thum
620 865 901 938 Cyprians.
955 866 1194 922 Giessen
1233 866 1382 939 1896.
1434 866 1782 938 Melardi‚
1822 870 1878 923 S.
1908 869 2183 940 cipriano.
2224 869 2481 924 Potenza
2518 887 2665 943 ¹90¹·
2731 869 3053 937 Ritschl‚

437 947 523 999 De
548 947 803 1018 Epsstulss
829 948 1180 1020 cypriana-1²5.
1233 948 1395 1004 Halle
1446 949 1541 1003 188
1546 966 1594 1020 5.
1658 948 1699 1006 S
1720 967 1757 1003 o
1776 948 1810 1002 d
1830 965 1862 1003 e
1880 965 1916 1003 11
1927 988 1948 1017 ,
1989 952 2096 1004 Die
2122 950 2513 1021 Cyprtbnt'sche
2537 951 3017 1022 Briefsammlung
3030 972 3055 1016 ,-

438 1025 768 1080 Geschichte
790 1027 946 1083 ihrer
970 1028 1309 1100 Entstehung
1334 1030 1452 1082 und
1479 1028 1930 1100 Ueberlieferung
1957 1028 2036 1099 (in
2074 1028 2227 1083 Texte
2253 1048 2305 1083 u.
2341 1026 2552 1089 Unters.
2581 1024 2650 1084 N.
2677 1024 2876 1101 Folge‚
2902 1022 2970 1085 X.
3000 1032 3053 1104 3)

440 1105 674 1178 Leipzig
709 1122 859 1179 ¹904-

1202 1259 1281 1333 a)
1345 1254 1453 1319 De
1498 1258 1812 1319 unitate
1863 1256 2293 1321 Ecclesiae.

651 1426 704 1468 c.
739 1427 800 1487 4.
850 1409 1130 1489 loquitur
1162 1409 1479 1473 Dominus
1510 1410 1587 1471 ad
1619 1411 1873 1472 Petrum
1905 1408 2119 1490 [Math.
2163 1412 2256 1473 16.
2301 1412 2393 1473 18.
2424 1409 2569 1492 sq.]:
2602 1431 2713 1493 ego
2745 1413 2865 1474 tibi
2892 1414 3056 1488 dica,

441 1516 663 1597 inquit,
709 1520 856 1598 quia
888 1524 952 1578 tn
979 1538 1043 1579 es
1073 1518 1293 1579 Petrus
1325 1525 1386 1579 et
1414 1527 1597 1600 snper
1629 1521 1812 1580 islam
1833 1526 2081 1602 petram
2115 1520 2456 1600 aedeficabo
2487 1519 2807 1582 ecclesiam
2840 1536 3054 1594 meam,

438 1632 499 1685 et
532 1631 753 1705 portae
798 1624 1136 1697 inferorum
1170 1644 1290 1684 non
1324 1626 1574 1685 uincent
1608 1645 1757 1685 eam.
1812 1624 1972 1685 dabo
2005 1625 2127 1686 tibi
2152 1626 2357 1687 claues
2389 1629 2572 1707 regni
2597 1626 2905 1688 caelorum
2925 1649 2951 1687 .·
2999 1634 3060 1687 et

439 1752 595 1812 quae
624 1730 929 1810 ligraueris
960 1740 1142 1811 super
1173 1737 1401 1791 terram
1435 1737 1618 1792 erunt
1644 1730 1844 1811 ligata
1875 1738 1937 1791 et
1968 1734 2033 1792 in
2067 1732 2282 1807 caelis,
2311 1739 2372 1793 et
2386 1752 2776 1815 quaecunque
2793 1734 3055 1795 solaeris

440 1847 623 1919 super
667 1844 894 1899 terram
941 1846 1125 1900 erunt
1163 1839 1365 1900 soluta
1405 1845 1467 1899 et
1494 1841 1559 1900 in
1591 1839 1797 1900 caelis.
1857 1859 2049 1921 super
2078 1860 2282 1902 unum
2314 1840 2593 1902 aedificat
2623 1841 2963 1919 ecclesiam,
2997 1856 3056 1903 et

441 1947 734 2027 quamuis
777 1948 1073 2027 apostolis
1120 1947 1417 2009 omnibus
1464 1964 1604 2029 post
1649 1949 2162 2010 resurrectionem
2209 1966 2388 2011 suam
2435 1966 2644 2030 parem
2691 1962 3053 2031 potestatem

441 2054 667 2115 tribuat
712 2071 769 2116 et
814 2053 1001 2115 dicat:
1053 2056 1216 2116 sicut
1259 2056 1434 2115 misit
1475 2075 1569 2115 me
1618 2061 1810 2135 pater
1852 2062 1912 2115 et
1939 2074 2048 2133 ego
2079 2056 2253 2115 mitto
2284 2075 2411 2116 uos·
2459 2056 2722 2135 accipite
2751 2054 3055 2138 Spiritum

439 2169 717 2223 sanctum
735 2185 759 2222 .·
789 2164 853 2223 si
879 2164 1057 2223 cuius
1089 2164 1457 2223 remiseritis
1478 2168 1760 2243 peccata,
1794 2163 2190 2222 remittentur
2221 2161 2327 2222 illi
2335 2184 2368 2235 ,·
2413 2164 2476 2222 si
2503 2163 2678 2222 cuius
2713 2165 3057 2236 tenueritis,

441 2269 823 2342 tenebuntur,
870 2284 1076 2331 tamen
1124 2285 1190 2330 ut
1231 2269 1531 2331 unitatem
1564 2268 1998 2345 manifestaret,
2048 2268 2298 2329 unitatis
2328 2268 2611 2329 eiusdem
2642 2267 2951 2347 originem
2982 2270 3058 2329 ab

443 2396 577 2438 uno
598 2375 997 2456 incipientem
1020 2396 1132 2437 sua
1164 2377 1521 2439 auctoritate
1556 2376 1882 2458 disposuit.
1919 2377 2068 2436 hoc
2100 2395 2132 2435 e
2153 2394 2229 2435 ra
2250 2391 2330 2436 nt
2363 2373 2649 2455 utique
2692 2391 2764 2435 et
2809 2375 3054 2436 ceteri

443 2482 799 2564 apostoli
846 2483 1059 2563 quod
1108 2483 1263 2545 fuit
1294 2485 1604 2562 Petrus,
1642 2485 1809 2566 pari
1856 2483 2277 2546 consortio
2325 2483 2674 2564 praediti
2707 2500 2778 2545 et
2811 2484 3060 2547 hono·-

442 2590 553 2652 ris
586 2605 657 2652 et
691 2591 1154 2672 potestatis,
1202 2591 1336 2651 sed
1381 2592 1806 2653 exordium
1839 2593 1929 2654 ab
1976 2591 2287 2653 unitate
2335 2590 2943 2675 proficiscitur,
2978 2608 3060 2653 ut

444 2697 791 2760 ecclesia
824 2697 1130 2761 Christi
1168 2718 1321 2760 11113
1369 2713 1892 2761 monstretur.
1957 2719 2149 2780 0113111
2202 2718 2392 2761 11113111
2426 2699 2744 2761 ecclesiam
2778 2699 2960 2761 etiam
2995 2699 3059 2761 in

444 2804 681 2866 cantico
728 2804 1110 2865 canticorum
1143 2802 1406 2886 Spiritus
1451 2817 1698 2866 sanctus
1745 2824 1817 2865 ex
1864 2822 2126 2886 persona
2161 2803 2418 2868 Domini
2465 2806 2743 2887 designat
2790 2822 2849 2867 et
2881 2806 3057 2868 dicit:

445 2932 568 2973 una
586 2919 681 2973 est
696 2911 973 2972 columba
992 2932 1147 2986 mea,
1166 2914 1447 2993 perfecta
1479 2929 1634 2987 mea,
1667 2933 1789 2972 una
1820 2918 1916 2973 est
1944 2915 2138 2974 matri
2152 2929 2323 2987 suae,
2345 2914 2533 2974 electa
2556 2914 2866 2994 genitrici
2891 2934 3056 2975 suae.

444 3022 605 3082 banc
637 3019 924 3081 ecclesiae
958 3019 1256 3082 unitatem
1291 3018 1401 3100 qui
1433 3038 1567 3080 non
1597 3035 1763 3081 tenet
1793 3035 2003 3083 tenere
2035 3041 2099 3081 se
2133 3020 2321 3082 fidem
2357 3021 2585 3084 credit?
2617 3020 2727 3102 0111
2772 3020 3060 3082 ecclesiae

446 3127 730 3188 renititur
775 3141 835 3186 et
867 3123 1088 3187 resistit
1122 3126 1186 3187 in
1220 3125 1472 3187 ecclesia
1505 3146 1569 3188 se
1604 3145 1735 3186 esse
1768 3124 2066 3188 confidit?
2118 3128 2374 3207 quando
2407 3144 2465 3189 et
2497 3129 2711 3190 beatus
2741 3128 3063 3209 apostolus

447 3233 676 3296 Paulus
720 3234 842 3295 hoc
887 3231 1054 3294 idem
1101 3232 1318 3293 doceat
1363 3247 1420 3292 et
1465 3246 1922 3292 sacramentum
1972 3231 2222 3293 unitatis
2269 3233 2552 3294 ostendat
2585 3233 2829 3296 dicens:
2877 3252 3059 3296 unum

446 3350 666 3423 corpus
710 3346 772 3401 et
813 3360 969 3401 unus
1012 3341 1299 3422 spz‘rituS,
1344 3360 1468 3399 una
1516 3348 1652 3420 spes
1699 3341 2042 3400 uacationis
2075 3346 2338 3414 uestrae,
2383 3361 2540 3401 unus
2586 3340 2892 3416 dominun,
2940 3362 3064 3403 una

425 3448 628 3530 fideS,
675 3467 860 3508 unum
892 3446 1219 3529 baptisma,
1252 3465 1409 3506 unus
1440 3444 1631 3506 DeuS.
1707 3443 1880 3526 [Eph.
1915 3465 1976 3525 4.
2011 3465 2055 3525 4
2086 3444 2200 3526 sq.]

662 3574 712 3616 c.
754 3571 809 3635 3.
858 3553 1072 3630 Quam
1118 3553 1416 3615 unitatem
1456 3567 1663 3613 tenere
1699 3550 1954 3614 firmiter
1984 3567 2044 3614 et
2076 3551 2390 3614 uindicare
2424 3552 2744 3633 debemuS,
2795 3553 3061 3616 maxime

451 3661 725 3745 episcopi
759 3661 869 3741 qui
903 3660 968 3721 in
1002 3660 1252 3721 ecclesia
1287 3659 1732 3742 praesidemus,
1769 3676 1835 3721 ut
1869 3659 2296 3740 episcopatum
2328 3679 2585 3740 quoque
2620 3660 2828 3740 ipsum
2860 3680 3060 3722 unum

452 3784 636 3849 atque
687 3767 1031 3829 indiuisum
1099 3769 1457 3849 probemus.
1539 3784 1728 3827 nemo
1779 3764 2210 3827 fraternitatem
2258 3765 2584 3828 mendacio
2635 3767 2813 3846 fallat,
2875 3787 3065 3829 nemo

453 3875 639 3936 fidem
687 3874 958 3935 ueritatis
1004 3873 1239 3955 perfida
1272 3873 1797 3955 praeuaricatione
1832 3888 2218 3953 corrumpat.
2292 3873 2816 3956 episcopatus
2861 3894 3065 3937 unus

453 3998 599 4057 est,
649 3982 829 4043 cuius
877 4001 910 4042 a
961 3979 1220 4059 singulis
1270 3979 1337 4040 in
1380 3979 1657 4041 solidum
1701 3998 1839 4061 pars
1887 3994 2146 4040 tenetur.
2212 3980 2464 4042 ecclesia
2511 4000 2636 4042 una
2689 3997 2778 4043 est
2809 3982 3064 4061 quaein

454 4088 915 4150 multitudinem
947 4087 1127 4148 latius
1159 4086 1544 4148 incremento
1568 4085 1956 4147 fecunditatis
1978 4087 2345 4164 extenditur,
2367 4088 2697 4167 quomodo
2717 4087 2866 4150 solis
2886 4089 3064 4149 multi

453 4194 605 4257 radii
638 4195 748 4256 sed
780 4194 996 4255 lumen
1032 4212 1255 4270 unum,
1291 4210 1349 4253 et
1381 4193 1535 4253 rami
1567 4193 1802 4254 arboris
1834 4192 2013 4253 multi
2048 4193 2154 4253 sed
2191 4195 2383 4255 robur
2415 4214 2618 4255 unum
2649 4195 2843 4256 tenaci
2867 4194 3066 4256 radice

456 4302 808 4375 fundatum,
840 4317 900 4363 et
930 4319 1078 4362 cum
1110 4300 1186 4362 de
1220 4299 1389 4362 fonte
1423 4318 1554 4361 uno
1588 4299 1704 4361 riui
1740 4299 1991 4381 plurimi
2024 4299 2329 4378 defluunt,
2363 4301 2772 4363 numerositas
2792 4302 2930 4363 licet
2948 4303 3066 4364 dif—

457 4409 590 4470 fusa
626 4409 910 4470 uideatur
940 4407 1312 4469 exundantis
1346 4407 1558 4489 copiae
1592 4406 1885 4488 largitate,
1921 4405 2128 4468 unitas
2160 4423 2368 4469 tamen
2401 4423 2681 4469 seruatur
2710 4408 2775 4469 in
2808 4409 3064 4488 origine.

455 4517 650 4578 auelle
685 4516 925 4577 radium
959 4515 1106 4578 solis
1139 4536 1172 4575 a
1207 4533 1486 4595 corpore,
1519 4513 1896 4575 diuisionem
1926 4513 2082 4575 lucis
2116 4515 2319 4575 unitas
2353 4534 2482 4575 non
2514 4514 2703 4596 capit:
2738 4517 2813 4578 ab
2851 4517 3067 4576 arbore

458 4624 666 4703 frange
700 4643 965 4699 ramum,
1002 4622 1224 4683 fractus
1255 4620 1600 4701 germinare
1636 4641 1767 4683 non
1790 4620 2037 4702 poterit:
2073 4641 2106 4680 a
2129 4619 2298 4682 fonte
2323 4621 2606 4703 praecide
2625 4621 2858 4699 riuum,
2893 4640 3069 4703 prae-

456 4731 617 4792 cisus
663 4730 894 4791 arescit.
958 4731 1044 4792 sic
1090 4746 1147 4791 et
1194 4730 1447 4791 ecclesia
1498 4728 1752 4791 Domini
1784 4728 1923 4790 luce
1959 4728 2206 4810 perfusa
2241 4748 2348 4809 per
2380 4729 2593 4790 orbem
2629 4743 2832 4789 totum
2865 4729 3070 4790 radios

454 4857 606 4900 suos
640 4838 930 4920 porrigit:
981 4858 1181 4899 unum
1215 4855 1422 4899 tamen
1455 4838 1668 4898 lumen
1700 4852 1788 4898 est
1820 4836 1995 4917 quod
2030 4835 2263 4916 ubique
2295 4834 2684 4909 diffunditur,
2718 4852 2832 4895 nec
2865 4835 3070 4896 unitas

458 4943 738 5025 corporis
768 4960 1101 5025 separatur.
1137 4963 1352 5006 ramos
1385 4964 1535 5005 suos
1570 4944 1629 5005 in
1654 4943 2006 5005 uniuersam
2031 4958 2249 5003 terram
2273 4942 2450 5022 copia
2470 4941 2760 5002 ubertatis
2781 4941 3071 5018 extendit,
