3684 5416
560 1570 613 1601 to

562 2103 606 2146 15

556 2645 609 2677 20

556 3176 605 3220 ²5

552 3711 606 3755 30

552 4244 599 4287 35

661 413 767 469 452
1679 391 1944 448 Pontifex
1984 408 2276 446 romanus·

669 596 780 658 cet,
828 597 1062 659 eosque
1108 578 1182 638 ad
1232 575 1379 639 novi
1413 575 1721 637 Pontificis
1766 575 2130 636 electionem
2163 576 2440 652 advocet,
2489 593 2559 634 ac
2590 575 2664 636 de
2699 576 2841 635 loco
2874 575 3160 635 certiores
3193 573 3282 634 fa·-

662 689 799 765 ciat,
848 687 913 746 in
959 704 1091 766 quo
1136 679 1302 745 illam
1353 682 1559 765 peragi
1606 681 2011 743 deliberatum
2060 681 2188 743 fuit.
2254 682 2570 743 Omnibus
2601 696 2809 743 autem
2843 681 3279 743 Cardinalibus

663 796 728 854 in
775 794 995 854 virtute
1040 802 1284 852 sanctae
1330 789 1716 851 obedientiae
1762 782 2173 871 praecipimus
2218 805 2275 850 et
2322 789 2707 865 mandamus,
2759 804 2825 849 ut
2859 788 2974 849 nisi
3007 787 3282 867 legitimo

661 899 1109 980 impedimento
1144 897 1374 958 detenti
1408 893 1628 957 fuerint
1658 896 2016 956 indictionis
2050 895 2258 956 litteris
2291 899 2716 977 obtemperare
2749 911 2938 975 atque
2969 896 3047 955 ad
3067 895 3278 955 locum

661 1006 878 1067 iisdem
928 1005 1322 1085 designatum
1372 1018 1487 1084 pro
1536 1000 1908 1083 perficienda
1945 1001 2257 1063 Pontificis
2307 1001 2604 1062 electione
2654 1001 2855 1062 statim
2904 1021 2967 1062 se
2999 1001 3274 1062 conferre

662 1117 945 1176 debeant.
1009 1113 1299 1175 Ceterum
1347 1110 1412 1170 in
1458 1126 1906 1190 quemcunque
1939 1110 2133 1170 alium
2167 1111 2377 1171 locum
2411 1110 2519 1171 rite
2555 1109 2950 1191 praefinitum
2983 1109 3277 1170 Cardina⁶

664 1224 754 1283 les
800 1220 1226 1296 convenerint,
1273 1218 1362 1278 uti
1406 1235 1593 1299 supra
1646 1218 1996 1294 statuimus,
2031 1233 2215 1297 atque
2250 1218 2656 1293 decrevimus,
2690 1215 2954 1278 omnino
2984 1215 3274 1296 legitima,

663 1327 962 1389 canonica
995 1342 1179 1406 atque
1213 1324 1408 1385 valida
1442 1325 1552 1385 erit
1586 1325 1868 1385 habenda
1902 1324 2048 1384 novi
2070 1323 2384 1385 pontificis
2416 1323 2653 1402 electio,
2689 1323 3040 1385 dummodo
3074 1323 3138 1382 in
3169 1321 3278 1381 illo

670 1433 812 1494 loco
863 1448 952 1493 tot
983 1430 1345 1493 Cardinales
1389 1429 1742 1510 congregati
1777 1430 2022 1509 fuerint,
2058 1429 2168 1510 qui
2200 1430 2294 1491 vel
2325 1450 2433 1511 per
2467 1447 2667 1491 unum
2699 1431 3013 1491 dumtaxat
3045 1427 3276 1488 medie-

665 1556 852 1601 tatem
897 1554 1189 1619 superent
1220 1537 1642 1599 Cardinalium
1693 1553 1841 1598 tunc
1873 1537 2211 1598 viventium
2244 1551 2428 1618 atque
2461 1557 2530 1599 ea
2563 1538 2972 1617 impleverint,
3008 1556 3166 1616 quae
3201 1535 3276 1595 ad

665 1646 928 1707 validam
977 1644 1344 1706 electionem
1392 1643 1782 1705 efficiendam
1826 1645 2247 1725 requiruntur,
2297 1646 2370 1706 iis
2413 1646 2702 1725 exceptis,
2749 1644 2976 1725 quibus
3011 1645 3142 1703 Nos
3173 1663 3274 1703 ex-

664 1772 869 1834 presse
919 1752 1374 1832 derogavimus.
1441 1752 1875 1832 Quaecunque
1921 1772 2069 1814 vero
2113 1774 2146 1814 a
2197 1752 2394 1815 Nobis
2425 1752 2712 1834 superins
2746 1752 2910 1812 hisce
2945 1752 3132 1812 literis
3164 1769 3276 1830 pro

665 1858 851 1940 priori
883 1878 1026 1919 casu
1062 1861 1300 1920 decreta
1330 1874 1475 1920 sunt
1505 1859 1582 1920 ad
1615 1859 2001 1921 Successoris
2033 1860 2242 1921 Nostri
2275 1859 2638 1921 electionem
2674 1859 3133 1920 accelerandam
3165 1876 3274 1916 seu

664 1965 998 2027 faciliorem
1045 1967 1488 2048 praestandam,
1532 1967 1612 2028 ad
1664 1969 1834 2029 hunc
1880 1968 2143 2029 alterum
2174 1985 2387 2029 casum
2420 1968 2842 2040 extendimus;
2898 1981 3083 2046 atque
3116 1967 3272 2027 adeo

664 2073 875 2134 omnia
924 2091 980 2134 et
1026 2074 1283 2153 singula,
1328 2093 1489 2154 quae
1536 2074 1602 2134 in
1648 2075 1852 2155 priore
1899 2074 1998 2135 illa
2046 2075 2267 2134 harum
2300 2074 2641 2135 litterarum
2673 2089 2847 2154 parte
2881 2071 3278 2148 indulsimus,

664 2181 1106 2262 praecepimus,
1152 2182 1751 2257 commendavimus,
1800 2181 2080 2242 habenda
2127 2180 2384 2261 perinde
2430 2181 2747 2254 volumus,
2783 2196 2839 2240 et
2872 2178 3274 2251 declaramus,

663 2308 731 2348 ac
765 2286 814 2347 si
847 2307 959 2368 pro
991 2288 1183 2350 altero
1216 2289 1397 2349 etiam
1434 2290 1551 2348 hoc
1585 2307 1728 2348 casu
1762 2287 2013 2366 indulta,
2048 2301 2368 2369 praecepta
2401 2301 2462 2348 et
2494 2287 2928 2348 commendata
2959 2285 3272 2366 speciatim

663 2395 982 2457 fuissent».

878 2507 1186 2562 Amovere
1219 2517 1423 2562 autem
1458 2502 1775 2583 cupientes
1809 2502 2216 2578 difficultateS,
2249 2521 2408 2583 quae
2441 2501 2771 2562 subsistere
2804 2501 3009 2561 adhuc
3038 2499 3276 2559 valeant

665 2622 804 2689 post
854 2607 1241 2669 Successoris
1295 2609 1500 2670 Nostri
1551 2608 1938 2684 electionem,
1987 2609 2374 2670 addidimus:
2449 2607 2776 2688 «Denique
2808 2607 2915 2669 etsi
2948 2606 3010 2667 in
3047 2608 3274 2666 bonam

661 2736 834 2797 spem
868 2717 1177 2795 erigamur
1208 2716 1361 2794 fore,
1399 2733 1465 2778 ut
1496 2716 1829 2779 Successor
1859 2718 2083 2778 Noster
2116 2718 2479 2778 melioribus
2513 2716 2747 2777 fruatur
2778 2714 3182 2795 temporibuS,
3216 2727 3278 2772 et

661 2823 725 2883 in
757 2842 1043 2904 suprema
1078 2824 1191 2883 hac
1222 2823 1380 2884 Petri
1414 2825 1719 2886 Cathedra
1752 2824 1861 2884 diu
1893 2824 2128 2900 sedeat;
2165 2838 2369 2884 tamen
2403 2839 2471 2884 ut
2503 2821 2812 2884 contrario
2847 2821 3051 2895 etiam,
3087 2837 3274 2900 quem

660 2928 829 2988 Deus
875 2944 1121 3008 avertat,
1171 2931 1607 3010 provideamus
1654 2931 1921 3001 eventui,
1969 2946 2147 2991 motu
2197 2930 2342 2990 item
2375 2930 2633 3011 proprio
2664 2949 2732 2990 ac
2766 2928 2843 2990 de
2876 2925 3270 3008 Apostolicae

664 3035 1060 3096 Auctoritatis
1105 3035 1488 3116 plenitudine
1534 3037 1768 3113 omnia,
1817 3055 1976 3116 quae
2010 3036 2073 3097 in
2106 3036 2271 3097 hisce
2305 3036 2546 3097 Litteris
2578 3037 2653 3096 ad
2689 3050 3029 3115 utrumque
3064 3050 3272 3093 casum

665 3140 891 3201 sancita
925 3157 983 3201 et
1013 3142 1336 3202 constituta
1369 3157 1512 3203 sunt
1545 3162 1657 3223 pro
1692 3142 1954 3203 comitiis
1989 3143 2183 3223 prima
2216 3158 2352 3224 post
2383 3159 2649 3204 mortem
2685 3143 2978 3203 Nostram
3016 3141 3146 3201 vice
3180 3137 3270 3198 fu·

661 3249 816 3310 turis
860 3250 1267 3328 extendimuS‚
1316 3269 1384 3311 ac
1416 3250 1543 3331 pari
1579 3251 1772 3312 modo
1806 3250 2218 3329 decernimus,
2252 3271 2364 3333 pro
2397 3252 2583 3313 altera
2617 3249 2918 3312 electione
2950 3265 3089 3330 post
3121 3246 3273 3307 Suc-

661 3358 916 3419 cessoris
936 3357 1149 3418 Nostri
1182 3359 1424 3419 obitum
1459 3356 1848 3439 perficienda,
1883 3359 1934 3419 si
1967 3358 2264 3419 nimirum
2301 3361 2470 3420 nulla
2504 3360 2581 3419 de
2615 3358 2709 3419 his
2740 3376 2904 3418 nova
2937 3356 3071 3434 lege
3092 3356 3272 3430 edita,

660 3465 992 3525 Successor
1024 3465 1247 3526 Noster
1279 3464 1665 3526 decesserit».

872 3573 948 3633 Et
992 3573 1056 3633 in
1101 3573 1285 3633 altera
1317 3572 1778 3634 Constitutione
1812 3572 2117 3633 diximus:
2175 3571 2558 3633 «Facultates
2591 3591 2755 3649 ver0‚
2795 3590 2950 3651 quas
2981 3568 3275 3631 Cardina-

658 3679 814 3739 lium
859 3679 1146 3758 Collegio
1198 3699 1308 3760 per
1356 3681 1534 3741 hasce
1581 3695 1640 3740 et
1685 3680 2036 3761 praeteritas
2084 3680 2337 3740 Litteras
2385 3680 2641 3740 Nostras
2674 3679 3116 3754 concessimus,
3147 3679 3271 3739 vim

657 3805 835 3846 suam
881 3806 1160 3847 exercere
1206 3788 1498 3848 volumus
1544 3806 1619 3848 eo
1653 3787 1846 3847 modo
1878 3804 1936 3847 et
1971 3787 2187 3864 forma,
2220 3807 2345 3867 qua
2376 3786 2461 3847 ibi
2494 3786 2729 3848 dictum
2762 3803 2867 3863 est,
2902 3805 3032 3848 non
3064 3788 3270 3848 solum

657 3912 772 3974 pro
804 3893 1154 3954 immediate
1186 3892 1388 3954 futura
1412 3892 1723 3954 pontificis
1756 3893 2073 3971 electione,
2106 3894 2214 3954 sed
2247 3893 2429 3954 etiam
2465 3913 2579 3974 pro
2603 3895 2884 3975 proxime
2904 3893 3276 3975 insequenti,

660 4000 776 4060 nisi
807 4021 839 4060 a
874 3999 1072 4061 Nobis
1104 3998 1251 4080 ipsis
1284 4000 1376 4060 vel
1411 4020 1443 4059 a
1476 3999 1848 4061 Successore
1881 4001 2113 4061 Nostro
2148 3999 2373 4062 fuerint
2407 4016 2784 4062 revocatae».

872 4109 965 4168 De
1014 4106 1152 4188 ipso
1202 4126 1349 4167 vero
1398 4107 1708 4168 electionis
1757 4109 1954 4168 modo
2007 4107 2163 4168 nihil
2210 4108 2418 4188 quoad
2467 4107 2904 4187 suffragiorum
2939 4127 3269 4169 numerum

656 4214 1045 4292 innovanteS,
1095 4215 1481 4275 decrevimus
1525 4214 1591 4275 in
1641 4214 1839 4295 priore
1875 4215 2372 4277 Constitutione:
2431 4215 2710 4277 «Statuto
2742 4215 2925 4295 igitur
2957 4217 3273 4277 Concilio-

657 4342 798 4384 rum
828 4323 967 4383 loco
1002 4321 1059 4381 S.
1096 4322 1168 4382 R.
1202 4322 1269 4381 E.
1304 4323 1664 4385 Cardinales
1713 4324 2082 4386 electionem
2117 4325 2264 4385 novi
2300 4324 2614 4385 Pontificis
2646 4324 2772 4385 sive
2807 4326 2869 4386 in
2902 4326 3090 4387 Curia
3122 4325 3272 4406 ipsa,

656 4430 782 4490 sive
829 4443 994 4489 extra
1040 4427 1203 4487 illam
1252 4447 1361 4508 per
1404 4445 1633 4490 secreta
1681 4430 2120 4490 schedularum
2153 4430 2463 4509 suffragia,
2496 4430 2738 4490 duabus
2770 4450 2844 4491 ex
2875 4431 3068 4493 tribus
3100 4450 3271 4513 prae-

654 4536 921 4598 sentium
957 4533 1384 4595 Cardinalium
1419 4536 1694 4616 partibus
1730 4536 1794 4597 in
1828 4537 2128 4597 scrutinio
2160 4538 2286 4598 sive
2319 4537 2617 4598 scrutinio
2651 4554 2709 4598 et
2741 4556 2986 4598 accessu
3008 4539 3270 4599 eandem

656 4661 983 4724 personam
1033 4642 1581 4721 consentientibus,
1630 4645 1727 4705 vel
1775 4665 1883 4726 per
1928 4647 2471 4726 compromissum,
2520 4646 2614 4707 vel
2664 4645 2837 4727 quasi
2872 4664 2980 4727 per
3013 4647 3272 4727 inspira-

653 4751 906 4828 tionem,
953 4765 1182 4811 servata
1217 4750 1282 4811 in
1316 4750 1408 4812 his
1441 4768 1732 4812 consueta
1766 4753 2107 4814 necessaria
2139 4752 2337 4814 forma
2369 4753 2660 4834 perficere
2693 4753 2931 4815 valeant
2965 4799 3181 4815 .....
3222 4752 3273 4812 ls

654 4859 856 4939 igitur,
889 4857 997 4939 qui
1031 4878 1063 4917 a
1097 4857 1547 4936 CardinalibuS,
1582 4872 1651 4918 ut
1682 4878 1888 4940 supra,
1925 4859 2365 4940 praesentibuS,
2411 4880 2480 4920 ea
2513 4879 2638 4940 qua
2671 4861 2997 4921 statuimus
3031 4860 3270 4921 ratione

656 4966 719 5025 in
770 4965 979 5025 locum
1014 4966 1311 5026 Nostrum
1365 4965 1473 5025 rite
1520 4964 1797 5043 eligetur,
1847 4967 1959 5027 erit
2004 4967 2266 5027 omnino
2312 4966 2629 5046 legitimus
2662 4983 2719 5027 et
2752 4986 2934 5029 verus
2970 4964 3268 5031 Pontifex,
