3684 5416
268 1522 323 1553 lo

270 2058 318 2100 ¹5

267 2593 324 2623 20

276 3661 329 3704 30

280 4195 329 4238 35

1342 350 1595 407 Ecclesia
1624 352 2036 423 antiquissima.

472 746 595 809 xn.
620 742 704 807 Oi
725 741 806 806 δὲ
824 744 1371 824 προσκληθέντες
1390 743 1509 825 μὲν
1529 745 1662 808 ὑπὸ

381 852 504 930 τῆς
532 851 828 931 χάριτος,
859 851 973 913 καὶ
1006 850 1125 931 τὴν
1156 848 1424 931 πρώτην
1446 852 1662 933 ὁρμὴν

384 955 862 1039 ἐνδειξάμενοι,
921 956 1035 1020 καὶ
1083 959 1491 1040 ἀποθέμενοι
1538 960 1663 1038 τὰς

380 1061 625 1142 ζώνας,
674 1063 842 1144 μετὰ
888 1063 971 1125 δὲ
1016 1068 1232 1128 ταῦτα
1279 1066 1379 1127 ἐπὶ
1425 1064 1546 1128 τὸν
1577 1068 1661 1128 οἰ-

380 1174 568 1233 κεῖον
608 1169 847 1253 ἔμετον
880 1170 1400 1253 ἀναδραμόντες
1430 1172 1525 1249 ὡς
1555 1171 1661 1235 κύ·

379 1298 517 1355 νες,
535 1277 630 1355 ὡς
651 1278 837 1356 τινὰς
854 1277 968 1340 καὶ
989 1277 1288 1357 ἀργύρια
1302 1280 1660 1357 προέσθαι,

378 1385 494 1447 καὶ
517 1386 923 1470 βενεφικίοις
941 1386 1381 1464 κατορθῶσαι
1403 1385 1480 1448 τὸ
1505 1386 1659 1449 ἁνα-

380 1489 974 1569 στρατεύσασθαι·
1055 1489 1246 1555 οὗτοι
1307 1491 1482 1556 δέκα
1542 1493 1658 1572 ἔτη

381 1598 937 1661 ὑποπιπτέτωσαν
981 1598 1148 1679 μετὰ
1192 1597 1311 1661 τὸν
1348 1602 1469 1679 τῆς
1498 1620 1661 1679 τριε-

384 1707 549 1784 τοῦς
570 1706 985 1784 ἀκροάσεως
1003 1705 1281 1784 χρόνον·
1323 1707 1427 1787 ἐφ’
1453 1709 1663 1770 ἅπασι

384 1810 465 1874 δὲ
514 1810 784 1891 τούτοις
814 1812 1143 1892 προσήκει
1179 1814 1516 1889 ἐξετάζειν
1548 1813 1666 1892 τὴν

382 1917 805 1998 προαίρεσιν,
850 1918 965 1983 καὶ
997 1919 1075 1984 τὸ
1110 1918 1297 1998 εἶδος
1329 1922 1447 2000 τῆς
1479 1942 1665 2003 μετα-

384 2025 611 2105 νοίας·
668 2027 823 2089 ὅσοι
856 2025 977 2108 μὲν
1007 2027 1148 2106 γὰρ
1178 2028 1290 2091 καὶ
1323 2028 1521 2113 φόβῳ
1552 2028 1667 2091 καὶ

382 2130 678 2212 δάκρυσι
709 2132 824 2197 καὶ
857 2134 1159 2215 ὑπομονῇ
1193 2134 1305 2198 καὶ
1328 2136 1665 2214 ἀγαθοερ·

380 2240 562 2319 γίαις
604 2238 724 2320 τὴν
774 2240 1189 2322 ἐπιστροφὴν
1221 2240 1404 2323 ἔργῳ
1434 2241 1548 2304 καὶ
1578 2244 1662 2304 οὐ

380 2345 665 2429 σχήματι
686 2347 1188 2423 ἐπιδείκνυνται,
1206 2347 1393 2412 οὗτοι
1411 2347 1663 2428 πληρώ-

382 2472 634 2533 σαντες
679 2454 799 2517 τὸν
844 2456 1094 2535 χρόνον
1139 2456 1258 2519 τὸν
1288 2457 1665 2538 ὡρισμένον

384 2564 503 2638 τῆς
524 2563 954 2642 ἀκροάσεως,
976 2562 1256 2642 εἰκότως
1288 2565 1419 2628 τῶν
1452 2567 1666 2644 εὐχῶν

380 2669 895 2748 κοινωνήσουσι,
942 2672 1108 2753 μετὰ
1140 2673 1262 2734 τοῦ
1297 2673 1541 2746 ἐξεῖναι
1575 2673 1666 2754 τῷ

384 2777 747 2860 ἐπισκόπῳ,
779 2778 891 2842 καὶ
925 2778 1573 2859 φιλανθρωπότερόν
1611 2801 1667 2842 τι

382 2882 533 2961 περὶ
566 2885 789 2947 αὐτῶν
824 2883 1357 2969 βουλεύσασθαι.
1398 2887 1554 2949 ὅσοι
1586 2885 1668 2948 δὲ

383 2988 793 3073 ἀδιαφόρως
837 2991 1151 3071 ἤνεγκαν,
1188 2991 1301 3055 καὶ
1334 2991 1411 3055 τὸ
1444 2996 1668 3073 σχῆμα

303 3127 320 3136 -
383 3099 507 3158 τοῦ
557 3096 640 3179 μὴ
695 3098 970 3160 εἰσιέναι
1022 3100 1120 3177 εἰς
1140 3097 1258 3176 τὴν
1304 3099 1668 3179 ἐκκλησίαν

384 3204 620 3280 ἀρκεῖν
668 3205 900 3281 αὐτοῖς
946 3203 1294 3283 ἡγήσαντο
1324 3206 1500 3284 πρὸς
1548 3205 1667 3283 τὴν

385 3310 817 3391 ἐπιστροφὴν,
864 3312 1243 3390 εξάπαντος
1287 3312 1664 3390 πληρούτω-

384 3432 517 3477 σαν
548 3414 668 3479 τὸν
699 3417 969 3495 χρόνον.

472 3526 622 3587 xm.
662 3524 832 3602 Περὶ
865 3522 947 3587 δὲ
978 3525 1108 3587 τῶν
1141 3525 1604 3600 εξοδευόντων
1625 3527 1665 3588 ὁ

384 3627 676 3705 παλαιὸς
705 3630 818 3690 καὶ
848 3630 1212 3709 κανονικὸς
1229 3632 1441 3712 νόμος
1461 3633 1665 3713 φυλα-

384 3732 707 3813 χθήσεται
738 3736 852 3797 καὶ
884 3739 1025 3811 νῦν,
1072 3736 1269 3811 ὥστε,
1305 3738 1365 3800 εἴ
1395 3759 1494 3816 τις
1527 3740 1665 3814 &50-

386 3839 596 3914 δεύοι,
618 3845 739 3904 τοῦ
760 3842 1150 3907 τελευταίου
1170 3846 1282 3907 καὶ
1306 3847 1663 3926 ἀναγκαιο·

386 3949 593 4010 τάτου
640 3948 925 4031 ἑφοδίου
972 3950 1057 4033 μὴ
1098 3955 1660 4031 ἀποστερεῖσθαι·

387 4061 445 4121 εἰ
494 4057 576 4121 δὲ
625 4059 1104 4138 ἀπογνωσθεὶς
1152 4059 1265 4122 καὶ
1309 4058 1667 4137 κοινωνίας

386 4166 584 4228 πάλιν
633 4165 867 4244 τυχὼν,
919 4167 1117 4228 πάλιν
1168 4169 1240 4227 ἐν
1288 4170 1431 4244 τοῖς
1461 4167 1664 4241 ζῶσιν

389 4271 746 4352 ἐξετασθῇ,
794 4272 962 4353 μετὰ
1000 4273 1132 4334 τῶν
1163 4272 1667 4337 κοινωνούντων

386 4382 508 4460 τῆς
539 4381 744 4460 εὐχῆς
776 4378 985 4461 μόνης
1017 4378 1210 4442 ἔστω.
1242 4378 1551 4441 καθόλου
1586 4377 1667 4441 δὲ

386 4486 499 4547 καὶ
529 4485 681 4566 περὶ
704 4485 957 4562 παντὸς
976 4486 1379 4548 οὑτινοσοῦν
1402 4484 1666 4559 εξοδεύ·

389 4612 609 4668 οντος,
644 4592 998 4668 αἰτοῦντος
1028 4594 1149 4654 τοῦ
1183 4595 1535 4673 μετασχεῖν
1568 4593 1665 4654 εὖ·

388 4697 759 4778 χαριστίας,
807 4696 848 4758 ὁ
898 4697 1264 4777 ἐπίσκοπος
1297 4700 1462 4781 μετὰ
1495 4697 1668 4761 δοκι-

388 4804 643 4888 μασίας
677 4803 983 4868 ἐπιδότω.

604 5053 901 5097 Galante:
944 5051 1111 5096 Fontes
1142 5052 1222 5104 jur.
1251 5066 1347 5096 can.

2929 363 2996 433 65

1717 536 2028 601 oblatione
2061 538 2300 620 populo
2330 540 2391 601 in
2413 541 2691 605 oratione
2712 562 3001 607 commu-

1715 642 1935 707 nicent.

1802 751 1929 813 ΧΠ.
1959 751 2362 834 Quicumque
2383 756 2577 817 vocati
2599 776 2707 836 per
2724 757 3002 839 gratiam,

1719 856 1994 936 primum
2038 860 2296 939 quidem
2340 861 2643 944 impetum
2694 880 2998 929 monstra·

1720 981 1943 1026 verunt
1974 967 2360 1047 deponentes
2379 969 2628 1032 militiae
2645 970 2998 1051 cingulum:

1721 1073 2126 1150 postmodum
2160 1093 2308 1135 vero
2339 1077 2415 1136 ad
2449 1076 2770 1157 proprium
2800 1079 3000 1140 vomi-

1718 1192 1853 1239 tum
1902 1195 2048 1242 sunt
2096 1181 2334 1262 relapsi,
2390 1182 2469 1244 ita
2519 1199 2586 1247 ut
2635 1184 2892 1264 quidam
2941 1201 3001 1246 et

1720 1295 2012 1375 pecunias
2044 1295 2398 1373 tribuerent,
2447 1314 2507 1359 et
2537 1300 2850 1361 beneficiis
2882 1300 2999 1362 mi-

1718 1402 1909 1464 litiam
1942 1420 2302 1485 repeterent,
2337 1407 2398 1467 hi
2431 1406 2645 1469 decem
2664 1408 2842 1470 annis
2862 1425 3000 1491 post

1717 1509 1958 1571 triennii
2000 1527 2248 1592 tempus
2294 1514 2449 1593 (quo
2493 1514 2652 1576 inter
2680 1515 3001 1577 audientes

1719 1620 1920 1695 erunt)
1953 1618 2018 1678 in
2050 1618 2379 1681 afflictione
2413 1637 2829 1701 permaneant.
2877 1622 2998 1683 Sed

1722 1723 1783 1784 in
1817 1723 1915 1785 his
1933 1725 2226 1788 omnibus
2248 1727 2635 1808 propositum
2653 1744 2713 1789 et
2731 1728 3002 1810 speciem

1721 1831 2127 1912 poenitentiae
2144 1833 2431 1895 convenit
2446 1835 2761 1916 explorare
2775 1855 2790 1896 t
2813 1852 3000 1916 quot-

1722 1954 1876 2018 quot
1922 1939 2087 2000 enim
2137 1956 2327 2019 metu,
2374 1956 2432 2001 et
2462 1940 2764 2024 lacrymis,
2812 1959 3000 2023 atque

1722 2045 2113 2125 poenitentia,
2157 2046 2254 2108 vel
2285 2047 2464 2109 bonis
2495 2049 2786 2129 operibus
2817 2053 3000 2111 rebus

1722 2151 1864 2232 ipsis
1896 2152 2368 2215 conversionem
2403 2173 2601 2232 suam,
2634 2175 2766 2218 non
2797 2156 2997 2217 simu-

1719 2259 1964 2335 latione,
2027 2260 2482 2322 demonstrant:
2547 2260 2610 2322 hi
2673 2261 3000 2322 definitum

1718 2381 1964 2447 tempus
1992 2365 2319 2427 auditionis
2351 2365 2694 2448 implentes,
2727 2383 2862 2428 tum
2892 2368 2999 2428 de-

1720 2490 1894 2533 mum
1930 2471 2216 2534 fidelibus
2247 2472 2311 2533 in
2340 2471 2616 2533 oratione
2649 2473 2998 2534 communi·

1721 2595 1877 2655 cent,
1901 2580 2302 2660 postmodum
2323 2598 2471 2641 vero
2488 2579 2690 2641 licebit
2708 2579 3001 2661 episcopo

1721 2686 1797 2748 de
1862 2686 1958 2747 his
2019 2685 2250 2767 aliquid
2315 2685 2650 2749 humanius
2711 2686 2996 2767 cogitare.

1725 2793 2129 2874 Quicumque
2178 2813 2327 2855 vero
2378 2794 2795 2856 indifferenter
2842 2794 2998 2856 tule-

1722 2917 1885 2978 runt,
1918 2917 1975 2961 et
2006 2901 2240 2962 aditum
2279 2901 2633 2963 introeundi
2663 2902 2999 2963 Ecclesiam

1722 3007 1834 3068 sibi
1887 3008 2154 3069 arbitrati
2205 3023 2349 3070 sunt
2399 3009 2474 3069 ad
2533 3009 3001 3070 conversionem

1723 3136 1905 3197 posse
1957 3114 2260 3189 sufficere,
2306 3116 2372 3176 hi
2423 3115 2748 3177 definitum
2798 3116 3001 3176 modis

1722 3223 2016 3285 omnibus
2047 3239 2292 3304 tempus
2325 3222 2687 3303 implebunt.

1809 3544 1954 3604 Xlll.
1991 3544 2080 3604 De
2115 3543 2209 3604 his
2242 3544 2349 3623 qui
2377 3545 2451 3605 ad
2473 3545 2702 3605 exitum
2724 3544 2999 3622 veniunt,

1721 3649 1904 3710 etiarn
1950 3669 2117 3710 nunc
2161 3649 2257 3710 lex
2297 3650 2544 3730 antiqua
2578 3651 2996 3730 regularisque

1720 3757 2075 3834 servabitur,
2123 3757 2201 3817 ita
2247 3772 2317 3818 ut
2361 3757 2408 3817 si
2455 3757 2596 3837 quis
2627 3757 2937 3837 egreditur
2966 3778 2999 3818 e

1721 3882 1999 3943 corpore,
2049 3863 2268 3923 ultimo
2315 3879 2371 3923 et
2406 3864 2752 3924 necessario
2784 3862 3000 3924 viatico

1721 3970 1974 4031 minime
2009 3970 2293 4050 privetur.
2327 3970 2523 4044 Quod
2555 3970 2603 4030 si
2623 3971 2998 4051 desperatur,

1720 4097 1777 4139 et
1839 4093 2211 4139 consecutus
2261 4079 2780 4140 communionem
2827 4077 2998 4140 obla·

1721 4185 2026 4265 tionisque
2051 4185 2350 4265 particeps
2369 4184 2584 4261 factus,
2606 4184 2826 4246 iterum
2852 4203 3001 4245 con-

1723 4292 1996 4370 valuerit,
2030 4292 2106 4352 sit
2136 4291 2293 4351 inter
2324 4311 2432 4352 eos
2463 4291 2573 4371 qui
2604 4291 3000 4352 communio-

1723 4418 1870 4459 nem
1920 4398 2212 4460 orationis
2273 4398 2714 4459 tantummodo
2779 4418 3001 4458 conse-

1724 4521 2027 4586 quuntur.
2117 4506 2496 4567 Generaliter
2556 4522 2765 4566 autem
2826 4504 3001 4566 omni

1726 4613 1971 4674 cuilibet
2020 4612 2083 4674 in
2137 4613 2299 4674 exitu
2346 4613 2571 4694 posim,
2622 4628 2682 4673 et
2726 4611 2999 4693 poscenti

1725 4719 1840 4780 sibi
1873 4719 2335 4779 communionis
2354 4718 2611 4797 gratiam
2630 4718 2836 4791 tribui,
2870 4717 2999 4797 epi-

1726 4844 1954 4906 scopus
1973 4824 2366 4907 probabiliter
2386 4825 2484 4902 (al.
2506 4840 2839 4906 postquam
2855 4842 3001 4905 pro-

1727 4932 1979 5011 baverit)
2013 4953 2085 4994 ex
2117 4932 2427 4994 oblatione
2462 4934 2606 4993 dare
2637 4931 2898 4996 debebit.

2651 5053 2678 5104 5
