3684 5416
348 1514 396 1543 to

344 2055 387 2096 ‘5

334 3656 387 3695 ‘30

329 4190 378 4232 τε

1589 344 1937 400 Cardinales.
2964 351 3063 423 481

455 522 656 584 eidem
692 524 969 585 Domino
1002 525 1252 602 Nostr0‚
1303 528 1397 589 vel
1432 528 1905 592 Successoribus
1952 534 2296 613 praedictiS,
2346 550 2451 596 aut
2495 535 2685 613 alteri,
2737 555 2844 616 per
2877 555 3067 617 quem

454 629 648 710 possit
679 630 754 690 ad
790 630 1072 692 notitiam
1104 651 1324 695 eorum
1357 633 1633 715 perferri,
1678 637 2206 717 significaturum3
2259 642 2629 704 Sanctorum
2667 643 2912 705 Patrum
2949 645 3070 706 Re-

451 737 648 816 gulas‚
686 737 963 814 Decreta,
1012 753 1070 800 et
1103 739 1563 821 Ordinationes,
1612 743 2122 825 dispensationes,
2172 750 2634 825 reservationes,
2668 750 3071 831 provisiones,

454 860 509 904 et
556 844 843 905 mandata
878 846 1256 928 Apostolica,
1304 862 1362 909 et
1394 848 1925 914 Constitutionem
1978 853 2165 915 felicis
2213 855 2653 918 recordationis
2685 856 2833 917 Sixti
2868 858 3069 938 Papae

454 948 676 1024 Quinti
709 950 787 1011 de
822 949 1136 1013 visitandis
1171 953 1518 1015 Liminibus
1539 960 2010 1037 Apostolorum,
2044 960 2217 1022 certis
2253 961 2634 1042 praescriptis
2666 964 3068 1044 temporibus,

453 1055 615 1132 juxta
648 1055 812 1117 illius
843 1073 1126 1119 tenorem
1158 1079 1358 1140 nuper
1388 1082 1422 1122 a
1456 1079 1554 1122 me
1588 1063 1951 1143 perlectum,
1972 1067 2462 1145 observaturum,
2487 1084 2543 1129 et
2565 1068 3068 1149 adimpleturum,

450 1168 528 1227 ab
560 1164 814 1247 aliisque
847 1167 1174 1244 observari,
1210 1183 1270 1229 et
1300 1168 1621 1250 adimpleri
1656 1188 2154 1251 procuraturum.
2219 1175 2594 1253 Haereticos,
2628 1175 3067 1255 schismaticos,

452 1290 509 1335 et
555 1273 811 1334 rebelles
857 1272 1058 1334 eidem
1094 1275 1373 1337 Domino
1405 1276 1636 1338 Nostro
1669 1279 1868 1360 Papae
1903 1280 1999 1341 vel
2034 1280 2507 1344 Successoribus
2541 1284 2861 1365 praedictis
2893 1285 3067 1346 omni

451 1396 677 1442 conatu
713 1397 1203 1461 persecuturum,
1236 1398 1294 1443 et
1324 1383 1856 1464 impugnaturum.
1892 1388 2273 1449 Accersitum
2305 1391 2383 1450 ab
2415 1390 2641 1450 eodem
2665 1390 3066 1453 Sanctissimo

452 1488 728 1549 Domino
762 1489 1014 1564 Nostro,
1065 1500 1123 1549 et
1155 1489 1627 1552 Successoribus
1674 1492 1998 1573 praedictis
2044 1514 2117 1554 ex
2164 1514 2564 1577 quacumque
2613 1516 2814 1574 causa,
2847 1498 2923 1557 ad
2959 1518 3067 1559 eos

450 1594 892 1675 profecturum,
906 1595 1000 1655 vel
1019 1593 1183 1672 justo
1203 1596 1651 1678 impedimento
1674 1599 2015 1679 detentum,
2035 1620 2457 1664 excusatorem
2476 1604 2834 1681 missurum,
2854 1604 3066 1684 eisque

448 1700 868 1776 reverentiam,
903 1718 961 1761 et
992 1702 1407 1764 obedientiam
1440 1705 1675 1768 debitas
1708 1706 2145 1770 exhibiturum.
2202 1710 2634 1773 Possessiones
2666 1711 2742 1771 ad
2780 1713 3060 1772 Mensam

450 1808 878 1885 Ecclesiarum,
916 1809 1466 1887 Monasteriorum,
1495 1826 1553 1871 et
1584 1811 1849 1873 aliorum
1885 1814 2340 1876 Beneficiorum
2374 1816 2524 1876 mihi
2558 1817 3056 1893 commissorum,

447 1935 554 1977 seu
601 1916 680 1976 ad
725 1915 826 1976 illa
872 1917 1350 1996 quomodolibet
1383 1919 1777 1998 pertinentes,
1814 1939 2217 2001 nequaquam
2249 1923 2671 2000 venditurum,
2708 1944 2912 2005 neque
2948 1926 3060 1984 do-

446 2038 755 2096 naturum,
820 2043 1024 2104 neque
1075 2025 1654 2105 oppignoraturum‚
1710 2046 1917 2108 neque
1968 2029 2045 2088 de
2097 2048 2263 2089 novo
2314 2028 2802 2107 infeudaturum,
2857 2052 3059 2111 neque

446 2128 616 2190 aliter
647 2129 1077 2208 alienaturum,
1111 2131 1469 2193 inconsulto
1506 2133 1798 2196 Romano
1833 2134 2147 2211 Pontifice,
2197 2136 2377 2196 etiam
2416 2156 2559 2197 cum
2593 2156 2903 2198 consensu
2939 2138 3059 2198 Ca-

446 2236 804 2317 pitulorum,
837 2257 946 2298 seu
969 2238 1416 2299 Conventuum
1440 2240 1869 2319 Ecclesiarum,
1902 2242 2448 2320 Monasteriorum,
2483 2244 2576 2304 vel
2613 2243 3060 2304 beneficiorum

445 2345 843 2405 eorumdem:
895 2361 951 2406 et
984 2345 1507 2407 Constitutionem
1540 2347 1705 2407 Beati
1739 2348 1829 2409 Pii
1865 2348 2109 2424 Quinti,
2144 2369 2304 2430 quae
2338 2349 2550 2431 incipit
2583 2352 2906 2424 Admonet,
2940 2354 3056 2412 sub

444 2451 657 2511 datum
692 2452 927 2513 Romae
974 2469 1195 2532 quarto
1244 2453 1533 2515 kalendas
1579 2455 1804 2535 aprilis,
1849 2475 2014 2517 anno
2048 2456 2490 2518 Incarnationis
2524 2456 2884 2519 Dominicae
2919 2456 3057 2517 mil-

441 2556 659 2618 lesimo
704 2557 1206 2638 quingentesimo
1254 2560 1635 2638 sexagesimo
1667 2559 1953 2641 septimo,
1987 2559 2388 2622 pontificatus
2420 2561 2517 2622 sui
2551 2580 2719 2622 anno
2754 2561 3060 2636 secund0,

445 2684 568 2727 una
602 2684 745 2727 cum
781 2666 1312 2729 Declarationibus
1349 2667 1779 2730 Romanorum
1814 2668 2193 2730 Pontificum
2225 2687 2671 2747 successorum,
2705 2670 3058 2751 praesertim

442 2772 783 2834 Innocentii
828 2773 1028 2853 Papae
1077 2774 1244 2835 Noni
1293 2776 1410 2835 sub
1459 2775 1674 2835 datum
1725 2776 1964 2836 Romae
2013 2776 2205 2857 pridie
2255 2786 2464 2837 nonas
2502 2776 2856 2836 novembris
2889 2795 3056 2837 anno

441 2879 880 2942 lncarnationis
916 2880 1277 2941 Dominicae
1311 2880 1643 2943 millesimo
1676 2881 2177 2963 quingentesimo
2199 2882 2606 2962 nonagesimo
2630 2882 2848 2964 prime,
2884 2883 3048 2943 Pon-

440 2986 701 3048 tificatus
751 2987 847 3047 sui
891 3006 1060 3048 anno
1108 2987 1328 3069 prime,
1373 3004 1433 3049 et
1479 2988 1667 3050 felicis
1698 2989 2144 3052 recordationis
2176 2989 2518 3052 Clementis
2552 2990 2765 3051 Octavi
2799 2994 2915 3051 sub
2949 2991 3056 3051 da·-

366 3122 383 3132 ·
439 3109 574 3154 tum
608 3094 845 3154 Romae
897 3093 1139 3155 decimo
1186 3111 1356 3156 sexto
1407 3096 1693 3158 kalendas
1739 3097 1940 3159 martii
1987 3117 2155 3159 anno
2190 3098 2522 3160 millesimo
2556 3097 3056 3177 quingentesimo

439 3201 847 3279 nonagesimo
893 3202 1189 3276 secunde,
1236 3203 1637 3265 pontificatus
1682 3206 1779 3266 sui
1826 3224 1997 3266 anno
2046 3206 2265 3287 primo,
2315 3207 2392 3266 de
2440 3204 2781 3267 civitatibus
2813 3220 2869 3264 et
2905 3204 3057 3264 locis

440 3308 696 3369 Sanctae
746 3309 1066 3370 Romanae
1115 3309 1418 3370 Ecclesiae
1465 3331 1597 3372 non
1644 3310 2059 3390 infeudandis,
2092 3332 2199 3373 seu
2235 3312 2573 3374 alienandis
2607 3327 2905 3392 perpetuo
2940 3313 3052 3370 ob-

439 3431 855 3490 servaturum;
907 3434 1152 3476 necnon
1205 3431 1525 3497 perpetue,
1571 3432 1630 3476 et
1676 3416 2112 3478 inviolabiliter
2159 3419 2482 3478 observare
2516 3417 2830 3497 promitto,
2867 3434 3050 3495 atque

440 3520 597 3598 jur0,
650 3524 908 3600 decreta,
957 3540 1014 3584 et
1059 3523 1592 3603 incorporationes
1648 3523 1817 3599 facta,
1866 3539 1925 3583 et
1972 3522 2152 3584 factas
2198 3542 2305 3604 per
2338 3523 2631 3584 eumdem
2664 3521 3049 3582 Clementem

440 3628 745 3690 Octavum
788 3633 910 3704 ⁴sub
957 3630 1173 3690 diebus
1217 3629 1511 3706 vigesima
1556 3644 1719 3690 sexta
1768 3627 1946 3707 junii,
1993 3629 2286 3711 praedicti
2338 3628 2485 3689 anni
2520 3627 2830 3688 millesimi
2865 3628 3049 3707 quin-

438 3737 760 3817 gentesimi
809 3736 1192 3815 nonagesimi
1241 3738 1517 3816 secundi,
1572 3737 1670 3798 die
1703 3739 1972 3798 secunda
2009 3736 2363 3797 novembris
2396 3735 2708 3796 millesimi
2742 3720 3049 3816 quingen-

437 3844 636 3905 tesimi
687 3844 1074 3922 nonagesimi
1121 3844 1405 3925 septimi:
1455 3845 1691 3906 decima
1739 3864 1904 3906 nona
1954 3843 2231 3923 januarii,
2282 3858 2339 3903 et
2386 3842 2715 3903 undecima
2767 3842 3053 3902 februarii

439 3951 746 4012 millesimi
781 3951 1261 4032 quingentesimi
1294 3951 1678 4030 nonagesimi
1714 3952 1933 4029 octavi,
1968 3953 2044 4012 de
2064 3951 2301 4012 civitate
2323 3949 2647 4026 Ferrariae,
2675 3965 2732 4009 et
2766 3964 2894 4009 toto
2917 3947 3045 4024 ejus

439 4059 699 4132 Ducam,
746 4079 857 4120 nec
907 4079 1037 4120 non
1085 4060 1163 4120 de
1208 4060 1571 4137 civitatibus,
1616 4076 1672 4121 et
1704 4058 1856 4120 locis
1888 4060 2392 4140 quibuscumque
2425 4077 2533 4140 per
2565 4057 2809 4117 obitum
2842 4058 3037 4115 bonae

438 4168 769 4228 memoriae
802 4167 1113 4248 Alphonsi
1148 4167 1349 4229 ultimi
1381 4168 1689 4229 Ferrariae
1725 4167 1936 4245 DuciS,
1968 4187 2078 4228 seu
2112 4166 2257 4227 alias
2291 4166 2367 4226 ad
2390 4164 2681 4225 Sanctam
2701 4165 3050 4225 Romanam

440 4274 791 4347 Ecclesiam,
828 4290 884 4335 et
918 4274 1142 4335 Sedem
1175 4275 1598 4356 Apostolicam
1633 4275 1955 4352 devolutis,
1987 4277 2062 4335 ab
2083 4293 2158 4334 eo
2179 4272 2572 4353 recuperatis.
2609 4271 2758 4331 Item
2792 4270 3049 4341 decreta,

436 4395 494 4442 et
525 4380 1052 4463 incorporationes
1087 4382 1257 4459 facta,
1289 4397 1348 4442 et
1381 4382 1564 4443 factas
1598 4401 1706 4462 per
1737 4382 2101 4442 recolendae
2136 4379 2473 4441 memoriae
2506 4379 2833 4441 Urbanum
2868 4376 3051 4437 Octa-

437 4507 582 4548 vum
616 4489 731 4548 sub
765 4487 862 4548 die
896 4488 1267 4549 duodecima
1301 4488 1446 4549 maii
1480 4488 1791 4551 millesimi
1822 4487 2245 4550 sexcentesimi
2280 4486 2572 4566 trigesimi
2607 4484 2807 4565 primi,
2855 4485 2930 4544 de
2964 4484 3047 4542 ci-

434 4594 719 4655 vitatibus
752 4594 992 4669 Urbini,
1028 4594 1315 4672 Eugubii,
1352 4595 1529 4670 Calli,
1562 4593 2068 4676 Forisempronii,
2102 4610 2359 4674 totoque
2396 4591 2616 4654 Urbini
2650 4592 2898 4664 ducatu,
2934 4610 3044 4650 nec

434 4719 559 4762 non
612 4703 688 4761 de
739 4701 1080 4763 civitatibus
1133 4702 1386 4779 Pisauri,
1440 4702 1849 4781 Senogalliae,
1898 4702 2104 4762 Sancti
2149 4700 2397 4777 Leonis,
2447 4719 2589 4760 cum
2625 4713 2784 4758 statu
2822 4697 3054 4757 Montis

436 4807 660 4882 Feltrii,
710 4822 768 4869 et
802 4809 1106 4870 Vicariatu
1143 4808 1483 4884 Mondavii,
1527 4808 1781 4888 aliisque
1830 4807 2096 4890 oppidis,
2130 4823 2188 4868 et
2222 4807 2370 4869 locis
2406 4805 2910 4886 quibuscumque
2946 4822 3053 4881 per

435 4914 675 4976 obitum
726 4917 927 4975 bonae
974 4915 1418 4977 memomoriae
1470 4914 1779 4976 Francisci
1831 4914 2061 4974 Mariae
2117 4913 2310 4974 ultimi
2365 4912 2573 4990 Ducis,
2626 4931 2736 4973 seu
2788 4910 2940 4971 alias
2976 4912 3050 4972 ad

648 5036 943 5079 Galante:
977 5035 1140 5078 Fontes
1168 5035 1249 5089 jur.
1281 5049 1377 5080 can.
2700 5033 2757 5088 3¹
