3684 5416
561 1434 608 1463 10

561 1966 605 2010 ¹5

554 2504 697 2548 20,

553 3039 603 3082 25

551 3574 604 3617 30

551 4110 601 4152 35

548 4646 601 4685 40

671 261 763 326 182
1288 263 1553 318 Potestas
1593 263 1970 319 ecclesiastica
2011 277 2068 319 et
2107 265 2412 336 imperium
2453 264 2634 321 civile.

663 445 1090 507 exhibuerunt.
1156 445 1626 507 Successoribus
1673 466 1930 528 quoque
1977 447 2103 507 suis
2150 447 2446 509 catholice
2486 447 2854 508 intrantibus
2886 446 3148 508 eandem
3182 467 3263 506 re·

665 552 997 612 verentiam
1032 552 1357 615 exhibebit.

879 679 932 718 2.
996 660 1070 719 Et
1115 660 1327 719 reddet
1371 638 2050 740 dominus⁰imperator
2094 680 2301 724 veram
2350 680 2564 742 pacem
2624 677 2747 722 tam
2810 660 3072 722 domino
3119 680 3265 741 pape

662 764 1014 826 Alexandro
1047 786 1235 845 quam
1270 765 1563 827 omnibus
1595 768 2058 828 successoribus
2088 768 2218 829 suis
2252 784 2309 829 et
2339 768 2450 830 toti
2485 769 2768 832 Romane
2800 767 3074 829 ecclesie.

879 892 933 951 3.
996 872 1267 933 Omnem
1314 891 1459 932 vero
1502 874 1958 953 possessionem
2008 890 2081 942 et,
2110 889 2559 937 tenementum.
2586 875 2713 935 sive
2761 874 3104 955 prefecture
3150 875 3268 935 sive

660 978 910 1039 alterius
954 979 1059 1056 rei,
1107 999 1295 1059 quam
1335 979 1616 1040 Romana
1667 980 1917 1041 ecclesia
1968 981 2181 1042 habuit
2234 996 2291 1042 et
2338 981 2467 1062 ipse
2513 982 2761 1043 abstulit
2808 1001 2917 1062 per
2947 1002 3012 1042 se
3044 983 3135 1043 vel
3170 1001 3269 1062 per

661 1085 833 1158 alios,
879 1086 1043 1147 bona
1091 1085 1211 1146 fide
1243 1087 1518 1147 restituet
1550 1087 1603 1146 ei
1636 1086 1806 1147 salvo
1844 1087 2022 1148 omni
2060 1088 2190 1149 iure
2226 1088 2488 1168 imperii.
2551 1088 2819 1150 Ecclesia
2853 1108 3112 1169 quoque
3147 1088 3266 1149 Ro·

664 1212 844 1252 mana
880 1211 1136 1253 omnem
1171 1193 1626 1274 possessionem
1657 1209 1716 1255 et
1746 1209 2194 1270 tenementum,
2229 1195 2402 1275 quod
2432 1195 2487 1256 ei
2507 1195 2752 1256 abstulit
2775 1214 2883 1276 per
2901 1216 2966 1258 se
2989 1195 3084 1255 vel
3104 1195 3267 1266 alios,

663 1301 830 1360 bona
863 1299 982 1359 fide
1016 1298 1070 1359 ei
1104 1300 1380 1360 restituet
1410 1299 1581 1361 salvo
1614 1300 1788 1362 omni
1822 1302 1954 1361 iure
1991 1302 2277 1363 Romane
2312 1303 2582 1363 ecclesie.

840 1426 899 1484 4
963 1406 1391 1469 possessiones
1437 1408 1634 1483 etiam,
1680 1428 1835 1489 quas
1867 1409 2166 1471 dominus
2200 1409 2534 1489 imperator
2566 1410 2861 1486 restituet
2896 1361 2972 1474 ad
3007 1409 3267 1470 retinen-

664 1513 815 1572 dum
850 1512 1098 1574 iuvabit.

883 1641 964 1700 5.,
1003 1621 1292 1696 Similiter
1337 1640 1395 1684 et
1441 1624 1761 1688 universos
1808 1624 2067 1685 vasallos
2112 1623 2384 1701 ecclesie,
2433 1643 2592 1704 quos
2625 1623 2949 1685 occasione
2982 1623 3270 1683 scismatis

663 1728 958 1790 dominus
1007 1729 1336 1810 imperator
1368 1729 1615 1790 abstulit
1645 1729 1742 1790 vel
1774 1731 2020 1810 recepit,
2068 1731 2365 1801 dominus
2398 1729 2738 1811 imperator
2768 1730 3043 1793 absolvet
3072 1744 3131 1792 et
3162 1728 3271 1788 do·

663 1835 837 1896 mino
871 1856 1027 1917 pape
1061 1836 1452 1913 A(lexandro)
1487 1838 1761 1898 restituet
1794 1853 1854 1897 et
1887 1838 2137 1898 ecclesie
2170 1837 2477 1898 Romane.

876 1945 935 2004 6.
1002 1944 1273 2004 preterea
1308 1944 1603 2004 dominus
1637 1945 1966 2025 imperator
1997 1958 2054 2004 et
2087 1944 2379 2005 dominus
2413 1964 2567 2025 papa
2602 1943 2677 2003 ad
2715 1943 3020 2004 honorem
3044 1957 3103 2002 et
3136 1941 3260 2001 iura

663 2050 913 2111 ecclesie
961 2066 1018 2110 et
1062 2050 1298 2131 imperii
1343 2053 1761 2113 conservanda
1796 2071 1861 2114 se
1892 2050 2161 2122 vicissim
2193 2051 2511 2122 iuvabunt,
2547 2049 2850 2114 dominus
2882 2069 3037 2130 papa
3071 2064 3137 2108 ut
3170 2051 3269 2107 be-

663 2158 893 2238 nignus
925 2173 1091 2238 pater
1121 2157 1416 2219 devotum
1448 2175 1506 2219 et
1525 2158 1909 2220 carissimum
1930 2157 2125 2219 filium
2149 2173 2207 2218 et
2226 2158 2659 2238 imperatorem
2683 2155 3267 2230 christianissimum,

663 2264 958 2327 dominus
1005 2283 1149 2325 vero
1194 2265 1524 2346 imperator
1562 2281 1628 2326 ut
1658 2265 1920 2327 devotus
1954 2264 2115 2326 filius
2151 2281 2209 2326 et
2241 2264 2785 2326 christianissimus
2817 2263 3151 2344 imperator
3179 2260 3267 2320 di-

660 2372 887 2432 lectum
921 2387 978 2432 et
1009 2375 1415 2434 reverendum
1450 2387 1682 2453 patrem
1717 2388 1774 2433 et
1807 2374 1964 2434 beati
2001 2373 2159 2433 Petri
2191 2372 2509 2434 vicarium.

878 2499 935 2548 7.
1016 2478 1432 2558 Quecumque
1481 2495 1698 2544 autem
1756 2495 2034 2560 tempore
2081 2479 2379 2544 scismatis
2425 2477 2889 2552 veloccasione
2936 2477 3125 2560 ipsius
3169 2490 3268 2535 aut

659 2585 788 2647 sine
832 2586 1051 2660 ordine
1084 2586 1391 2647 iuditiario
1423 2587 1686 2648 ecclesiis
1718 2608 1750 2647 a
1785 2587 2044 2648 domino
2078 2587 2444 2667 imperatore
2480 2584 2576 2647 vel
2609 2584 2735 2646 suis
2766 2598 2910 2645 sunt
2940 2584 3155 2658 ablata,
3187 2582 3270 2642 eis

662 2693 1075 2779 restituentur.

876 2804 933 2862 8.
1004 2802 1265 2862 Domina
1297 2802 1477 2862 etiam
1511 2801 1788 2881 B(eatrix)
1822 2801 2173 2882 imperatrix
2209 2801 2455 2881 recipiet
2490 2800 2823 2873 dominum
2857 2818 3077 2880 papam
3111 2788 3268 2871 A(1e·‘

659 2908 985 2984 xandrum)
1018 2908 1081 2969 in
1112 2909 1485 2969 catholicum
1517 2925 1576 2969 et
1608 2909 2014 2970 universalem
2051 2928 2305 2990 papam.
2332 2907 2641 2969 Dominus
2673 2926 2931 2987 quoque
2967 2906 3269 2970 Henricus

660 3035 764 3076 rex
816 3014 979 3077 filius
1024 3035 1241 3076 eorum
1277 3014 1548 3077 similiter
1580 3034 1723 3076 eum
1763 3015 2010 3097 recipiet
2043 3030 2101 3075 et
2132 3016 2186 3075 ei
2223 3030 2281 3075 et
2315 3013 2627 3076 catholicis
2660 3014 3115 3075 successoribus
3146 3012 3271 3077 suis

658 3122 938 3183 debitam>
979 3122 1380 3193 reverentiam
1428 3122 1734 3183 exhibebit
1785 3137 1845 3182 et
1894 3122 2338 3201 iuramentum,
2393 3122 2566 3202 quod
2616 3120 2911 3186 dominus
2945 3121 3273 3201 imperator

659 3229 976 3305 exibuerit,
1010 3228 1287 3290 similiter
1318 3245 1375 3289 et
1410 3229 1538 3309 ipse
1571 3228 1915 3309 praestabit.

873 3357 929 3413 9.
996 3335 1215 3396 Pacem
1261 3352 1461 3395 autem
1511 3354 1715 3395 veram
1767 3335 1965 3396 reddit
2009 3335 2304 3395 dominus
2356 3334 2683 3415 imperator
2731 3351 2790 3395 et
2822 3335 3115 3396 dominus
3149 3335 3271 3395 He-

657 3442 822 3504 ricus
866 3462 968 3503 rex
1016 3442 1180 3503 filius
1212 3443 1344 3503 eius
1377 3442 1591 3503 illustri
1624 3443 1751 3519 regi
1784 3442 2022 3502 Siciliae
2056 3461 2255 3521 usque
2295 3442 2372 3502 ad
2405 3441 2519 3502 XV
2554 3459 2778 3515 annos,
2812 3442 2966 3503 sicut
3000 3442 3107 3523 per
3137 3459 3269 3501 me·

658 3550 922 3611 diatores
955 3548 1118 3630 pacis
1149 3565 1239 3610 est
1270 3549 1618 3611 ordinatum
1660 3565 1718 3610 et
1750 3550 2066 3631 scriptum.

883 3676 973 3719 ιο.
1038 3657 1729 3738 Constantinopolitano
1787 3657 1972 3718 etiam
2024 3655 2382 3737 imperatori
2437 3672 2496 3717 et
2547 3655 2843 3716 universis
2894 3656 3275 3718 adiutoribus

657 3764 909 3825 ecclesie
945 3764 1229 3824 Romane
1276 3784 1490 3845 pacem
1536 3783 1743 3825 veram
1794 3764 1992 3825 reddit
2038 3779 2097 3824 et
2146 3762 2390 3824 nullum
2442 3764 2678 3824 malum
2722 3764 3015 3823 meritum
3063 3763 3274 3824 reddet

656 3872 741 3933 eis
773 3891 880 3952 per
911 3891 974 3931 se
1010 3871 1104 3931 vel
1136 3891 1244 3952 per
1275 3891 1421 3933 suos
1456 3892 1567 3953 pro
1599 3871 1847 3934 servitio
1880 3870 2105 3932 collato
2138 3870 2396 3931 ecclesie
2436 3870 2742 3931 Romane.

685 3986 690 3990 ’
882 3998 976 4040 ιι.
1043 3979 1134 4040 De
1181 3979 1446 4058 querelis
1492 3994 1700 4040 autem
1745 3994 1803 4039 et
1850 3977 2298 4055 controversiis,
2345 3997 2503 4057 quae
2552 3992 2694 4039 ante
2725 3993 3003 4057 tempora
3038 3975 3271 4037 domini

656 4084 912 4146 Adriani
964 4085 1122 4145 inter
1167 4087 1482 4147 ecclesiam
1528 4102 1586 4147 et
1632 4087 1963 4168 imperium
1996 4087 2415 4163 vertebantur,
2450 4085 2822 4146 mediatores
2855 4104 2928 4144 ex
2962 4097 3130 4157 parte
3160 4082 3269 4142 do-

656 4191 807 4253 mini
855 4211 1010 4273 pape
1055 4208 1112 4253 et
1156 4193 1393 4254 domini
1439 4192 1822 4275 imperatoris
1870 4193 2343 4270 constituentur,
2393 4192 2620 4273 quibus
2670 4190 3158 4253 committentur.
3206 4204 3271 4248 ut

656 4319 756 4360 eas
790 4299 1006 4360 iuditio
1040 4298 1135 4359 vel
1167 4301 1496 4362 concordia
1528 4301 1879 4361 terminent.
1943 4300 2008 4361 Si
2056 4318 2202 4362 vero
2253 4299 2505 4380 predicti
2539 4298 2908 4363 mediatores
2955 4316 3086 4359 non
3126 4314 3269 4357 con·

655 4406 949 4479 venerint,
987 4405 1207 4465 iuditio
1250 4404 1488 4466 domini
1529 4404 1912 4485 imperatoris
1942 4406 2037 4464 vel
2071 4403 2202 4464 eius
2234 4424 2340 4465 seu
2378 4422 2618 4477 eorum,
2670 4420 2830 4484 quos
2864 4402 2938 4463 ad
2973 4399 3035 4461 id
3069 4399 3269 4482 elege-

656 4501 796 4591 rint,'
832 4512 1146 4575 finientur.

883 4641 976 4681 12.
1035 4619 1385 4681 Christiano
1419 4636 1626 4680 autem
1658 4619 1823 4680 dicto
1856 4620 2228 4680 cancellario
2253 4618 2664 4697 Maguntinus
2699 4616 3269 4697 archiepiscopatus

659 4728 945 4809 Philippo
965 4743 1170 4789 autem
1192 4726 1587 4788 Coloniensis
1608 4726 2170 4808 archiepiscopatus
2202 4725 2626 4787 concedentur
2660 4740 2718 4785 et
2738 4722 3266 4786 confirmabuntur
