3684 5416
329 1539 378 1571 10

330 2073 375 2117 ¹5

323 2608 376 2640 20

326 3143 375 3186 25

327 3676 380 3714 ao

323 4209 373 4253 35

1074 364 1337 419 Potestas
1378 365 1756 421 ecclesiastica
1799 379 1856 421 et
1894 366 2197 438 imperium
2237 367 2411 421 civile.
2946 385 3049 439 299

434 548 606 628 quod
653 547 715 608 in
761 564 1063 610 terrarum
1092 548 1500 630 gentiumque
1533 549 2005 612 omnium-orbe
2037 551 2113 612 ad
2148 567 2370 613 rectam
2406 552 2491 613 rei
2523 571 2726 613 sacrae
2759 570 3048 633 procura-

430 655 685 732 tionem,
719 672 901 735 atque
935 656 1012 716 ad
1045 655 1393 717 animarum
1425 657 1689 719 salutem
1722 657 1919 737 magis
1951 659 2247 739 expediat,
2285 657 2560 720 nitamur
2596 658 2877 739 impense
2901 677 3049 719 con-

432 761 650 823 ciliare.
705 762 789 823 Ea
822 777 1030 824 tamen
1062 763 1396 825 identidem
1428 780 1520 826 est
1550 779 1912 846 temporum
1946 764 2238 843 conditi0‚
2272 785 2377 826 eae
2400 765 2459 829 in
2482 765 2742 846 imperio
2763 781 3048 845 statuque

433 868 748 930 civitatum
778 869 1249 948 vicissitudines,
1284 871 1951 952 commutationesque,
1989 886 2056 933 ut
2087 872 2230 933 inde
2254 873 2725 954 praepediantur
2745 872 2858 955 ipsi
2883 873 3048 934 baud

433 996 591 1055 rare,
639 978 983 1057 quominus
1028 979 1449 1060 spiritualibus
1499 978 1879 1061 populorum
1928 975 2385 1040 necessitatibus
2420 994 2700 1060 prompte
2733 979 3049 1060 libereque

432 1085 814 1149 subveniant.
882 1086 1095 1146 Posset
1127 1086 1295 1147 enim
1328 1088 1405 1147 ab
1436 1086 1512 1147 iis
1543 1086 1961 1167 potissimum,
1996 1084 2104 1166 qui
2137 1085 2488 1147 secundum
2510 1083 2811 1147 elementa
2832 1086 3051 1147 mundi

431 1191 694 1272 sapiunt,
741 1192 871 1273 rapi
917 1193 980 1253 in
1026 1192 1320 1254 invidiam
1364 1193 1691 1255 auctoritas
1736 1192 2125 1271 eorumdem,
2160 1193 2335 1272 quasi
2370 1192 2579 1254 studio
2616 1192 2879 1273 partium
2914 1212 3048 1274 per-

433 1298 583 1360 moti
629 1296 930 1375 judicium
978 1300 1452 1379 quodammodo
1500 1300 1576 1360 de
1617 1318 2023 1381 personarum
2055 1297 2299 1376 iuribus
2332 1299 2547 1376 ferant,
2579 1299 2627 1359 si
2662 1300 2943 1381 pluribus
2975 1300 3051 1359 de

433 1404 773 1485 principatu
822 1405 1340 1469 contendentibus
1373 1405 1692 1487 quidpiam
1728 1405 1842 1486 ipsi
1876 1425 1990 1487 pro
2022 1405 2264 1467 illarum
2303 1406 2635 1485 regionum
2668 1406 2951 1467 Ecclesiis
2984 1425 3051 1466 ac

434 1512 782 1592 praesertim
831 1513 907 1573 ad
955 1530 1166 1573 earum
1215 1512 1541 1594 episcopos
1588 1511 2022 1575 adsciscendos
2055 1511 2404 1590 decernant,
2440 1532 2503 1572 re
2536 1531 2681 1573 cum
2713 1512 2786 1574 iis
2818 1512 3050 1593 collata,

432 1617 538 1697 qui
585 1633 725 1679 actu
770 1618 1000 1680 ibidem
1045 1639 1292 1682 summa
1327 1638 1534 1681 rerum
1568 1620 1914 1701 potiuntur.
1977 1618 2263 1680 Infestam
2300 1620 2481 1698 hanc,
2518 1619 3049 1700 perniciosamque

431 1724 845 1806 suspicionem
895 1726 1070 1788 omni
1120 1725 1243 1788 fere
1293 1742 1485 1789 aetate
1537 1727 1808 1788 insectati
1859 1742 2004 1788 sunt
2055 1727 2323 1788 Romani
2380 1726 2724 1796 Pontifices,
2774 1746 3049 1808 quorum

432 1832 581 1893 tanti
629 1833 898 1908 interest,
946 1834 1138 1915 ipsius
1190 1834 1486 1895 fallaciam
1533 1834 1822 1915 patefieri,
1871 1833 2083 1914 quanti
2129 1849 2243 1895 stat
2288 1849 2531 1895 aeterna
2576 1834 2828 1897 illorum
2860 1835 3045 1905 salus,

431 1939 664 2018 quibus
709 1941 792 2002 ob
838 1939 901 2001 id
948 1959 1164 2001 causae
1211 1957 1562 2021 opportuna
1598 1941 2004 2019 denegentur,
2038 1941 2133 2000 vel
2164 1940 2379 2001 saltem
2415 1940 2664 2019 diutius,
2699 1960 2769 2001 ac
2801 1962 2909 2023 par
2939 1958 3047 2015 est,

432 2045 794 2108 differantur
825 2046 1065 2109 auxilia.

646 2154 785 2214 Huc
833 2174 981 2215 sane
1013 2156 1329 2217 dumtaxat
1360 2156 1654 2237 spectavit
1688 2154 1878 2216 felicis
1911 2154 2350 2216 recordationis
2383 2155 2814 2235 praedecessor
2845 2146 3051 2217 noster

431 2260 722 2322 Clemens
755 2262 846 2339 V.‚
894 2262 1003 2342 qui
1051 2262 1115 2322 in
1149 2260 1432 2324 Generali
1468 2261 1808 2324 Viennensi
1844 2260 2130 2323 Concilio
2161 2259 2561 2322 saluberrima
2594 2261 3049 2323 Constitutione

432 2382 682 2428 cautum
729 2368 927 2445 edicit,
979 2384 1043 2430 ut
1074 2372 1138 2430 si
1164 2390 1337 2451 quem
1371 2370 1655 2430 Summus
1687 2368 1973 2442 Pontifex
2003 2367 2115 2428 sub
2149 2367 2332 2428 titulo
2364 2366 2694 2446 cujuslibet
2722 2368 3050 2448 dignitatis

430 2496 504 2536 ex
534 2483 700 2537 certa
731 2479 1013 2551 scientia,
1046 2477 1246 2551 verbo,
1279 2479 1737 2549 constitutione,
1769 2476 1871 2536 vel
1896 2477 2100 2536 literis
2131 2478 2424 2549 nominet,
2457 2474 2728 2547 honoret,
2759 2494 2862 2534 seu
2895 2494 3047 2555 quo-

430 2583 522 2642 vis
552 2583 680 2643 alio
711 2584 886 2644 modo
918 2591 1162 2659 tractet,
1186 2594 1303 2666 per
1334 2585 1447 2646 hoc
1478 2587 1543 2644 in
1576 2584 1882 2663 dignitate
1915 2582 2031 2643 illa
2063 2585 2262 2663 ipsum
2296 2581 2640 2663 approbare
2671 2602 2789 2641 non
2812 2580 3048 2641 intelli-

421 2697 640 2770 gatur,
671 2698 782 2751 aut
808 2693 1133 2773 quicquam
1167 2694 1229 2753 ei
1257 2691 1527 2754 tribuere
1559 2693 1704 2753 novi
1713 2690 1910 2770 juris.

645 2799 706 2858 ld
741 2814 799 2859 et
830 2798 1314 2860 luculentissime
1345 2813 1599 2860 testatus
1633 2813 1724 2859 est
1754 2799 2025 2859 loannes
2057 2796 2261 2873 xxn„
2307 2795 2561 2876 quando
2595 2795 2673 2855 ad
2706 2795 3049 2856 Robertum

432 2905 738 2985 Brusium‚
791 2906 898 2987 qui
950 2925 1157 2985 regem
1191 2906 1520 2968 Scotorum
1565 2907 1799 2986 agebat,
1846 2904 2072 2966 litteras
2117 2903 2486 2965 concordiae
2533 2921 2746 2963 caussa
2792 2921 2857 2961 se
2906 2901 3049 2962 dare

429 3011 667 3093 scripsit
700 3012 812 3074 sub
844 3016 1020 3093 regia
1055 3013 1500 3086 intitulatione,
1526 3014 1718 3092 probe
1750 3028 2000 3090 gnarus,
2036 3029 2146 3090 per
2177 3028 2313 3070 eam
2334 3028 2405 3069 ex
2426 3008 2540 3069 Cle
2555 3008 2860 3070 mentinae
2880 3008 3051 3069 Con-

429 3118 761 3180 stitutionis
808 3120 1183 3200 praescripto
1228 3140 1339 3180 nec
1364 3118 1543 3198 juris
1576 3121 1744 3199 regis
1777 3117 2047 3199 Angliae
2078 3115 2345 3191 detrahi,
2378 3137 2489 3177 nec
2522 3118 2650 3198 ipsi
2675 3135 2891 3176 novum
2926 3114 3049 3175 ali-

429 3228 594 3307 quod
615 3227 730 3306 jus
776 3229 1037 3308 acquiri.
1101 3225 1292 3300 Quod
1340 3245 1418 3287 ne
1451 3227 1607 3288 dum
1639 3224 1800 3286 binis
1832 3226 1910 3286 ad
1944 3225 2150 3305 ipsum
2187 3224 2528 3285 Robertum
2563 3221 2775 3283 litteris
2808 3222 3051 3283 denun-

430 3334 622 3411 ciavit,
672 3336 779 3394 sed
826 3350 886 3395 et
932 3332 1187 3414 epistola
1233 3333 1422 3394 officii
1472 3333 1652 3413 plena
1701 3351 1981 3413 expresse
2030 3330 2357 3392 admonuit
2393 3329 2757 3391 Eduardum
2791 3328 3050 3407 Angliae

432 3440 685 3521 Regem,
720 3460 863 3502 cum
899 3460 1029 3521 quo
1062 3440 1137 3501 de
1170 3439 1407 3500 Scotiae
1440 3439 1762 3500 dominatu
1797 3438 2115 3500 contentio
2148 3437 2246 3498 illa
2282 3437 2569 3514 fervebat,
2606 3454 2683 3496 ne
2704 3434 2926 3496 scilicet
2940 3443 3055 3515 per

430 3547 782 3609 huiusmodi
824 3548 1301 3608 intitulationem
1351 3562 1639 3618 censeret,
1689 3544 2007 3625 quidpiam
2058 3542 2405 3604 alterutrius
2440 3541 2561 3619 juri
2594 3540 2692 3603 vel
2722 3541 3052 3601 accrevisse

430 3654 524 3714 vel
557 3673 687 3715 esse
721 3655 1079 3715 detractum.

642 3762 774 3822 Nec
804 3759 1069 3822 absimili
1102 3759 1363 3820 consilio
1396 3759 1539 3819 Pius
1570 3758 1636 3821 ll.
1671 3777 1819 3819 usus
1855 3772 1961 3832 est,
1998 3756 2250 3836 quando
2285 3756 2360 3816 de
2396 3755 2842 3832 Hungarorum
2882 3754 3051 3834 prin-

428 3869 631 3948 cipatu
677 3869 837 3930 inter
869 3868 1308 3948 Imperatorem
1342 3864 1722 3926 Fridericum
1772 3879 1830 3925 et
1865 3862 2164 3925 Mathiam
2200 3861 2458 3923 loannis
2492 3858 2810 3920 Huniadis
2855 3857 3054 3919 filium

429 3976 848 4037 dimicabatur.
916 3973 1263 4054 Respondit
1295 3972 1548 4054 quippe,
1595 3971 1780 4033 illum
1812 3991 1846 4032 a
1879 3991 1942 4032 se
1977 3990 2048 4031 ex
2081 3988 2256 4030 more
2289 3967 2637 4049 nuncupari
2670 3985 2898 4045 regem,
2934 3966 3041 4046 qui

431 4101 696 4162 regnum
728 4098 985 4158 teneret,
1018 4101 1147 4163 quo
1180 4098 1317 4143 actu
1354 4081 1509 4143 nulli
1543 4081 1742 4152 inquit
1776 4081 2216 4142 detrimentum
2252 4098 2317 4139 se
2349 4077 2619 4138 arbitrari
2654 4075 2908 4136 illatum.

644 4190 822 4251 Hanc
869 4208 1057 4270 porro
1104 4190 1326 4270 agendi
1379 4189 1701 4266 rationem,
1748 4207 1935 4269 quam
1989 4189 2065 4249 ab
2098 4186 2434 4268 apostolica
2467 4185 2613 4245 sede
2646 4183 2740 4244 vel
2774 4204 2805 4243 a
2840 4181 3053 4263 priscis

429 4298 812 4379 temporibus
844 4312 1142 4359 servatam
1175 4297 1483 4374 novimuS‚
1519 4296 1975 4371 constitutione,
2011 4314 2201 4375 quam
2235 4297 2299 4354 in
2319 4298 2687 4376 perpetuum
2718 4290 3050 4351 valituram

430 4412 491 4465 et
516 4405 1018 4486 irrefragabilem
1053 4404 1221 4482 dixit,
1258 4419 1448 4464 ratam
1486 4403 1695 4464 habuit
1717 4402 1928 4463 Xistus
1947 4402 2067 4478 lV.,
2101 4400 2199 4462 fel.
2221 4420 2339 4462 rec.
2376 4398 2597 4480 pariter
2620 4398 3051 4479 praedecessor

430 4527 658 4591 noster,
707 4528 894 4593 atque
940 4512 1252 4593 speciatim
1286 4509 1690 4586 confirmavit,
1726 4524 1792 4571 ut
1826 4509 2125 4571 nimirum
2162 4509 2222 4568 si
2249 4510 2361 4588 qui
2376 4517 2498 4589 pro
2532 4505 2806 4586 regibus,
2840 4510 2947 4564 aut
2978 4507 3043 4563 in

428 4620 639 4701 aliqua
684 4621 989 4700 dignitate
1032 4620 1382 4680 constitutis
1427 4640 1465 4677 a
1497 4617 1795 4679 Romanis
1827 4615 2234 4688 Pontificibus
2281 4616 2531 4695 recepti,
2579 4612 2903 4683 nominati,
2937 4617 3046 4669 aut

429 4729 687 4787 tractati
691 4728 949 4805 fuerint
977 4733 1098 4785 tam
1125 4734 1241 4806 per
1271 4744 1358 4799 se,
1404 4743 1583 4804 quam
1607 4732 1727 4804 per
1760 4723 2033 4794 nuntios,
2066 4727 2174 4780 aut
2204 4723 2451 4801 ipsimet
2480 4739 2546 4779 se
2576 4718 3049 4789 nominaverint,

429 4839 488 4892 et
515 4833 594 4894 ab
626 4834 776 4894 aliis
808 4831 1184 4914 quibuslibet
1205 4840 1322 4912 pro
1357 4830 1586 4891 talibus
1619 4832 1948 4903 nominati,
1996 4830 2243 4908 recepti,
2286 4827 2383 4887 vel
2411 4828 2668 4888 tractati
2673 4826 2948 4904 suerint,
2979 4845 3054 4884 ac

427 4942 490 5000 si
516 4940 943 5022 personaliter
986 4946 1096 5000 aut
1125 4948 1248 5020 per
1278 4958 1483 4998 eorum
1516 4944 1792 4998 oratores
1827 4940 1891 4996 in
1925 4937 2336 5006 consistoriis,
2368 4934 2468 4994 vel
2494 4934 2642 4993 aliis
2674 4930 3050 5012 quibuslibet
