3684 5416
276 1604 333 1635 10

278 2259 332 2301 ι5

275 2794 342 2826 ‘20

276 3333 338 3374 ’25

288 3865 346 3908 30

1346 435 1594 491 Ecclesia
1622 434 2030 507 antiquissima.
2926 462 2954 516 3
2963 461 2991 514 ς

380 622 461 683 ab
506 615 685 681 annis
730 621 1021 681 nondum
1066 619 1276 698 viginti
1318 619 1701 682 collocatam.
1763 622 1883 684 Cui
1915 623 1966 683 si
2000 623 2151 704 quid
2185 624 2473 705 refrigerii
2509 626 2799 687 debuerat
2829 626 2991 708 epis-

391 745 608 807 copua,
657 726 828 788 aliter
875 725 1088 807 utique
1132 725 1301 788 salvo
1347 744 1623 808 respectu
1671 728 2026 810 disciplinae
2076 746 2374 811 praestare
2419 732 2734 814 potuisset,
2769 754 2844 794 ne
2878 732 2993 795 tale

391 852 562 895 nunc
592 833 977 907 miraculum,
1009 853 1088 894 ne
1117 833 1374 895 dixerim
1394 851 1761 907 monstrum,
1793 837 1858 897 in
1879 838 2129 899 ecclesia
2151 838 2566 916 denotaretur,
2600 840 2772 920 virgo
2791 839 2993 911 vidua,

392 942 512 1002 hoc
559 940 813 1020 quidem
863 940 1340 1022 portentuosior,
1390 942 1564 1021 quod
1609 962 1725 1004 nec
1755 962 1877 1023 qua
1910 944 2097 1005 vidua
2129 961 2312 1025 caput
2344 946 2507 1026 texit,
2559 961 2895 1027 utrumque
2929 966 2993 1007 se

391 1067 647 1127 negans,
682 1064 741 1111 et
770 1048 1094 1127 virginem,
1127 1067 1286 1128 quae
1320 1047 1503 1110 vidua
1537 1048 1884 1130 deputetur,
1928 1067 1986 1112 et
2019 1051 2290 1129 viduam,
2337 1073 2496 1132 quae
2529 1052 2703 1131 virgo
2735 1053 2991 1114 dicatur.

391 1155 510 1218 Sed
559 1174 627 1215 ea
672 1154 1028 1216 auctoritate
1068 1154 1191 1216 illic
1234 1155 1404 1216 sedet
1449 1155 1669 1218 intecta
1715 1176 1839 1237 qua
1872 1173 1931 1218 et
1961 1158 2153 1238 virg0,
2185 1158 2261 1219 ad
2294 1160 2486 1240 quam
2516 1160 2725 1221 sedem
2761 1177 2996 1242 praeter

395 1280 597 1324 annos
641 1261 977 1339 sexaginta.
998 1280 1145 1323 non.
1174 1277 1418 1323 tantum
1448 1261 1741 1341 univirae,
1790 1263 1852 1324 id
1886 1280 1974 1325 est
2008 1280 2255 1345 nuptae,
2288 1265 2627 1346 aliquando
2659 1266 2988 1347 eliguntur,

388 1370 497 1434 sed
534 1384 593 1433 et
623 1384 862 1444 matres,
908 1384 969 1431 et
1000 1368 1257 1449 quidem
1290 1369 1662 1431 educatrices
1694 1369 1989 1448 filiorum,
2036 1371 2263 1433 scilicet
2295 1387 2363 1434 ut
2395 1372 2828 1453 experimentis
2858 1392 2997 1435 om-

392 1477 572 1538 nium
600 1476 933 1538 affectuum
966 1490 1228 1537 structae
1269 1492 1325 1536 et
1359 1475 1529 1537 facile
1560 1476 1773 1538 norint
1800 1492 2033 1538 ceteras
2065 1492 2124 1538 et
2156 1478 2416 1541 consilio
2447 1495 2504 1539 et
2535 1479 2754 1541 solatio
2787 1480 2995 1542 iuvare

390 1600 447 1646 et
494 1598 561 1644 ut
605 1581 1018 1644 nihilominus
1064 1602 1133 1645 ea
1165 1583 1626 1645 decucurrerint
1657 1603 1766 1664 per
1797 1602 1959 1664 quae
1992 1582 2219 1645 femina
2257 1585 2500 1666 probari
2540 1602 2753 1666 potest.
2817 1588 2997 1649 Adeo

389 1690 545 1753 nihil
578 1688 795 1769 virgini
827 1689 904 1750 ad
936 1691 1245 1752 honorem
1275 1690 1351 1749 de
1382 1688 1522 1751 loco
1557 1689 1924 1771 permissum
1958 1705 2067 1750 est.
2131 1687 2188 1770 [1.
2220 1710 2272 1753 c.
2309 1710 2444 1772 pag.
2483 1690 2644 1772 524]

885 1876 964 1950 g)
1028 1869 1131 1930 De
1180 1868 1821 1951 praescriptione
1872 1869 2486 1932 haeretieorum.

604 2013 754 2093 Cap.
770 2011 902 2073 XX.
921 2010 1205 2073 Christus
1224 2010 1410 2086 lesuS,
1430 2009 1726 2072 dominus
1748 2026 1976 2084 noster,
1996 2011 2299 2092 permittat
2318 2012 2517 2073 dicere
2540 2013 2802 2092 interim,
2826 2016 2998 2095 quis-

392 2120 531 2200 quis
546 2135 656 2196 est,
674 2119 1105 2199 cuiuscunque
1119 2118 1216 2178 dei
1232 2117 1415 2194 filius,
1431 2117 1861 2198 cuiuscunque
1879 2118 2163 2178 materiae
2182 2118 2376 2181 homo
2393 2135 2453 2180 et
2469 2120 2643 2197 deus,
2661 2121 2995 2184 cuiuscun-

393 2247 516 2308 que
536 2226 678 2288 fidei
700 2240 1074 2307 praeceptor,
1090 2224 1520 2304 cuiuscunque
1543 2224 1839 2285 mercedis
1860 2223 2286 2306 repromissor,
2306 2224 2459 2305 quid
2480 2242 2654 2302 esset,
2673 2226 2825 2307 quid
2848 2229 2999 2291 fuis-

391 2352 501 2413 set,
515 2352 704 2416 quam
720 2333 907 2415 patris
923 2332 1302 2394 voluntatem
1317 2330 1943 2411 administraret‚quid
1963 2331 2203 2393 homini
2219 2333 2531 2411 agendum
2552 2334 3000 2415 determinaret,

393 2441 697 2524 quamdiu
729 2440 792 2500 in
824 2439 998 2501 terris
1030 2440 1264 2519 agebat,
1306 2439 1433 2520 ipse
1465 2438 1901 2521 pronuntiabat
1933 2438 2059 2499 sive
2093 2438 2333 2520 populo
2367 2439 2565 2521 palam
2600 2440 2727 2502 sive
2757 2436 3000 2503 discen-

390 2551 556 2611 tibus
601 2566 901 2624 seorsum,
947 2566 1018 2607 ex
1066 2545 1294 2627 quibus
1339 2544 1669 2608 duodecim
1721 2544 2089 2625 praecipuos
2120 2544 2290 2607 lateri
2323 2565 2441 2607 suo
2474 2546 2779 2628 allegerat,
2813 2550 2999 2611 desti-

394 2674 568 2721 natos
614 2653 965 2718 nationibus
1014 2653 1375 2732 magistros..
1418 2652 1626 2734 Itaque
1678 2671 1810 2715 uno
1857 2672 2074 2715 eorum
2109 2653 2368 2717 decusso
2400 2654 2675 2737 reliquos
2708 2657 3000 2719 undecim

394 2763 745 2843 digrediens
788 2763 865 2824 ad
912 2778 1147 2842 patrem
1196 2776 1335 2841 post
1367 2761 1877 2823 resurrectionem
1912 2761 2084 2822 iussit
2116 2761 2198 2822 ire
2232 2778 2288 2822 et
2320 2762 2540 2824 docere
2572 2764 2852 2826 nationes
2883 2765 3000 2827 tin-

401 2871 677 2952 guendas
723 2871 788 2931 in
820 2885 1050 2951 patrem
1080 2885 1146 2929 et
1178 2869 1239 2929 in
1275 2867 1474 2930 filium
1507 2884 1564 2929 et
1596 2868 1662 2930 in
1693 2868 1980 2950 spiritum
2014 2886 2316 2931 sanctum.
2381 2870 2598 2932 Statim
2633 2871 2817 2949 igitur
2849 2892 3003 2953 apo-

395 2978 556 3055 stoli,
605 2998 764 3059 quos
798 2977 947 3039 haec
978 2975 1306 3058 appellatio
1341 2976 1562 3037 missos
1594 2976 2044 3057 interpretatur,
2090 2995 2408 3059 assumpto
2441 2997 2549 3060 per
2580 2995 2807 3039 sortem
2842 2979 3003 3040 duo-

394 3086 640 3147 decimo
661 3083 915 3147 Matthia
948 3085 1011 3145 in
1042 3084 1255 3145 locum
1288 3083 1474 3144 Iudae
1495 3104 1567 3144 ex
1587 3083 1941 3145 auctoritate
1973 3084 2349 3165 prophetiae,
2383 3104 2542 3166 quae
2564 3103 2651 3147 est
2672 3086 2737 3147 in
2761 3086 3003 3166 psalmo

400 3193 618 3270 David,
663 3192 978 3253 consecuti
1028 3191 1396 3273 promissam
1443 3190 1572 3251 vim
1617 3190 1867 3272 spiritus
1913 3191 2102 3252 sancti
2148 3193 2224 3253 ad
2272 3192 2522 3254 virtutes
2568 3209 2627 3254 et
2659 3193 3004 3273 eloquium,

400 3301 606 3383 primo
640 3319 749 3381 per
779 3299 1065 3360 Iudaeam
1099 3313 1432 3359 contestata
1467 3297 1586 3358 fide
1621 3298 1684 3358 in
1716 3296 1915 3359 lesum
1951 3297 2271 3361 Christum
2306 3315 2364 3360 et
2396 3300 2665 3361 ecclesiis
2698 3298 3005 3375 institutiS,

397 3408 630 3470 dehinc
676 3407 739 3467 in
773 3408 988 3468 orbem
1024 3405 1276 3488 profecti
1311 3406 1571 3468 eandem
1606 3405 1952 3466 doctrinam
1985 3406 2264 3468 eiusdem
2297 3406 2440 3469 fidei
2474 3407 2827 3478 nationibus
2861 3425 3007 3486 pro-

400 3515 854 3594 mulgaverunt.
917 3515 988 3575 Et
1036 3513 1288 3596 perinde
1336 3513 1618 3575 ecclesias
1663 3513 1830 3594 apud
1879 3532 2391 3595 unamquamque
2437 3515 2737 3575 civitatem
2792 3511 3007 3574 condi-

400 3624 647 3700 derunt,
681 3643 714 3682 a
747 3621 979 3702 quibus
1010 3621 1324 3682 traducem
1362 3618 1505 3681 fidei
1536 3634 1595 3679 et
1627 3619 1863 3680 semina
1896 3620 2210 3681 doctrinae
2230 3636 2466 3681 ceterae.
2483 3619 2700 3681 exinde
2721 3619 3007 3685 ecclesiae

401 3746 716 3792 mutuatae
749 3744 895 3791 sunt
927 3744 986 3789 et
1017 3727 1262 3789 cottidie
1297 3741 1680 3802 mutuantur,
1716 3741 1783 3785 ut
1814 3726 2104 3787 ecclesiae
2137 3725 2298 3791 fiant.
2339 3732 2428 3788 Ac
2461 3746 2569 3808 per
2602 3728 2720 3788 hoc
2753 3742 2813 3787 et
2846 3727 3010 3807 ipsae

400 3831 773 3919 apostolicae
838 3837 1309 3917 deputabuntur
1372 3849 1438 3894 ut
1486 3832 1740 3895 suboles
1789 3833 2266 3913 apostolicarum
2317 3832 2728 3894 ecclesiarum.
2801 3831 3009 3896 Omne

399 3964 605 4026 genus
636 3943 713 4003 ad
749 3941 1049 4021 originem
1084 3960 1261 4002 suam
1294 3955 1611 4000 censeatur
1642 3957 1892 3999 necesse
1925 3953 2030 4000 est.
2063 3938 2271 4019 ltaque
2304 3955 2483 4005 totae
2501 3955 2702 4000 tantae
2723 3938 3010 4000 ecclesiae

403 4072 527 4114 una
560 4065 651 4112 est
683 4049 784 4110 illa
818 4050 890 4109 ab
922 4046 1216 4128 apostolis
1249 4047 1465 4127 prima,
1499 4065 1572 4106 ex
1605 4065 1727 4125 qua
1760 4063 1998 4106 omnes.
2046 4045 2146 4106 Sic
2179 4065 2399 4107 omnes
2433 4046 2665 4126 primae
2699 4062 2754 4107 et
2790 4064 3012 4108 omnes

401 4156 802 4241 apostolicae,
836 4155 987 4216 dum
1024 4172 1149 4215 una
1179 4171 1402 4215 omnes
1435 4154 1696 4234 probant
1729 4152 1965 4214 unitate
1997 4153 2481 4216 communicatio
2515 4152 2678 4235 pacis
2711 4168 2769 4214 et
2800 4151 3012 4234 appel-

402 4265 547 4327 latio
596 4262 980 4325 fraternitatis
1010 4278 1069 4322 et
1101 4260 1536 4322 contesseratio
1571 4259 2015 4342 hospitalitatis,
2048 4278 2206 4340 quae
2237 4258 2370 4320 iura
2391 4279 2522 4321 non
2541 4259 2653 4321 alia
2673 4258 2827 4320 ratio
2862 4258 3015 4336 regit

326 4401 344 4434 ς
403 4392 593 4454 quam
630 4371 907 4432 eiusdem
942 4367 1300 4430 sacramenti
1335 4387 1458 4429 una
1491 4366 1750 4428 traditio.
1814 4364 1870 4446 [1.
1904 4386 1957 4428 c.
1992 4386 2127 4448 pag.
2166 4364 2549 4447 561—562.]

620 4479 772 4561 Cap.
788 4477 1031 4539 XXXII.
1065 4476 1360 4537 Ceterum
1380 4474 1428 4535 si
1452 4493 1608 4554 quae
1628 4474 1859 4535 audent
1878 4474 2235 4534 interserere
2256 4494 2319 4534 se
2341 4473 2515 4534 aetati
2537 4471 2926 4554 apostolicae,
2947 4487 3018 4533 ut

404 4589 545 4649 ideo
576 4586 902 4647 videantur
934 4583 1333 4666 ab·apostolis
1366 4583 1614 4644 traditae
1644 4582 1788 4662 quia
1810 4583 1927 4643 sub
1949 4581 2244 4662 apostolis
2265 4580 2533 4655 fuerunt,
2565 4597 2901 4660 possumus
2921 4578 3015 4638 di·

404 4715 570 4762 cere:
594 4694 794 4755 Edant
810 4712 957 4773 ergo
978 4692 1248 4774 origines
1264 4691 1659 4768 ecclesiarum
1675 4708 1947 4764 suarum,
1964 4688 2248 4750 evolvant
2267 4687 2553 4749 ordinem
2574 4686 3014 4766 episcoporum

407 4821 688 4879 suorum,
719 4801 798 4862 ita
833 4820 945 4882 per
972 4800 1426 4862 successionem
1461 4801 1535 4859 ab
1569 4797 1745 4859 initio
1777 4798 2227 4874 decurrentem,
2263 4810 2330 4855 ut
2368 4793 2604 4876 primus
2636 4792 2733 4853 ille
2778 4790 3018 4872 episco-

291 4935 355 4976 4ο
412 4930 527 4991 pus
559 4909 831 4990 aliquem
866 4928 939 4968 ex
971 4907 1264 4989 apostolis
1299 4905 1391 4966 vel
1426 4904 1775 4986 apostolicis
1807 4902 1967 4978 viris,
2000 4903 2108 4983 qui
2140 4919 2349 4964 tamen
2381 4921 2525 4963 cum
2562 4899 2856 4982 apostolis
2878 4905 3016 4980 per-

410 5016 724 5096 severavit,
779 5015 1059 5078 habuerit
1108 5030 1421 5076 auctorem
1473 5029 1531 5074 et
1576 5027 2043 5073 antecessorem.
2112 5011 2247 5071 I-loc
2291 5007 2459 5070 enim
2508 5007 2699 5068 modo
2733 5005 3021 5067 ecclesiae

2672 5125 2735 5197 3.
