3684 5416
357 1547 407 1579 to

358 2083 404 2125 15

1633 384 1893 454 Capituli.
2962 389 3064 441 601

474 567 759 629 stantiam
794 565 1116 625 Remensis
1148 566 1606 648 archiepiscopi,
1638 583 1785 629 tunc
1818 569 2092 650 episcopi
2129 570 2672 646 Praenestinensis,
2704 569 3072 650 apostolicae

456 676 617 736 sedis
651 673 850 752 legati,
885 689 943 733 et
977 675 1332 734 auctoritate
1369 675 1559 755 ipsius
1593 675 1726 736 talis
1759 677 1918 737 inter
1949 697 2093 737 eum
2139 675 2194 736 T.
2227 699 2298 737 ex
2329 698 2452 739 una
2473 685 2681 759 parte,
2727 693 2786 738 et
2818 697 3073 737 venera-

459 783 639 843 bilem
653 785 929 859 fratrem
963 787 1237 841 nostrum
1272 780 1344 843 R.
1379 782 1743 863 episcopum
1778 798 1835 843 et
1869 783 2123 843 dilectos
2134 784 2325 863 filios
2346 785 2677 846 canonicos
2697 783 3073 844 Linconien-

458 910 550 949 ses
598 910 670 948 cx
715 887 912 947 altera
944 887 1320 967 compositio
1356 887 1709 966 intercessit,
1748 891 1919 969 quod
1955 889 2093 969 ipso
2126 891 2201 949 ab
2235 890 2320 950 eis
2339 900 2462 972 per
2493 912 2736 951 manum
2757 890 3079 971 praedicti

458 994 909 1075 archiepiscopi
951 1008 1197 1074 recepto
1243 994 1304 1055 in
1353 995 1723 1056 canonicum
1773 1013 1831 1056 et
1879 998 1943 1056 in
1971 999 2272 1075 fratrem,
2322 1013 2380 1058 et
2414 1017 2711 1058 concesso
2744 997 2860 1058 sibi
2897 995 3074 1057 stallo

459 1102 519 1162 in
553 1103 746 1162 choro
781 1118 837 1161 et
871 1101 1328 1182 participatione
1364 1103 1637 1183 qualibet
1671 1104 2049 1177 divinorum,
2073 1104 2236 1164 idem
2271 1105 2505 1166 fructus
2538 1106 2920 1187 praebendae
2956 1105 3074 1163 ali-

459 1211 633 1269 cuius
665 1209 931 1268 eiusdem
967 1209 1261 1279 ecclesiae
1292 1210 1604 1291 percipere
1638 1231 1763 1272 non
1798 1211 2066 1288 deberet,
2103 1211 2222 1271 nisi
2255 1211 2398 1272 loco
2434 1213 2716 1293 proximo
2738 1227 3073 1299 vacaturae.

459 1318 499 1392 †
546 1317 717 1376 Licet
760 1325 957 1377 autem
1006 1327 1400 1379 memoratum
1450 1318 1970 1400 archiepiscopum
2017 1322 2262 1381 sincera
2317 1321 2653 1401 diligamus
2706 1324 2770 1381 in
2804 1321 3075 1381 Domino

460 1426 742 1497 caritate,
789 1426 1102 1505 ipsiusque
1146 1426 1402 1486 velimus
1448 1425 1672 1485 honori
1700 1427 1962 1500 deferre,
2009 1429 2154 1508 quia
2188 1434 2388 1488 tamen
2425 1430 2487 1487 iu
2522 1427 2644 1502 his,
2678 1449 2830 1507 quae
2863 1434 3077 1487 contra

460 1534 789 1592 canonicas
822 1535 1173 1592 sanctiones
1205 1535 1504 1592 attentari
1532 1540 1891 1605 noscuntur,
1938 1536 1999 1592 ei
2028 1535 2267 1612 deferre
2301 1557 2409 1595 nec
2442 1536 2719 1597 volumus
2750 1556 2861 1595 nec
2894 1534 3075 1595 debe-

461 1660 616 1712 mus,
661 1641 826 1718 quod
855 1639 930 1698 ab
963 1661 1030 1699 eo
1065 1640 1287 1699 illicite
1298 1643 1546 1719 sactum
1580 1646 1674 1699 est
1704 1642 1766 1699 in
1801 1639 1916 1699 hac
1933 1649 2121 1721 parte
2154 1642 2437 1703 duximus
2471 1643 2868 1716 irritandum,
2920 1644 3084 1723 quod

461 1747 698 1809 licitum
714 1750 961 1824 factum
995 1755 1090 1808 est
1118 1749 1539 1829 approbantes.
1575 1747 1793 1822 Quum
1827 1766 1975 1826 ergo
2009 1749 2244 1809 dictum
2275 1749 2352 1810 T.
2386 1750 2449 1808 in
2487 1749 2860 1811 canonicum
2894 1750 3078 1831 recipi

461 1862 522 1913 et
550 1856 613 1913 in
628 1856 905 1931 fratrem
940 1856 1258 1915 canonicis
1306 1874 1433 1915 non
1481 1855 1685 1914 obviet
1718 1855 2025 1931 institutis,
2057 1872 2113 1914 et
2148 1872 2492 1915 vacaturam
2528 1873 2871 1935 exspectare
2907 1876 3078 1937 prae-

463 1961 729 2021 bendam
764 1961 1159 2021 Lateranensi
1206 1962 1470 2022 concilio
1520 1980 1648 2022 non
1695 1962 1769 2021 sit
1816 1962 2080 2022 dubium
2128 1962 2392 2039 obviare,
2428 1981 2565 2038 n03,
2603 1962 2761 2023 facto
2795 1962 3073 2023 eiusdem

461 2067 642 2147 legati
673 2068 883 2128 illicito
919 2071 1262 2148 reprobato,
1285 2070 1456 2147 quod
1481 2085 1566 2128 est
1587 2068 1821 2129 licitum
1845 2070 2274 2149 approbanteS,
2295 2069 2440 2149 quia
2462 2068 2703 2129 videtur
2726 2069 3076 2147 indignum,

465 2190 533 2234 ut
578 2177 657 2247 is,
704 2176 815 2254 qui
856 2191 1132 2254 receptus
1178 2182 1271 2234 est
1318 2174 1381 2234 in
1429 2176 1825 2245 canonicum,
1874 2175 2257 2255 praebendae
2306 2175 2604 2235 beneficio
2656 2174 3072 2251 defraudetur,

464 2282 828 2340 discretioni
855 2288 1089 2341 vestrae
1104 2290 1229 2362 per
1259 2282 1592 2361 apostolica
1626 2285 1860 2363 scripta
1884 2283 2270 2357 mandamu3‚
2295 2296 2605 2361 quatenus
2627 2282 2822 2342 dictos
2844 2281 3079 2362 episco-

465 2407 617 2468 pum
650 2405 706 2447 et
740 2389 1073 2449 canonicos
1106 2390 1540 2469 Lingonenses,
1586 2393 1647 2449 si
1675 2411 1880 2450 verum
1915 2396 2008 2450 est
2037 2389 2203 2468 quod
2229 2391 2555 2461 asseritur,
2589 2404 2654 2448 ut
2687 2388 2741 2448 ei
2777 2389 3077 2469 praeben-

465 2494 628 2570 dam,
659 2514 858 2574 quum
893 2516 956 2555 se
980 2496 1231 2556 facultas
1253 2496 1558 2573 obtulerit,
1584 2517 1713 2556 non
1737 2496 2019 2557 differant
2039 2496 2368 2575 assignare,
2391 2499 2721 2556 monitione
2727 2497 3080 2576 praemissa

356 2616 411 2647 20
456 2610 574 2682 per
617 2622 938 2662 censuram
985 2602 1462 2663 ecclesiasticam
1511 2602 1923 2684 appellatione
1971 2602 2307 2683 postposita
2357 2602 2759 2682 compellatiS,
2794 2600 3081 2661 facientes

358 3253 411 3296 25

363 3801 415 3845 30

363 4198 415 4243 35

367 4771 421 4807 40

468 2708 665 2768 eidern
699 2710 1013 2791 portiones
1046 2711 1456 2790 quotidianas,
1491 2731 1649 2790 quae
1686 2711 1846 2772 fiunt
1878 2711 1939 2770 in
1973 2711 2226 2771 ecclesia
2261 2726 2619 2785 memorata,
2651 2707 2783 2771 siue
2806 2707 3081 2768 diminu-

469 2815 633 2876 tione
668 2816 940 2895 qualibet
974 2816 1285 2895 assignari,
1318 2817 1802 2876 contradictores
1831 2825 1956 2898 per
2000 2837 2320 2876 censuram
2354 2817 2833 2877 ecclesiasticam
2868 2814 3081 2896 appel-

470 2923 696 2982 latione
712 2926 1063 3004 postposita
1096 2925 1538 3003 compescendo.
1594 2921 1761 3001 [Dat.
1805 2924 1978 2986 Rom.
2012 2932 2104 3004 ap.
2140 2925 2204 2984 S.
2238 2923 2496 2984 Petrum
2530 2922 2705 2984 XIII.
2737 2921 2885 2982 Kal.
2920 2921 3079 2981 Mai.

468 3031 577 3088 Ao.
621 3028 730 3089 IX.
786 3028 986 3108 1206.]

505 3236 570 3305 d)
628 3236 1130 3291 Innocentius
1170 3239 1286 3293 111.
1325 3238 1393 3293 in
1436 3238 1795 3293 Concilio
1837 3240 2223 3293 Laterano
2269 3239 2375 3291 lv.
2415 3239 2545 3293 hab.
2586 3255 2633 3291 a.
2687 3255 2832 3306 ¹2¹5·
2873 3254 2920 3291 c.
2962 3254 3046 3305 24·

1285 3346 1352 3367 -τ-
1394 3337 1440 3374 c.
1478 3339 1566 3389 42.
1608 3322 1673 3374 X.
1714 3323 1780 3373 de
1817 3324 2090 3374 electione.
2132 3322 2167 3375 Ι.
2210 3322 2258 3375 6.

681 3473 710 3501 ‘
766 3474 924 3544 Corp-
968 3478 1071 3528 iur.
1111 3493 1233 3527 ean.
1274 3476 1359 3528 ed.
1401 3473 1837 3544 Friedberg.
1881 3475 2053 3527 Torn.
2098 3473 2156 3526 ΙΙ.
2200 3473 2306 3527 col.
2348 3470 2574 3542 88—89.
2644 3469 3086 3538 Schneider,

468 3555 573 3604 Die
609 3554 851 3622 bisclu'isl.
891 3558 1255 3627 Domkapitel.
1296 3572 1348 3625 p.
1388 3572 1497 3624 155·

472 3700 581 3753 Per
606 3698 856 3769 aliquam
886 3698 955 3752 de
985 3699 1161 3752 tribus
1190 3697 1389 3752 formis
1418 3696 1506 3751 hic
1535 3695 1838 3760 contentiS‚
1867 3696 2080 3751 scilicet
2102 3695 2371 3763 scrutinii,
2393 3691 2801 3765 compromissi
2829 3705 2883 3746 et
2910 3690 3085 3762 inspi-

471 3780 722 3844 rationiS,
765 3779 1003 3851 procedi
1046 3780 1216 3834 debet
1243 3780 1316 3833 ad
1344 3778 1681 3833 electionem
1709 3777 1766 3831 in
1795 3777 2043 3832 ecclesiis
2072 3777 2526 3844 cathedralibus,
2567 3773 2730 3828 aliter
2757 3773 2958 3828 electio
2989 3789 3085 3826 ce-

469 3862 687 3915 lebrata
726 3878 845 3914 non
888 3861 1052 3924 valet,
1095 3873 1151 3914 et
1192 3874 1393 3914 contra
1435 3859 1707 3914 facientes
1750 3857 2007 3930 privandi
2047 3869 2180 3911 sunt
2222 3873 2286 3910 ea
2331 3855 2451 3910 vice
2497 3866 2783 3925 potestate
2826 3852 3086 3923 eligendi.

471 3944 539 3997 H.
564 3943 616 3997 d.
640 3959 824 4012 usque
853 3942 924 3995 ad
953 3943 1005 4009 ἓ.
1037 3941 1191 3995 Illud.
1232 3975 1299 3982 —
1343 3942 1377 4009 ξ
1416 3959 1453 3994 1.
1484 3940 1771 3995 interdicit
1799 3952 2239 4011 procuratorem
2268 3937 2323 3991 in
2353 3934 2646 3990 electionis
2676 3933 2913 4005 negotio
2943 3951 3086 3988 con»

473 4022 644 4090 stitui,
672 4021 775 4076 nisi
804 4035 1153 4077 concurrant
1179 4021 1268 4076 hic
1299 4033 1573 4076 contenta
1604 4037 1787 4092 usque
1816 4021 1887 4073 ad
1917 4022 1969 4088 ξ.
1997 4017 2342 4072 ElectioncS.
2387 4018 2583 4071 Abbas
2612 4014 2855 4069 SiculuS.
2885 4045 2944 4052 —
2976 4016 3010 4082 ξ
3040 4033 3087 4068 2.

473 4102 755 4174 Praecipit
782 4103 1093 4158 electiones
1122 4102 1438 4158 solenniter
1464 4101 1753 4171 publicari,
1782 4114 1837 4155 et
1866 4099 2245 4154 clandestinas
2273 4097 2584 4169 reprobari.
2625 4097 2693 4150 H.
2724 4096 2776 4149 d.
2805 4113 2988 4166 usque
3016 4096 3089 4149 ad

1428 4182 1622 4237 finem.
1672 4184 1870 4237 Abbas
1899 4180 2139 4236 Siculus.

688 4316 855 4391 Quia
903 4331 1155 4395 propter
1201 4313 1469 4373 diversas
1501 4312 1876 4372 electionum
1913 4309 2161 4386 formaS,
2198 4328 2351 4387 quas
2385 4308 2641 4388 quidam
2675 4308 2948 4369 invenire
2984 4328 3090 4369 co-

476 4440 717 4496 nantur,
768 4437 825 4482 et
878 4421 1071 4481 multa
1123 4420 1567 4499 impedimenta
1620 4417 2012 4497 proveniunt,
2066 4431 2124 4476 et
2175 4434 2395 4494 magna
2449 4414 2714 4494 pericula
2764 4415 3090 4475 imminent

476 4531 741 4591 ecclesiis
774 4529 1054 4605 viduatis,
1089 4526 1433 4602 statuimus,
1470 4543 1554 4601 ut,
1591 4544 1789 4604 quum
1824 4523 2040 4584 electio
2064 4521 2245 4582 fuerit
2264 4521 2647 4597 celebranda,
2669 4521 3090 4602 praesentibus

477 4639 790 4715 omnibus,
826 4638 935 4718 qui
970 4638 1213 4713 debent,
1249 4651 1307 4694 et
1338 4635 1557 4694 volunt
1590 4650 1648 4694 et
1683 4647 1948 4713 possunt
1981 4630 2312 4690 commode
2346 4628 2656 4705 interesse,
2698 4642 3093 4688 assumantur

476 4762 594 4806 tres
627 4746 703 4806 de
736 4744 1000 4823 collegio
1034 4743 1155 4804 fide
1190 4742 1380 4823 digni,
1422 4742 1527 4821 qui
1563 4756 1790 4801 secrete
1824 4754 1882 4799 et
1917 4738 2224 4819 sigillatim
2257 4752 2397 4797 vota
2432 4751 2795 4796 cunctorum
2831 4733 3090 4810 diligen-

477 4868 566 4913 ter
598 4852 934 4932 exquirant,
973 4867 1033 4912 et
1065 4850 1129 4911 in
1164 4849 1401 4930 scriptis
1436 4849 1675 4908 redacta
1708 4866 1855 4907 mox
1889 4844 2204 4927 publicent
2239 4844 2301 4903 in
2335 4843 2673 4919 communi,
2707 4841 2882 4902 nullo
2916 4860 3089 4920 pror-

477 4979 581 5020 sus
633 4959 1058 5041 appellationis
1109 4957 1429 5018 obstaculo
1481 4955 1816 5029 interiectO,
1870 4969 1938 5014 ut
1987 4952 2035 5012 is
2086 4951 2416 5012 collatione
2464 4950 2667 5010 habita
2714 4949 2988 5029 eligatur,
3030 4947 3092 5007 in
