3684 5416
364 1524 414 1556 to

367 2067 412 2111 ¹5

367 2601 420 2633 20

368 3135 420 3179 ²5

369 3669 423 3714 30

373 4201 426 4245 35

373 4735 428 4776 ⁴0

1639 357 1900 427 Capituli.
2973 363 3077 433 605

463 555 594 597 non
643 535 863 597 faciant
910 557 1045 613 suo,
1097 558 1212 599 nec
1257 539 1374 600 illis
1409 540 1717 620 possessio
1750 542 2135 622 suffragetur.
2200 543 2530 605 Neminem
2564 544 2745 606 etiam
2781 546 3072 628 deinceps

461 644 537 703 ad
583 643 964 722 dignitatem,
1027 646 1457 707 canonicatum
1510 664 1614 708 aut
1662 650 2014 728 portionem
2063 650 2370 731 recipiant,
2421 652 2537 712 nisi
2583 653 2695 733 qui
2741 673 2816 713 eo
2863 653 3078 714 ordine

463 769 634 810 sacro
667 767 772 812 aut
804 752 881 811 sit
915 752 1205 832 initiatus,
1240 773 1430 833 quem
1466 753 1566 814 illa
1602 754 1887 833 dignitas,
1924 758 2273 837 praebenda
2306 774 2413 819 aut
2446 759 2650 839 portio
2675 760 2948 840 requirit,
2973 776 3080 820 aut

463 857 525 917 in
558 857 656 918 tali
693 873 903 935 aetate,
956 876 1020 919 ut
1069 859 1220 919 infra
1256 875 1499 941 tempus
1532 882 1564 920 a
1600 860 1729 921 iure
1764 877 1823 921 et
1855 864 1929 921 ab
1962 864 2076 924 hac
2107 880 2314 924 sancta
2347 864 2593 945 synodo
2627 881 2924 926 statutum
2958 866 3074 925 ini-

463 964 597 1024 tiari
631 966 881 1027 valeant.
946 967 1009 1026 In
1043 968 1337 1028 omnibus
1371 988 1517 1030 vero
1550 968 1814 1029 ecclesiis
1848 970 2296 1033 cathedralibus
2327 991 2546 1032 omnes
2581 972 2976 1034 canonicatus
3008 956 3080 1033 ac

466 1071 777 1150 portiones
826 1073 1089 1133 habeant
1134 1094 1444 1135 annexum
1494 1075 1781 1137 ordinem
1816 1077 2195 1158 presbyterii,
2228 1077 2588 1140 diaconatus
2622 1080 2719 1139 vel
2751 1079 3077 1140 subdiaco-

463 1193 677 1251 natus;
728 1179 1055 1260 episcopus
1103 1198 1309 1241 autem
1358 1202 1501 1242 curn
1537 1182 1797 1243 consilio
1831 1182 2077 1263 capituli
2113 1185 2390 1263 designet
2422 1204 2492 1245 ac
2524 1185 2858 1261 distribuat,
2892 1201 3080 1266 prout

462 1286 680 1347 viderit
729 1287 1032 1368 expedire,
1083 1288 1312 1368 quibus
1359 1290 1626 1370 quisque
1676 1291 1831 1350 ordo
1867 1309 1938 1349 ex
1973 1290 2155 1350 sacris
2187 1310 2465 1350 annexus
2500 1291 2560 1351 in
2595 1307 2912 1371 posterum
2945 1311 3077 1352 esse

466 1393 710 1467 debean
761 1394 841 1454 ita
892 1411 1118 1469 tamen,
1170 1411 1238 1456 ut
1284 1396 1535 1457 dimidia
1581 1396 1791 1457 saltem
1844 1416 1981 1477 pars
2016 1396 2350 1478 presbyteri
2384 1397 2521 1474 sint,
2555 1397 2734 1457 ceteri
2768 1417 2913 1458 vero
2949 1397 3079 1457 dia-

466 1499 608 1561 coni
654 1518 757 1561 aut
791 1501 1175 1563 subdiaconi.
1242 1502 1364 1564 Ubi
1405 1523 1549 1564 vero
1583 1504 1973 1565 consuetudo
2007 1503 2373 1565 laudabilior
2407 1503 2606 1580 habet,
2643 1517 2709 1562 ut
2743 1504 2950 1583 plures
2982 1504 3080 1563 vel

466 1628 686 1669 omnes
719 1609 840 1669 sint
872 1610 1229 1690 presbyteri,
1267 1612 1531 1672 omnino
1563 1614 1942 1675 observetur.
1995 1614 2292 1674 Hortatur
2325 1614 2506 1675 etiam
2539 1633 2746 1676 sancta
2778 1614 3082 1695 synodus,

467 1732 533 1777 ut
582 1716 646 1776 in
698 1716 1045 1797 provinciiS,
1094 1717 1198 1777 ubi
1249 1718 1309 1778 id
1358 1719 1686 1779 commode
1736 1719 1866 1780 fieri
1901 1736 2120 1800 potest,
2157 1721 2479 1799 dignitates
2512 1741 2733 1782 omnes
2765 1739 2822 1782 et
2856 1721 3074 1781 saltem

468 1824 717 1884 dimidia
766 1843 904 1904 pars
950 1825 1434 1884 canonicatuum
1468 1825 1532 1885 in
1564 1826 2016 1887 cathedralibus
2049 1826 2314 1888 ecclesiis
2347 1843 2401 1887 et
2438 1828 2770 1910 collegiatis
2820 1828 3078 1907 insigni-

468 1933 584 1991 bus
630 1931 1029 1991 conferantur
1076 1946 1316 1991 tantum
1369 1931 1675 2011 magistris
1727 1933 1820 1993 vel
1869 1933 2250 2011 doctoribuS,
2300 1949 2402 1994 aut
2447 1935 2630 1994 etiam
2661 1934 2983 1995 licentiatis
3017 1934 3081 1994 in

467 2037 781 2115 theologia
817 2038 909 2098 vel
942 2037 1074 2097 iure
1108 2039 1427 2100 canonico,
1466 2039 1779 2099 Praeterea
1814 2039 2239 2100 obtinentibus
2272 2040 2335 2100 in
2371 2040 2604 2101 eisdem
2626 2040 3076 2101 cathedralibus

469 2160 573 2206 aut
606 2145 937 2221 collegiatis
984 2145 1330 2223 dignitateS,
1375 2145 1785 2219 canonicatuS,
1832 2148 2215 2227 praebendas
2249 2163 2351 2207 aut
2386 2148 2702 2226 portiones
2739 2165 2869 2207 non
2904 2147 3082 2206 liceat

468 2252 678 2332 vigore
712 2252 1034 2313 cuiuslibet
1065 2254 1267 2314 statuti
1302 2269 1407 2314 aut
1438 2253 1907 2314 consuetudinis
1942 2255 2097 2315 ultra
2129 2271 2249 2315 tres
2285 2273 2525 2313 menses
2557 2256 2632 2313 ab
2666 2253 2869 2314 eidem
2890 2252 3083 2313 eccle-

471 2359 571 2420 siis
619 2359 895 2439 quolibet
941 2379 1105 2420 anno
1153 2361 1397 2432 abesse;
1448 2361 1629 2421 salvis
1663 2360 2073 2421 nihilominus
2106 2381 2319 2421 earum
2351 2361 2748 2421 ecclesiarum
2782 2358 3082 2421 constitu-

472 2466 759 2542 tionibus,
791 2477 970 2549 [quae
1022 2466 1271 2545 longius
1321 2467 1546 2527 servitii
1593 2483 1837 2548 tempus
1885 2468 2224 2549 requirunt.
2309 2467 2611 2547 Alioquin
2664 2466 2866 2548 primo
2913 2485 3081 2525 anno

476 2574 744 2654 privetur
777 2574 1213 2654 unusquisque
1246 2574 1497 2634 dimidia
1532 2590 1700 2656 parte
1735 2574 2072 2652 fructuum,
2109 2596 2269 2656 quos
2305 2575 2537 2635 ratione
2570 2575 2750 2634 etiarn
2787 2576 3082 2654 praeben-

474 2680 585 2742 dae
620 2700 689 2742 ac
720 2681 1082 2743 residentiae
1117 2681 1255 2744 fecit
1286 2703 1455 2744 suos
1493 2681 1684 2758 Quod
1719 2682 1767 2743 si
1802 2682 2021 2744 iterum
2058 2683 2274 2743 eadem
2307 2681 2485 2743 fuerit
2507 2701 2658 2760 usus
2680 2679 3075 2760 negligentia,

476 2789 745 2870 privetur
790 2789 1084 2876 omnibus
1131 2790 1448 2864 fructibus,
1496 2810 1657 2870 quos
1701 2791 1928 2850 eodem
1978 2810 2144 2850 anno
2191 2790 2461 2851 lucratus
2496 2789 2692 2851 fuerit.
2757 2789 3082 2849 Crescente

476 2915 621 2957 vero
663 2896 1053 2956 contumacia
1088 2912 1294 2956 contra
1330 2916 1437 2957 eos
1469 2896 1630 2957 iuxta
1666 2912 1983 2956 sacrorum
2017 2916 2331 2957 canonum
2367 2895 2835 2957 constitutiones
2867 2912 3083 2974 proce-

476 3003 673 3063 datur.
739 3003 1217 3063 Distributiones
1267 3021 1413 3063 vero
1462 3003 1568 3083 qui
1616 3003 1780 3062 statis
1828 3002 1998 3062 horis
2046 3002 2432 3063 interfuerint
2464 3003 2795 3083 recipiant;
2848 2999 3094 3080 reliqui,

476 3108 691 3189 quavis
738 3110 1080 3170 collusione
1129 3125 1234 3170 aut
1279 3109 1635 3170 remissione
1683 3110 1948 3185 exclusa,
1999 3110 2096 3170 his
2130 3126 2370 3170 careant
2403 3110 2566 3171 iuxta
2606 3108 2900 3170 Bonifacii
2933 3106 3084 3168 V111.

478 3218 814 3293 decretum,
865 3217 1037 3296 quod
1085 3216 1323 3298 incipit:
1379 3216 1926 3290 Consuetudinem,
1973 3218 2144 3298 quod
2198 3235 2402 3278 sancta
2451 3218 2730 3297 synodus
2781 3216 2843 3276 in
2896 3233 3080 3275 usum

478 3340 738 3394 revocat,
776 3344 906 3384 non
939 3325 1326 3385 obstantibus
1360 3324 1840 3403 quibuscunque
1875 3326 2111 3385 statutis
2146 3341 2204 3384 et
2236 3324 2812 3385 consuetudinibus,
2847 3321 3086 3380 Omnes

478 3452 623 3492 vero
656 3432 863 3492 divina
897 3452 1005 3512 per
1036 3453 1098 3492 se
1133 3448 1190 3492 et
1225 3451 1352 3491 non
1385 3451 1493 3513 per
1524 3431 1888 3492 substitutos
1922 3432 2372 3512 compellantur
2405 3431 2573 3491 obire
2607 3429 2826 3506 officia,
2864 3444 2922 3487 et
2954 3428 3089 3508 epi-

477 3558 669 3620 scopo
720 3539 1042 3599 celebranti
1096 3554 1201 3599 aut
1247 3538 1359 3598 alia
1408 3538 1779 3619 pontificalia
1827 3537 2125 3597 exercenti
2160 3538 2436 3597 assistere
2469 3552 2525 3596 et
2558 3536 2867 3611 asservire,
2899 3549 3084 3613 atque

479 3645 542 3705 in
575 3646 767 3706 choro
800 3646 875 3705 ad
911 3644 1298 3725 psallendum
1334 3644 1616 3705 instituto
1652 3644 1903 3724 hymnis
1935 3659 1991 3702 et
2024 3643 2270 3702 canticis
2308 3642 2418 3701 Dei
2453 3660 2686 3701 nomen
2721 3656 3084 3716 reverenter,

479 3752 757 3812 distincte
805 3752 1147 3831 devoteque
1197 3751 1464 3811 laudare.
1530 3750 1768 3810 Vestitu
1805 3750 2056 3830 insuper
2092 3749 2328 3809 decenti
2362 3764 2486 3807 tam
2521 3748 2583 3808 in
2616 3747 2865 3807 ecclesia
2899 3767 3094 3827 quam,

480 3876 639 3920 extra
674 3859 916 3919 assidue
950 3874 1239 3932 utantur3
1291 3860 1366 3918 ab
1399 3857 1745 3938 illicitisque
1781 3856 2235 3932 venationibuS,
2272 3855 2571 3935 aucupiis,
2608 3855 2865 3930 choreis,
2890 3857 3087 3914 taber-

481 3966 593 4026 niis
638 3966 1003 4045 lusibusque
1051 3965 1411 4041 abstineant,
1459 3982 1641 4044 atque
1676 3985 1743 4024 ea
1778 3983 2030 4024 morum
2065 3962 2398 4041 integritate
2433 3960 2719 4043 polleant,
2770 3976 2835 4021 ut
2868 3962 3090 4021 merito

481 4072 768 4133 ecclesiae
803 4088 1051 4133 senatus
1084 4071 1203 4131 dici
1238 4072 1444 4152 possit.
1509 4072 1744 4147 Cetera,
1780 4091 1937 4150 quae
1971 4071 2047 4130 ad
2081 4070 2360 4129 debitum
2394 4069 2457 4129 in
2489 4068 2714 4128 divinis
2746 4067 2966 4129 officiis
2999 4087 3088 4127 re-

481 4179 689 4258 gimen
734 4195 1027 4260 spectant,
1079 4180 1281 4258 deque
1330 4198 1605 4255 congrua
1653 4178 1715 4238 in
1764 4178 1859 4237 his
1893 4177 2150 4237 canendi
2185 4196 2292 4236 seu
2328 4175 2695 4236 modulandi
2729 4174 2980 4251 ratione,
3015 4174 3091 4233 de

483 4301 639 4346 certa
692 4286 824 4365 lege
872 4286 934 4346 in
983 4285 1174 4345 choro
1221 4284 1631 4345 conveniendi
1666 4300 1723 4344 et
1756 4283 2177 4365 permanendi,
2213 4283 2526 4363 simulque
2562 4282 2635 4342 de
2669 4281 2963 4341 omnibus
2995 4301 3092 4340 ec-

482 4394 696 4455 clesiae
729 4392 1036 4468 ministriS,
1072 4412 1231 4472 quae
1266 4392 1602 4453 necessaria
1637 4408 1836 4468 erunt,
1885 4407 1942 4451 et
1976 4391 2023 4451 si
2059 4409 2182 4470 qua
2218 4389 2600 4467 huiusmodi,
2634 4390 2916 4469 synodus
2949 4406 3091 4467 pro-

485 4500 757 4561 vincialis
809 4519 922 4581 pro
975 4499 1278 4580 cuiusque
1326 4499 1675 4580 provinciae
1723 4498 1979 4558 utilitate
2029 4513 2086 4557 et
2135 4497 2413 4557 moribus
2446 4511 2672 4557 certam
2704 4495 2932 4575 cuique
2969 4494 3098 4553 for-¹

484 4608 715 4668 mulam
768 4609 1150 4689 praescribet.
1214 4608 1451 4668 Interea
1498 4626 1643 4667 vero
1678 4605 2006 4686 episcopus
2041 4623 2171 4665 non
2206 4605 2414 4664 minus
2447 4623 2636 4683 quam
2671 4621 2813 4662 cum
2846 4602 3094 4661 duobus

484 4714 814 4790 canonicis,
864 4733 1136 4794 quorum
1184 4732 1348 4773 unus
1396 4714 1469 4772 ab
1518 4713 1830 4792 episcopO,
1864 4713 2011 4771 alter
2044 4731 2074 4769 a
2109 4709 2375 4789 capitulo
2408 4709 2686 4788 eligatur,
2717 4708 2780 4768 in
2812 4697 3092 4786 iis‚‘quae

484 4823 769 4904 expedire
802 4823 1193 4900 videbuntur,
1229 4820 1448 4901 poterit
1482 4819 1821 4900 providere.
1891 4816 1946 4897 [l.
1980 4838 2027 4877 c.
2063 4837 2196 4898 pag.
2237 4815 2622 4896 348—349.]
