3684 5416
519 1547 570 1579 to

518 2080 563 2124 ¹5

514 2614 566 2646 20

511 3150 561 3194 25

509 3683 564 3727 30

507 4215 558 4259 35

508 4748 563 4789 ⁴0

637 377 733 432 108
1251 377 1518 431 Potestas
1559 374 1938 431 ecclesiastiea
1978 377 2033 431 'et
2071 375 2374 449 imperium
2414 375 2591 431 civile.

625 558 830 640 adque
863 559 1262 621 multimodas
1295 559 1539 641 pariunt
1569 560 2032 642 disputationes,
2063 579 2222 641 quae
2257 560 2537 642 pluribus
2567 560 2936 622 intexendae
2966 560 3087 623 sint
3121 582 3233 624 uo·

627 667 988 745 luminibuS,
1029 685 1217 746 quam
1264 668 1386 729 hoc
1414 686 1586 748 opus¹
1609 669 1986 749 tempusque
2019 667 2312 748 deposcit.
2359 667 2534 748 quod
2567 686 2701 729 non
2731 667 2810 729 ita
2843 668 3092 748 largum
3123 670 3233 731 ha·

623 776 864 852 bemus,
909 789 976 834 ut
1019 772 1083 834 in
1127 773 1441 852 omnibus,
1488 793 1647 854 quae
1683 781 1955 855 'possunt
2000 774 2310 854 requirere
2341 773 2521 836 otiosi
2554 790 2615 835 et
2645 775 3022 856 scrupulosi,
3059 796 3233 858 para·

625 881 811 942 tiores
856 881 931 941 ad
977 881 1487 960 interrogandum
1535 899 1725 961 quam
1772 881 2121 962 capaciores
2152 880 2229 941 ad
2260 880 2764 961 intellegendum,
2808 901 2924 943 nos
2955 897 3235 965 oporteat

625 987 931 1052 inmorari.
993 987 1274 1049 Arbitror
1303 1003 1516 1049 tamen
1540 988 1684 1049 satis
1717 993 1835 1049 nos
1868 988 1989 1049 iam
2023 987 2232 1049 fecisse
2269 988 2510 1067 magnis
2540 1007 2597 1049 et
2631 987 3009 1050 difficillimis
3039 1007 3231 1071 quae·

622 1095 927 1156 stionibus
970 1094 1046 1155 de
1091 1093 1264 1155 initio
1297 1095 1399 1156 uel
1433 1095 1652 1157 mundi
1686 1096 1787 1156 uel
1817 1095 2061 1156 animae
2093 1094 2197 1156 uel
2226 1094 2423 1176 ipsius
2452 1094 2693 1176 generis
2728 1095 3012 1172 humani,
3057 1097 3231 1177 quod

623 1201 685 1262 in
721 1203 847 1263 duo
880 1221 1105 1283 genera
1125 1201 1565 1280 distribuimus»,
1599 1221 1802 1263 unum
1822 1220 2064 1281 eorum,
2099 1201 2939 1284 quisecundumhominem,
2970 1204 3229 1266 alterum

623 1327 862 1380 eorum,
894 1308 1002 1389 qui
1034 1308 1382 1370 secundum
1414 1310 1920 1380 Deum.uiuunt;
1972 1327 2132 1389 quas
2160 1309 2344 1371 e'tiam
2379 1310 2635 1392 mystice
2667 1310 3049 1392 appellamus
3078 1311 3234 1373 ciui-

623 1430 773 1476 tates
805 1416 980 1488 duas,
1013 1415 1134 1477 hoc
1164 1431 1259 1476 est
1289 1417 1453 1491 duas,
1477 1417 1797 1478 societates
1831 1417 2186 1495 hominum,
2221 1421 2488 1498 quarum
2520 1433 2610 1478 est
2641 1436 2769 1480 una
2799 1437 2959 1498 quae
2979 1419 3234 1499 praede·

623 1523 836 1583 stinata
868 1537 957 1582 est
986 1521 1053 1582 in
1084 1538 1396 1583 aeternum
1433 1541 1689 1601 regnare
1721 1542 1865 1583 cum
1891 1523 2045 1602 Dec,
2076 1523 2262 1584 altera
2282 1538 2603 1585 aeternum
2624 1523 3003 1605 supplicium
3024 1524 3232 1586 subire

620 1648 763 1689 cum
808 1629 1075 1690 diabolo.
1138 1628 1258 1690 Sed
1292 1630 1401 1691 iste
1435 1628 1572 1691 finis
1603 1645 1694 1691 est
1729 1650 1961 1708 earum,
2009 1631 2084 1691 de
2116 1649 2249 1712 quo
2282 1647 2419 1711 post
2448 1631 2839 1711 loquendum
2872 1646 2977 1691 est.
3043 1632 3230 1693 Nunc

619 1753 823 1797 autem
869 1736 1170 1816 quoniam
1217 1737 1292 1797 de
1337 1753 1551 1799 exortu
1599 1757 1813 1799 earum
1858 1737 1991 1799 siue
2023 1739 2091 1799 in
2118 1739 2364 1818 angelis,
2412 1757 2682 1819 quorum
2708 1755 3020 1799 numerus
3052 1736 3230 1817 igno·

619 1860 786 1904 ratur
828 1864 861 1904 a
907 1844 1103 1914 nobiS,
1147 1843 1280 1904 siue
1313 1844 1377 1905 in
1410 1844 1660 1905 duobus
1693 1844 1908 1925 primis
1942 1844 2301 1906 hominibus
2331 1845 2475 1906 satis
2507 1844 2740 1907 dictum
2775 1860 2884 1923 est,
2921 1844 3039 1906 iam
3074 1845 3228 1906 mihi

621 1950 866 2011 uidetur
912 1969 1123 2011 earum
1156 1951 1606 2032 adgrediendus
1639 1970 1950 2028 excursus,
1995 1970 2068 2013 ex
2102 1970 2231 2031 quo
2265 1951 2351 2013 illi
2383 1951 2511 2013 duo
2542 1957 2836 2032 generare
2870 1968 3230 2033 coeperunt,

619 2057 825 2118 donec
855 2057 1140 2118 homines
1170 2077 1463 2139 generare
1495 2060 1836 2119 cessabunt.
1885 2059 2024 2120 Hoc
2055 2057 2220 2119 enim
2252 2058 2617 2120 uniuersum
2650 2074 2896 2140 tempus
2929 2057 3064 2119 siue
3095 2079 3230 2120 sae-

621 2163 852 2238 culum,
902 2164 963 2225 in
996 2182 1125 2245 quo
1158 2164 1387 2225 cedunt
1417 2164 1754 2225 morientes
1786 2164 2255 2244 succeduntque
2289 2179 2625 2242 nascentes,
2673 2163 2929 2226 istarum
2962 2163 3225 2225 duarum

619 2269 953 2342 ciuitatum,
987 2272 1062 2331 de
1094 2271 1323 2352 quibus
1355 2271 1761 2352 disputamuS,
1793 2290 2090 2332 excursus
2123 2287 2228 2332 est.
2320 2317 2325 2322 ,

833 2378 1029 2439 Natus
1063 2394 1150 2438 est
1183 2378 1363 2457 igitur
1396 2379 1564 2459 prior
1595 2378 1749 2441 Cain
1782 2396 1857 2438 ex
1889 2377 2004 2438 illis
2036 2378 2287 2439 duobus
2307 2377 2550 2457 generis
2568 2377 2829 2439 humani
2852 2376 3225 2459 parentibus,

620 2485 926 2566 pertinens
971 2484 1046 2545 ad
1094 2484 1424 2546 bominum
1471 2484 1797 2560 ciuitatem,
1842 2484 2146 2565 posterior
2191 2485 2365 2556 Abel,
2410 2484 2488 2545 ad
2520 2483 2830 2546 ciuitatem
2864 2483 2994 2545 Dei.
3058 2483 3230 2546 Sicut

621 2592 789 2653 enim
824 2591 884 2652 in
916 2591 1354 2670 unonhomine,
1388 2591 1559 2671 quod
1595 2590 1743 2651 dixit
1771 2591 2113 2672 apostolus,
2133 2590 2499 2672 experimur,
2520 2590 2665 2671 quia
2694 2609 2852 2652 non
2890 2589 3228 2671 primum

619 2699 831 2779 quod
866 2697 1235 2779 spiritale
1266 2713 1417 2775 est,
1465 2697 1600 2759 sed
1635 2697 1851 2778 quod
1883 2696 2259 2776 animale,
2304 2714 2583 2779 postea
2629 2696 2999 2779 spiritale
3031 2692 3226 2779 (unde

618 2805 1073 2885 unusquisque,
1124 2805 1420 2886 quoniam
1468 2825 1540 2866 ex
1587 2804 1877 2867 damnata
1911 2804 2247 2887 propagine
2292 2804 2580 2882 exoritur,
2632 2804 2833 2886 primo
2875 2805 2950 2866 sit
2978 2822 3227 2868 necesse

618 2928 707 2974 est
740 2932 812 2973 ex
843 2912 1044 2973 Adam
1078 2913 1280 2974 malus
1324 2912 1528 2992 adque
1573 2912 1865 2985 carnalis;
1932 2912 2106 2992 quod
2138 2912 2189 2972 si
2222 2911 2286 2973 in
2317 2911 2638 2974 Christum
2672 2911 3051 2975 renascendo
3083 2930 3228 2992 pro·

619 3020 841 3097 fecerit,
890 3035 1027 3100 post
1073 3019 1185 3080 erit
1228 3021 1432 3080 bonus
1465 3033 1524 3079 et
1555 3018 1886 3100 spiritalis):
1940 3019 2025 3080 sic
2055 3019 2122 3080 in
2155 3018 2452 3079 uniuerso
2483 3037 2709 3099 genere
2744 3019 3048 3095 humanO,
3082 3036 3227 3079 cum

617 3127 891 3207 primum
925 3126 1082 3186 duae
1117 3126 1260 3186 istae
1293 3142 1631 3207 coeperunt
1653 3126 1963 3187 nascendo
1984 3127 2186 3205 adque
2209 3126 2533 3187 moriendo
2555 3143 2911 3207 procurrere
2932 3124 3227 3201 ciuitates,

619 3232 785 3313 prior
817 3250 904 3293 est
938 3249 1123 3293 natus
1152 3233 1304 3293 ciuis
1337 3233 1526 3294 huius
1546 3232 1790 3304 saeculi,
1813 3232 2119 3314 posterius
2140 3248 2348 3293 autern
2383 3232 2498 3293 isto
2520 3231 2878 3313 peregrinus
2896 3230 2960 3294 in
2978 3231 3226 3295 saeculo

622 3354 680 3400 et
732 3340 1042 3419 pertinens
1092 3340 1167 3400 ad
1222 3339 1531 3401 ciuitatem
1566 3339 1704 3415 Dei,
1755 3338 1945 3418 gratia
1990 3339 2471 3420 praedestinatus
2516 3338 2706 3419 gratia
2738 3338 2993 3416 electuS,
3038 3338 3228 3417 gratia

613 3446 972 3528 peregrinus
1022 3446 1312 3507 deorsum
1360 3446 1548 3525 gratia
1581 3446 1732 3507 ciuis
1765 3464 2033 3507 sursum.
2095 3446 2259 3507 Nam
2289 3461 2596 3525 quantum
2627 3446 2703 3506 ad
2737 3444 2944 3526 ipsum
2976 3444 3227 3523 adtinet,

617 3573 687 3614 ex
735 3553 949 3613 eadem
999 3572 1197 3614 massa
1245 3552 1457 3631 oritur,
1504 3573 1665 3633 quae
1698 3552 2073 3631 originaliter
2104 3568 2194 3613 est
2225 3567 2350 3613 tota
2379 3552 2699 3626 damnata;
2752 3552 2859 3613 sed
2908 3566 3228 3632 tamquam

615 3658 846 3739 figulus
882 3660 1051 3720 Deus
1099 3660 1277 3735 (banc
1322 3659 1488 3721 enim
1518 3658 1991 3720 similitudinem
2022 3678 2153 3720 non
2185 3658 2573 3740 inpudenter,
2623 3659 2731 3721 sed
2765 3658 3100 3741 prudenter
3131 3658 3228 3719 in-

615 3766 881 3828 troducit
931 3765 1271 3847 apostolus)
1323 3786 1396 3826 ex
1446 3766 1662 3827 eadem
1713 3785 1913 3826 massa
1964 3765 2103 3826 fecit
2142 3765 2314 3827 aliud
2362 3784 2472 3827 uas
2503 3765 2570 3827 in
2602 3766 2930 3843 honorem,
2964 3764 3134 3829 aliud
3167 3764 3227 3826 in

616 3873 1070 3934 contumeliam.
1105 3872 1280 3933 Prius
1312 3888 1516 3934 autem
1552 3871 1781 3934 factum
1814 3888 1902 3933 est
1923 3892 2033 3932 uas
2054 3872 2117 3933 in
2139 3872 2602 3947 contumeliam,
2633 3888 2772 3953 post
2795 3891 2948 3934 uero
2967 3871 3227 3935 alterum

616 3980 678 4041 in
714 3982 1041 4057 honorem,
1091 3980 1237 4059 quia
1268 3994 1358 4040 est
1390 3979 1454 4041 in
1483 3979 1618 4061 ipso
1653 3998 1804 4052 une,
1848 3979 2007 4041 sicut
2048 3979 2170 4040 iam
2203 3979 2347 4059 dixi,
2396 3979 2650 4041 bomine
2684 3979 2857 4060 prius
2890 3995 2979 4040 est
3012 3999 3221 4061 repro·

615 4088 787 4164 bum,
822 4086 992 4147 unde
1026 4104 1276 4146 necesse
1320 4102 1412 4147 est
1455 4086 1818 4167 incipiamus
1864 4101 1924 4146 et
1956 4085 2061 4146 ubi
2095 4104 2226 4148 non
2258 4102 2349 4147 est
2381 4105 2628 4148 necesse
2658 4101 2730 4148 ut
2769 4104 3218 4161 remaneamus,

616 4192 921 4272 posterius
973 4211 1124 4253 uero
1176 4194 1463 4273 probum,
1515 4211 1646 4272 quo
1697 4191 2090 4274 proficientes
2141 4192 2463 4254 ueniamus
2515 4210 2572 4254 et
2617 4212 2746 4273 quo
2794 4192 3225 4274 peruenientes

616 4315 994 4358 maneamus.
1058 4297 1327 4359 Proinde
1375 4317 1505 4359 non
1551 4299 1806 4379 quidem
1858 4299 2064 4361 omnis
2110 4300 2307 4363 homo
2354 4299 2552 4361 malus
2597 4298 2709 4361 erit
2760 4301 2980 4373 bonuS,
3035 4317 3223 4359 nemo

615 4420 820 4464 tamen
869 4403 981 4464 erit
1027 4406 1232 4466 bonus
1277 4404 1386 4484 qui
1420 4424 1548 4466 non
1580 4422 1711 4467 erat
1740 4406 1974 4480 malus;
2038 4407 2145 4467 sed
2178 4422 2418 4487 quanto
2450 4406 2715 4488 quisque
2747 4406 2923 4467 citius
2953 4420 3226 4467 mutatur

614 4511 680 4571 in
714 4512 955 4589 meliuS‚
986 4512 1107 4573 hoc
1139 4512 1200 4574 in
1231 4533 1297 4573 se
1330 4512 1470 4574 facit
1503 4513 1810 4575 nominari
1845 4513 2020 4594 quod
2052 4513 2457 4595 adprehendit
2487 4513 2761 4588 celerim,
2794 4528 2853 4574 et
2887 4512 3225 4595 posteriore

617 4619 894 4699 cooperit
944 4620 1325 4681 uocabulum
1373 4619 1559 4701 prius.
1627 4620 1938 4702 Scriptum
1984 4636 2073 4681 est
2106 4620 2311 4701 itaque
2345 4620 2421 4681 de
2455 4620 2628 4694 Cain,
2675 4620 2850 4700 quod
2882 4620 3226 4684 condiderit

616 4725 958 4799 ciuitatem3
993 4727 1152 4787 Abel
1184 4742 1394 4788 autem
1427 4743 1743 4807 tamquam
1780 4726 2143 4807 peregrinus
2164 4746 2294 4789 non
2316 4727 2609 4788 condidit.
2642 4726 2925 4809 Superna
2945 4743 3034 4789 est
3053 4726 3225 4789 enim

613 4849 968 4896 sanctorum
1003 4834 1237 4908 ciuitas,
1272 4834 1562 4914 quamuis
1595 4834 1695 4895 hic
1728 4834 1920 4916 pariat
1950 4834 2137 4912 ciues,
2184 4834 2249 4895 in
2281 4833 2523 4914 quibus
2546 4834 2989 4916 peregrinatur,
3024 4833 3227 4895 donec

617 4941 785 5021 regni
820 4941 952 5002 eius
984 4958 1229 5023 tempus
1261 4940 1565 5018 adueniat,
1597 4960 1739 5002 cum
1773 4956 2225 5022 congregatura
2258 4957 2346 5001 est
2377 4961 2596 5002 omnes
2630 4942 2691 5003 in
2710 4941 2839 5002 suis
2863 4939 3226 5023 corporibus
