3684 5416
504 1520 554 1552 10

510 2061 556 2092 to

503 2595 556 2627 20

504 3240 552 3283 25

502 3696 556 3739 30

502 4147 551 4190 35

608 355 715 419 624
1489 354 1735 411 Ordines
1775 369 1832 410 et
1871 355 2369 427 congregationes.

608 540 1018 614 choretarum,
1052 539 1113 599 id
1147 556 1252 616 est,
1284 540 1726 617 Eremitarum3
1778 541 2026 615 horum,
2077 541 2184 621 qui
2217 561 2347 603 non
2380 541 2805 629 conversionis
2840 542 3071 603 fervore
3108 564 3223 603 no-

608 645 774 717 vitio,
823 646 930 706 sed
966 646 1319 707 Monasterii
1364 648 1726 727 probatione
1763 648 2052 708 diuturna
2087 648 2432 708 didicerunt
2466 665 2675 708 contra
2701 650 3026 709 'diabolum
3064 651 3224 710 mul·

606 768 814 813 torum
866 753 1088 814 solatio
1139 752 1260 830 jam
1313 754 1478 815 docti
1528 775 1837 836 pugnare:
1908 770 1966 815 et
2017 757 2175 816 bene
2227 755 2497 816 instructi
2553 755 2816 816 fraterna
2862 776 2930 816 ex
2978 757 3102 817 acie
3149 758 3228 817 ad

606 859 985 938 singularem
1020 878 1293 941 pugnam
1314 862 1543 937 Eremi,
1578 862 1775 923 securi
1810 861 1931 940 jam
1963 862 2097 923 sine
2119 862 2542 923 consolatione
2574 863 2837 940 alteriuS,
2870 864 3000 925 sola
3033 883 3226 924 manu

609 966 703 1026 vel
752 967 1000 1027 brachio
1047 983 1258 1027 contra
1307 967 1443 1028 vitia
1492 970 1713 1046 carnis,
1766 969 1861 1029 ve'l
1907 968 2373 1047 cogitationum,
2411 969 2544 1029 Deo
2576 967 2915 1041 auxiliante,
2949 988 3229 1048 pugnare

607 1074 941 1136 sufficiunt.
1018 1075 1302 1135 Tertium
1350 1095 1495 1137 vero
1532 1078 1994 1137 Monachorum
2029 1076 2409 1137 teterrimum
2443 1095 2642 1155 genus
2675 1092 2762 1135 est
2797 1075 3233 1147 Sarabitarum,

609 1183 714 1262 qui
764 1181 933 1242 nulla
968 1183 1179 1260 regula
1212 1183 1553 1263 approbati,
1602 1183 1697 1243 vel
1732 1182 2105 1263 experientia
2145 1183 2450 1261 magistra,
2486 1182 2639 1243 sicut
2672 1201 2895 1242 aurum
2932 1181 3225 1242 fornacis:

607 1289 715 1348 sed
750 1289 812 1348 in
847 1289 1085 1369 plumbi
1121 1306 1335 1350 natura
1370 1290 1609 1367 molliti,
1644 1290 1850 1351 adhuc
1883 1290 2177 1367 operibus
2210 1304 2520 1351 servantes
2553 1290 2800 1349 saeculo
2823 1288 3028 1359 fidem,
3050 1308 3229 1348 men-

609 1394 703 1454 tiri
739 1395 874 1455 Deo
910 1416 1017 1475 per
1046 1412 1367 1457 tonsuram
1403 1413 1762 1460 noscuntur.
1813 1397 1942 1473 Qui
1978 1398 2124 1469 bini,
2158 1414 2261 1457 aut
2292 1397 2468 1474 terni,
2503 1413 2608 1457 aut
2640 1411 2799 1456 certe
2833 1396 3059 1472 singuli
3094 1396 3231 1455 sine

612 1515 871 1581 pastore,
925 1522 1051 1562 non
1091 1502 1448 1582 Dominici3‚
1494 1505 1603 1564 sed
1650 1505 1777 1565 suis
1823 1504 2044 1566 inclusi
2092 1504 2377 1580 ovilibuS,
2428 1524 2539 1585 pro
2585 1504 2717 1582 lege
2750 1503 2837 1562 eis
2869 1519 2956 1562 est
2988 1502 3229 1562 deside-

612 1606 849 1667 riorum
898 1610 1209 1689 voluptas:
1258 1630 1401 1671 cum
1451 1612 1761 1692 quidquid
1800 1612 2168 1693 putaverint,
2203 1612 2301 1672 vel
2333 1609 2651 1691 elegerint,
2688 1612 2808 1670 hoc
2841 1611 3053 1670 dicunt
3086 1628 3232 1669 san-

613 1729 813 1787 ctum;
852 1729 907 1774 et
941 1715 1273 1791 noluerint,
1311 1719 1430 1778 hoc
1466 1733 1680 1798 putant
1718 1739 1850 1779 non
1884 1719 2081 1781 licere.
2133 1718 2446 1794 Quartum
2480 1738 2624 1778 vero
2655 1737 2851 1796 genus
2885 1733 2972 1777 est
3007 1718 3230 1777 Mona—

612 1820 897 1898 chorum,
934 1822 1104 1902 quod
1142 1825 1504 1886 nominatur
1534 1845 1957 1906 gyrovagum:
1994 1826 2100 1906 qui
2134 1840 2257 1886 tota
2282 1826 2400 1885 vita
2424 1845 2533 1884 sua
2556 1844 2663 1905 per
2684 1825 2949 1884 diversas
2974 1824 3227 1883 Provin-

612 1926 731 1987 cias
778 1928 965 1988 ternis
1011 1945 1114 1990 aut
1159 1931 1471 2011 quaternis
1506 1933 1723 1993 diebus
1757 1953 1868 2013 per
1900 1933 2284 1993 diversorum
2322 1931 2502 1992 cellas
2534 1930 2940 2011 hospitantur,
2985 1949 3234 2009 semper

610 2033 768 2113 vagi,
817 2051 873 2094 et
918 2054 1246 2117 nunquam
1294 2038 1559 2115 stabiles,
1609 2053 1667 2098 et
1701 2038 1965 2118 propriis
1997 2037 2437 2118 voluptatibuS,
2471 2054 2528 2097 et
2559 2037 2740 2116 gulae
2772 2036 3071 2096 illecebris
3102 2056 3230 2095 ser-

610 2138 876 2207 vientes:
914 2156 969 2201 et
1002 2162 1109 2222 per
1142 2144 1350 2204 omnia
1385 2145 1721 2205 deteriores
1757 2144 2116 2205 Sarabaitis:
2153 2144 2226 2204 de
2261 2164 2534 2224 quorum
2568 2143 2854 2205 omnium
2890 2141 3228 2203 miserrima

610 2247 1071 2337 conversatione
1123 2249 1344 2311 melius
1391 2267 1479 2312 est
1524 2252 1699 2312 silere
1747 2271 1936 2333 quam
1989 2252 2181 2332 loqui.
2246 2252 2356 2312 His
2388 2270 2535 2330 ergo
2567 2251 2833 2321 omissis,
2868 2250 2939 2309 ad
2976 2249 3230 2310 Coeno-

611 2352 875 2416 bitarum
910 2354 1314 2418 fortissimum
1347 2378 1546 2436 genus
1582 2359 2072 2439 disponendum,
2107 2359 2432 2436 adjuvante
2466 2359 2765 2430 Domino,
2798 2356 3134 2416 veniamus,

824 2461 972 2541 Cap.
1011 2461 1074 2524 11.
1127 2464 1358 2542 Qualis
1392 2465 1609 2525 debeat
1641 2465 1852 2526 Abbas
1886 2487 2030 2527 esse.
2115 2468 2340 2535 Abbas,
2387 2465 2494 2546 qui
2543 2483 2818 2545 praeesse
2871 2463 3092 2541 dignus
3140 2476 3230 2519 est

617 2567 1014 2643 Monasteri0‚
1046 2590 1289 2652 semper
1321 2570 1662 2633 meminere
1698 2574 1899 2645 debet,
1933 2574 2106 2653 quod
2140 2571 2382 2650 dicitur,
2427 2588 2483 2632 et
2517 2590 2747 2632 nomen
2783 2568 3030 2645 majoris
3065 2566 3235 2626 factis

611 2672 882 2754 implere.
947 2676 1173 2738 Christi
1226 2678 1392 2739 enim
1447 2699 1627 2759 agere
1679 2681 1841 2742 vices
1891 2681 1951 2742 in
1990 2680 2368 2743 Monasterio
2413 2679 2697 2748 creditur,
2746 2677 3001 2758 quando
3039 2673 3234 2755 ipsius

613 2796 866 2842 vocatur
897 2787 1289 2864 pronomine,
1323 2786 1564 2847 dicente
1600 2789 1939 2868 Apostolo:
1976 2790 2321 2869 Accepistis
2342 2789 2643 2868 Spiritum
2677 2787 3025 2865 adoptionis
3053 2783 3230 2854 sillo-

616 2908 774 2960 rum,
809 2892 872 2948 in
908 2911 1022 2970 quo
1055 2892 1418 2967 clamamuS,
1452 2894 1628 2955 Abba
1663 2895 1870 2955 Pater.
1908 2895 2178 2975 Ideoque
2216 2897 2420 2954 Abbas
2453 2893 2606 2953 nihil
2639 2908 2801 2953 extra
2837 2905 3232 2971 praeceptum

619 2991 865 3053 Domini
901 2997 1092 3074 (quod
1126 2999 1295 3077 absit)
1331 3000 1510 3061 debet
1546 3002 1767 3061 docere
1800 3016 1905 3061 aut
1938 3003 2333 3072 constituere,
2365 3001 2460 3062 vel
2483 2999 2722 3077 jubere:
2759 2999 2865 3059 sed
2889 2995 3077 3073 jussio
3098 2994 3234 3070 ejus

613 3218 750 3272 laus.
805 3221 867 3273 C.
900 3222 990 3275 xl.
1032 3223 1288 3291 Qualiter
1314 3225 1514 3279 diebus
1543 3225 1844 3280 «lominicis
1873 3226 2092 3296 vigiliae
2120 3239 2379 3296 agantur.
2447 3227 2511 3280 C.
2541 3226 2653 3279 XII.
2696 3225 3012 3293 Quomodo
3041 3236 3226 3276 matu-

616 3306 859 3362 tinorum
901 3311 1229 3367 solemnitas
1270 3327 1492 3384 agatur.
1564 3315 1628 3368 C.
1676 3316 1816 3369 XIII.
1876 3314 2112 3369 privatis
2156 3315 2356 3369 diebus
2398 3314 2638 3385 qualiter
2680 3312 2941 3367 matutini
2970 3324 3234 3383 agantur.

616 3399 677 3452 C.
708 3399 855 3452 XIV.
909 3401 968 3455 In
1009 3402 1271 3458 natalitiis
1300 3418 1637 3460 sanctorum
1667 3404 1910 3475 qualiter
1936 3418 2181 3475 agantur
2205 3404 2441 3474 vigiliae.
2494 3405 2557 3460 C.
2588 3405 2708 3459 XV.
2751 3402 2988 3472 Alleluia
3020 3402 3226 3473 quibus

612 3488 970 3559 temporibus
1014 3490 1247 3547 dicatur.
1303 3494 1367 3548 C.
1412 3494 1557 3548 XVI.
1614 3493 1876 3563 Qualiter
1916 3494 2101 3547 divina
2131 3512 2307 3564 opera
2338 3512 2439 3565 per
2466 3493 2617 3548 diem
2644 3506 2903 3564 agantur.
2957 3493 3020 3546 C.
3061 3491 3230 3545 xvn.

613 3581 774 3648 Quot
815 3582 1017 3654 psalmi
1059 3601 1160 3654 per
1186 3585 1420 3638 easdem
1450 3586 1623 3639 horas
1654 3584 1896 3639 canendi
1923 3596 2071 3637 sunt.
2149 3584 2212 3636 C.
2257 3584 2456 3640 XVIII.
2506 3584 2640 3652 Quo
2669 3581 2865 3637 ordine
2895 3581 2996 3652 ipsi
3025 3579 3233 3635 Psalmi

611 3668 835 3724 dicendi
874 3671 1001 3726 sint.
1068 3673 1132 3727 C.
1174 3673 1319 3726 XIX.
1376 3675 1461 3727 De
1505 3673 1794 3745 disciplina
1841 3671 2132 3744 psallendi.
2186 3672 2248 3726 C.
2292 3673 2413 3726 XX.
2455 3674 2540 3727 De
2581 3671 2894 3726 reverentia
2938 3669 3235 3724 orationis.

612 3759 677 3812 C.
720 3760 859 3812 XLI.
915 3762 1139 3828 Quibus
1181 3762 1333 3816 horis
1376 3775 1647 3834 oporteat
1676 3762 1911 3816 reficere
1942 3763 2161 3817 fratres.
2216 3763 2279 3815 C.
2309 3763 2476 3818 XLII.
2517 3762 2588 3816 Ut
2631 3775 2754 3833 post
2782 3759 3228 3831 completorium

615 3866 790 3903 nemo
819 3850 1103 3921 loquatur.
1133 3852 1197 3905 C.
1228 3853 1420 3906 XLIII.
1460 3854 1545 3907 De
1574 3852 1657 3920 iis,
1685 3851 1781 3922 qui
1811 3852 1885 3904 ad
1913 3870 2056 3922 opus
2088 3853 2190 3906 Dei
2218 3853 2304 3907 vel
2333 3854 2405 3906 ad
2433 3869 2692 3907 mensam
2724 3852 2882 3906 tarde
2908 3864 3233 3905 occurrunt.

613 3939 677 3991 (Ξ.
708 3940 900 3993 XLIV.
945 3942 1028 3994 De
1071 3941 1153 4008 iis,
1195 3942 1290 4013 qui
1331 3941 1921 4008 excommunicantur,
1963 3943 2265 4012 quomodo
2310 3941 2675 3996 satisfaciant.
2728 3942 2790 3996 C.
2823 3942 2994 3996 XLV.
3039 3943 3121 3994 De
3149 3939 3237 4009 iis,

611 4028 707 4100 qui
753 4028 1021 4083 falluntur
1062 4030 1114 4084 in
1158 4031 1448 4086 Orator-io.
1513 4032 1579 4087 C.
1621 4032 1820 4086 XLVI.
1878 4033 1963 4087 De
2007 4032 2088 4100 iis,
2130 4031 2225 4102 qui
2254 4032 2307 4085 in
2336 4031 2452 4086 aliis
2480 4031 2829 4103 quibuslibet
2855 4033 3026 4085 rebus
3053 4029 3231 4084 delin-

611 4131 812 4189 quunt.
879 4121 941 4173 C.
982 4122 1202 4176 XLVII.
1243 4123 1329 4175 De
1370 4122 1745 4194 significanda
1795 4124 1938 4176 hora
1979 4120 2163 4192 operis
2206 4121 2326 4176 Dei.
2381 4124 2446 4176 C.
2489 4123 2737 4176 XLXIX.
2781 4123 2865 4175 De
2894 4121 3226 4189 Quadrage-

610 4209 787 4261 simae
817 4212 1238 4266 observatione.
1291 4213 1354 4266 C.
1384 4213 1445 4266 L.
1490 4213 1573 4265 De
1604 4211 1872 4265 fratribus
1901 4211 1997 4282 qui
2024 4213 2198 4281 longe
2227 4213 2298 4265 ab
2341 4211 2598 4267 oratorio
2627 4211 2909 4278 laborant,
2939 4225 3037 4264 aut
3064 4211 3120 4264 in
3144 4210 3233 4264 via

611 4308 758 4349 sunt.
812 4296 876 4349 C.
908 4298 995 4350 LI.
1036 4299 1119 4352 De
1163 4299 1429 4353 fratribus
1459 4299 1702 4371 quinon
1732 4299 1866 4353 satis
1895 4300 2068 4369 longe
2099 4298 2559 4370 proficiscuntur.
2611 4300 2675 4353 C.
2705 4300 2816 4353 LII.
2848 4300 2932 4353 De
2961 4298 3234 4353 Orator-io

612 4386 959 4443 Monasterii.
991 4388 1054 4440 C.
1084 4389 1225 4442 LVI.
1258 4390 1340 4442 De
1370 4407 1565 4443 mensa
1594 4388 1854 4443 Abbatis.
1885 4389 1948 4442 C.
1979 4389 2146 4443 LVII.
2177 4390 2263 4443 De
2292 4388 2600 4444 artificibus
2628 4387 2975 4445 Monasterii.
3029 4388 3094 4442 C.
3117 4389 3234 4442 LX.

611 4480 699 4532 De
726 4476 1122 4531 sacerdotibus
1150 4477 1247 4549 qui
1274 4477 1557 4533 voluerint
1586 4478 1639 4532 in
1670 4478 2029 4532 Monasterio
2059 4479 2330 4533 habitare.
2396 4479 2458 4532 C.
2491 4479 2633 4532 LXI.
2675 4479 2761 4532 De
2804 4477 3104 4532 monachis
3132 4495 3237 4548 pe-

612 4566 848 4636 regrinis
878 4565 1119 4637 qualiter
1144 4567 1537 4637 suscipiantur.
1591 4568 1655 4621 C.
1687 4567 1852 4620 LXII.
1889 4568 1970 4620 De
1998 4567 2398 4622 sacerdotibus
2428 4567 2776 4624 monasterii.
2832 4568 2901 4621 C.
2927 4567 3118 4620 LXIII.
3149 4567 3239 4620 De

612 4655 813 4709 ordine
841 4655 1343 4725 Congregationis.
1398 4655 1458 4708 C.
1491 4656 1663 4709 Lxx'.
1708 4656 1793 4708 De
1836 4654 2161 4725 praeposito
2205 4656 2544 4710 Monasterii.
2601 4656 2665 4710 C.
2710 4656 2906 4710 Lxx-'L
2949 4655 3035 4708 De
3064 4654 3236 4708 ostia-

611 4747 695 4801 rio
726 4745 1066 4801 Monasterii.
1120 4747 1183 4800 C.
1213 4746 1435 4800 wal.
1478 4748 1563 4800 De
1608 4745 1880 4800 fratribus
1920 4745 1981 4799 in
2023 4745 2110 4799 via
2154 4745 2398 4802 directis.
2452 4747 2516 4800 C.
2546 4747 2739 4800 LXXI.
2784 4748 2854 4802 Ut
2895 4745 3236 4800 obedientes

611 4837 722 4892 sint
749 4837 852 4891 sibi
880 4836 1126 4890 invicem
1153 4836 1371 4890 fratres,
1426 4837 1489 4890 C.
1521 4837 1744 4890 LXXII.
1786 4837 1870 4889 De
1898 4836 2022 4890 zelo
2054 4838 2235 4904 bon0,
2263 4854 2438 4907 quern
2468 4837 2682 4890 debent
2710 4836 2971 4890 Monachi
2998 4836 3235 4890 habere.

611 4928 675 4981 C.
706 4927 947 4981 LXXIII.
978 4928 1064 4980 De
1094 4943 1184 4984 eo,
1211 4926 1371 4995 quod
1402 4942 1521 4980 non
1550 4925 1738 4980 omnis
1769 4924 2100 4980 observatio
2123 4924 2367 4980 iustitiae
2396 4924 2451 4979 in
2474 4925 2580 4979 hac
2603 4925 2672 4980 sit
2694 4925 2888 4996 regula
2907 4924 3239 4980 constituta.
