3684 5416
551 1548 598 1578 ¹0

549 2728 601 2757 20

659 373 759 429 188
1286 373 1547 428 Potestas
1588 374 1968 430 ecclesiastica
2007 390 2064 430 et
2103 376 2401 447 imperium
2442 376 2618 432 civile.

651 559 946 620 Novimus
977 579 1108 621 esse
1136 561 1434 639 scriptum
1453 582 1477 618 .·
1521 560 1788 621 «Omnis
1817 563 1931 641 qui
1958 582 2023 622 se
2055 561 2306 638 exaltat,
2340 562 2796 637 humiliabitur,
2829 570 2890 623 et
2917 567 3030 645 qui
3054 584 3120 625 se
3149 564 3260 625 hu-

649 665 875 738 miliat,
897 664 1339 738 exaltabitur,·»
1379 672 1440 727 et
1471 670 1693 728 iterum
1709 690 1735 726 .·
1771 688 1799 720 α
1813 668 2068 746 Quanto
2101 671 2301 729 maior
2331 688 2417 741 es,
2455 668 2714 730 humilia
2736 678 2793 731 te
2812 673 2877 731 in
2898 672 3253 744 omnibus‚·»

649 779 709 832 et
749 771 947 832 alibi:
998 771 1213 833 «Deus
1258 772 1538 854 superbis
1587 776 1850 847 resistit,
1882 773 2214 835 humilibus
2246 782 2443 835 autem
2475 777 2588 837 dat
2604 780 2936 856 gratiam.»
3004 775 3261 858 Propter

649 879 814 958 quod
854 878 1283 940 exaltationem
1338 886 1610 940 nostram
1650 882 1717 940 in
1748 879 2097 942 humilitate
2114 884 2430 962 ponimus,
2462 890 2523 942 et
2550 881 2955 944 humilitatem
2988 891 3259 945 nostram

649 984 1077 1046 exaltationem
1127 987 1452 1046 maximam
1501 994 1870 1068 reputamus.
1938 987 2114 1049 Unde
2142 992 2328 1049 etiam
2359 1009 2564 1050 servos
2596 1010 2715 1050 non
2748 990 2943 1051 solum
2974 990 3125 1065 Dei,
3154 992 3266 1052 sed

649 1095 833 1152 etiam
863 1112 1175 1154 servorum
1194 1092 1328 1154 Dei
1353 1112 1465 1154 nos
1496 1113 1628 1155 esse
1657 1095 1988 1156 scribimus
2024 1102 2085 1155 et
2092 1098 2397 1173 fatemur,
2428 1102 2489 1156 et
2516 1103 2638 1157 tam
2672 1098 3053 1178 sapientibus
3082 1117 3261 1178 quam

652 1200 1086 1280 insipientibus
1117 1200 1448 1262 secundum
1480 1200 1845 1281 Apostolum
1873 1221 2082 1263 sumus
2114 1202 2432 1264 debitores.
2494 1211 2523 1272 S
2559 1222 2615 1272 7.
2647 1202 2871 1266 Utrum
2906 1220 3115 1265 autem
3145 1204 3260 1264 im-

653 1305 1019 1385 peratoriam
1067 1305 1485 1368 excellentiam
1530 1308 1608 1369 ad
1655 1310 1895 1368 bonum
1941 1324 2001 1369 et
2045 1308 2194 1370 utile
2241 1328 2349 1390 per
2396 1309 2599 1370 literas
2633 1325 2873 1370 nostras
2903 1310 3262 1371 duxerimus

652 1410 1047 1489 invitandam,
1101 1425 1308 1474 utrum
1360 1412 1469 1474 tibi
1517 1414 1676 1475 iusta
1720 1414 2210 1494 suggesserimus
2271 1433 2330 1477 et
2395 1416 2674 1493 honesta,
2739 1430 2842 1476 tua
2912 1415 3262 1478 sollicitudo

653 1518 970 1594 discernat,
1015 1538 1217 1600 quum
1259 1539 1388 1581 non
1422 1520 1540 1582 nisi
1572 1521 1648 1582 ad
1682 1521 2001 1583 utilitatem
2034 1522 2321 1584 ecclesiae
2353 1538 2412 1584 et
2441 1537 2634 1583 terrae
2666 1522 3263 1605 Hierosolymitanae

653 1625 1000 1687 subsidium
1032 1645 1150 1689 nos
1182 1644 1239 1688 te
1271 1629 1743 1690 meminerimus
1776 1629 2080 1690 invitasse.
2141 1628 2447 1711 [Inspiret
2476 1631 2678 1708 igitur
2705 1636 2815 1692 etc.
2823 1626 2852 1707 Ῐ

810 1840 869 1897 b)
919 1835 1419 1891 Innocentius
1457 1836 1543 1893 111.
1585 1835 1989 1892 Willelmo.
2042 1836 2365 1893 Domino
2408 1834 3117 1908 Montispessuloni.

1003 1917 1129 1987 [Ep.
1155 1917 1225 1969 V.
1273 1917 1369 1973 128
1420 1921 1504 1972 De
1541 1922 1929 1990 legitimatione
1965 1922 2278 1976 liberorum.
2316 1920 2615 1979 Ponhast
2648 1937 2699 1977 n.
2743 1925 2918 1992 1794]

866 2043 896 2074 *
949 2040 1230 2112 Migne,
1267 2042 1421 2098 Patr.
1444 2046 1541 2099 lat.
1581 2044 1905 2116 Tom.123.
1946 2043 2238 2116 col.113o.
2291 2042 2507 2099 Molit
2533 2060 2629 2099 or.
2670 2046 3088 2099 DieDecretale
3125 2043 3266 2097 «Per
3334 2085 3342 2092 .

577 2137 595 2178 5
653 2125 1040 2176 venerabilem»
1081 2139 1180 2176 von
1219 2125 1478 2196 Innocenz
1517 2125 1610 2177 III.
1663 2124 1926 2178 Munster
1960 2122 2106 2196 1879.

867 2271 982 2331 Per
1027 2269 1437 2331 venerabilem
1487 2270 1732 2332 fratrem
1780 2286 2084 2348 nostrum,
2119 2273 2538 2332 Arelatensem
2589 2271 3146 2351 archiepiscopum,
3188 2269 3267 2329 ad

655 2378 865 2439 sedem
896 2375 1296 2458 apostolicam
1330 2377 1740 2454 accedentem,
1773 2394 1876 2438 tua
1909 2379 2091 2440 nobis
2125 2378 2409 2440 nobilitas
2440 2377 2821 2458 supplicavit,
2855 2392 2926 2438 ut
2944 2375 3104 2437 filios
3122 2392 3266 2437 tuos

653 2483 1112 2566 legitimationis
1143 2482 1538 2562 dignaremur
1567 2482 1749 2544 titulo
1781 2484 2095 2560 decorare,
2129 2498 2434 2564 quatenus
2466 2483 2572 2560 eis,
2606 2501 2737 2564 quo
2769 2484 2980 2545 minus
2998 2483 3106 2544 tibi
3124 2500 3265 2544 suc-

654 2592 961 2668 cederent,
997 2590 1290 2652 natalium
1324 2589 1592 2667 objectio
1625 2609 1757 2651 non
1787 2606 2055 2652 noceret.

870 2697 1065 2773 Quod
1095 2712 1300 2759 autem
1333 2715 1521 2777 super
1551 2697 1674 2759 hoc
1704 2697 2039 2778 apostolica
2071 2698 2248 2758 sedes
2281 2698 2528 2778 plenam
2547 2697 2765 2759 habeat
2784 2712 3161 2779 potestatem,
3192 2714 3267 2756 ex

655 2806 766 2867 illo
816 2805 1077 2883 videtur,
1125 2805 1300 2886 quod
1345 2823 1511 2881 cum,
1559 2803 1811 2865 diversis
1858 2804 2055 2866 causis
2100 2805 2409 2885 inspectis,
2458 2822 2605 2866 cum
2650 2804 3026 2885 quibusdam
3058 2803 3267 2865 minus

656 2912 923 2991 legitime
968 2911 1208 2991 genitis,
1255 2929 1385 2972 non
1433 2910 1813 2972 naturalibus
1844 2927 2104 2990 tantum,
2134 2912 2245 2972 sed
2275 2911 2632 2973 adulterinis
2663 2912 2847 2973 etiam
2880 2909 3267 2992 dispensavit,
3310 2894 3313 2896 ’

656 3020 740 3080 sic
772 3021 849 3081 ad
882 3036 1053 3081 actus
1082 3017 1427 3098 spirituales
1458 3017 1627 3099 ipsos
1657 3017 2026 3099 legitimam,
2061 3034 2123 3079 ut
2155 3034 2408 3099 possent
2439 3018 2504 3079 in
2536 3019 2865 3099 episcopos
2896 3017 3267 3100 promoveri,

657 3127 1047 3189 verisimilius
1078 3126 1345 3187 creditur
1376 3141 1435 3186 et
1469 3125 1848 3208 probabilius
1879 3108 2212 3207 reputatur,
2249 3142 2315 3187 ut
2347 3144 2456 3187 eos
2485 3127 2563 3188 ad
2592 3142 2766 3187 actus
2795 3125 3132 3207 legitimare
3163 3145 3265 3185 va-

551 3261 599 3303 25
659 3236 776 3296 leat
819 3234 1176 3310 saeculareS,
1224 3232 1580 3313 praesertim
1624 3233 1672 3294 si
1723 3248 1963 3313 praeter
1996 3233 2358 3295 Romanum
2405 3232 2764 3313 pontificem
2797 3233 2955 3293 inter
2987 3231 3271 3293 homines

553 3797 604 3840 30

661 3341 1047 3423 superiorem
1079 3339 1269 3400 alium
1303 3358 1435 3401 non
1466 3354 1875 3418 cognoscunt,
1910 3339 2019 3420 qui
2049 3338 2428 3419 legitimandi
2462 3340 2682 3400 habeat
2702 3353 3091 3420 potestatem;
3123 3337 3268 3418 quia

662 3469 808 3510 cum
855 3448 1053 3511 maior
1099 3448 1164 3508 in
1198 3445 1616 3528 spiritualibus
1646 3462 1772 3507 tam
1807 3446 2132 3526 prudentia
2164 3465 2356 3526 quarn
2389 3446 2724 3507 auctoritas
2754 3461 2814 3506 et
2845 3445 3144 3507 idoneitas
3176 3464 3271 3505 re-

661 3553 959 3637 quiratur,
1007 3555 1181 3636 quod
1226 3554 1289 3615 in
1335 3553 1553 3615 maiori
1599 3553 1978 3630 conceditur,
2010 3553 2250 3615 licitum
2280 3573 2412 3615 esse
2443 3552 2687 3613 videtur
2716 3552 2896 3614 etiam
2932 3552 2994 3613 in
3029 3551 3269 3613 minori.

660 3665 775 3725 Per
804 3663 1004 3725 simile
1036 3681 1297 3743 quoque
1331 3661 1496 3723 idem
1530 3661 1771 3722 videtur
1803 3679 1983 3740 posse
2016 3660 2280 3740 probari,
2315 3679 2461 3722 cum
2492 3680 2570 3721 eo
2602 3659 2739 3740 ipso
2759 3660 2932 3740 quod
2953 3658 3174 3739 aliquis
3193 3658 3271 3719 ad

661 3771 898 3851 apicem
929 3770 1298 3851 episcopalis
1329 3769 1638 3848 dignitatis
1670 3768 1995 3846 extollitur,
2017 3768 2352 3829 eximitura
2374 3769 2565 3847 patria
2588 3782 2901 3850 potestate.
2935 3767 3267 3838 Praeterea,

661 3878 710 3938 si
743 3879 924 3938 etiam
956 3877 1215 3957 simplex
1245 3878 1575 3958 episcopus
1607 3876 1872 3938 scienter
1902 3894 2149 3936 servum
2183 3874 2429 3936 alterius
2460 3874 2524 3935 in
2562 3877 2992 3956 presbyterum
3025 3872 3269 3934 ordina-

659 4002 768 4057 ret,
814 3984 955 4045 licet
1002 3984 1322 4046 ordinator
1367 3982 1708 4045 satisfacere
1755 3981 2018 4044 domino
2053 3981 2217 4042 iuxta
2253 3981 2518 4043 formam
2551 3980 2913 4042 canonicam
2947 3993 3273 4053 teneretur,

661 4092 984 4152 ordinatus
1029 4108 1234 4152 tamen
1265 4090 1483 4168 iugum
1519 4090 1802 4151 evaderet
1830 4089 2152 4151 servitutis.
2218 4088 2543 4150 Videretur
2573 4088 2886 4167 siquidem
2919 4102 3272 4148 monstruo-

660 4216 823 4272 sum,
873 4213 940 4258 ut
985 4198 1093 4277 qui
1138 4197 1450 4276 legitimus
1494 4197 1572 4257 ad
1618 4196 1961 4275 spirituales
2007 4194 2175 4256 fieret
2216 4195 2505 4264 actiones,
2554 4194 2708 4255 circa
2742 4193 3080 4254 saeculares
3110 4208 3275 4252 actus

585 4331 602 4359 ε
661 4304 1018 4386 illegitimus
1050 4319 1410 4365 remaneret.
1474 4302 1679 4380 Unde,
1725 4321 1871 4363 cum
1903 4321 2033 4382 quo
2064 4303 2129 4363 in
2164 4301 2592 4383 spiritualibus
2624 4300 3030 4382 dispensatur,
3062 4316 3277 4360 conse-

663 4427 922 4492 quenter
967 4410 1330 4491 intelligitur
1376 4411 1442 4471 in
1487 4411 1932 4491 temporalibus
1978 4410 2381 4490 dispensatus.
2443 4409 2508 4470 ld
2559 4426 2766 4470 autem
2812 4410 2874 4470 in
2907 4407 3277 4489 patrimonio

663 4518 821 4579 beati
856 4517 1014 4579 Petri
1046 4517 1233 4578 libere
1268 4532 1469 4597 potest
1500 4516 1831 4597 apostolica
1865 4516 2040 4577 sedes
2073 4514 2331 4591 efficere,
2364 4514 2424 4575 in
2461 4534 2591 4594 quo
2625 4533 2683 4576 et
2713 4515 2944 4576 summi
2978 4513 3276 4595 pontificis

662 4625 1085 4687 auctoritatem
1121 4639 1359 4686 exercet
1389 4639 1449 4684 et
1482 4622 1757 4703 supremi
1790 4622 2082 4703 principis
2113 4622 2471 4702 exsequitur
2503 4638 2883 4703 potestatem.

876 4732 1043 4794 Cum
1076 4748 1224 4810 ergo
1258 4730 1536 4791 videatur
1569 4750 1642 4791 ex
1675 4730 1770 4791 his
1799 4728 2181 4810 legitimandi
2213 4728 2541 4790 auctoritas
2577 4749 2707 4790 non
2741 4744 2980 4790 tantum
3011 4728 3076 4789 in
3104 4726 3273 4809 spiri-

663 4839 930 4901 tualibus
975 4838 1082 4900 sed
1128 4839 1194 4899 in
1240 4838 1688 4919 temporalibus
1721 4839 1903 4900 etiam
1938 4857 2126 4919 penes
2161 4837 2510 4898 Romanam
2547 4837 2867 4898 ecclesiam
2899 4836 3178 4911 residere,
3213 4850 3277 4895 ut

662 4966 847 5027 super
879 4948 999 5008 hoc
1029 4945 1173 5007 filiis
1206 4946 1326 5007 tuis
1356 4945 1614 5025 gratiam
1645 4945 1987 5006 faceremus
2019 4947 2099 5005 ob
2134 4959 2238 5005 tua
2273 4961 2331 5005 et
2362 4943 2831 5024 progenitorum
2865 4959 3117 5004 tuorum
3148 4960 3276 5002 me-
