3684 5416
320 1556 378 1589 10

317 2091 370 2134 ¹5

310 3371 368 3415 ²5

309 3769 373 3816 3⁰

307 4336 371 4384 3⁵

1076 391 1342 446 Potestas
1380 390 1761 447 ecclesiastica
1801 407 1859 449 et
1894 393 2195 465 imperium
2235 392 2412 450 civile.
2948 409 3038 466 ¹7¹

437 571 757 634 furibundi
804 573 1056 635 certatis.
1127 581 1306 650 «At»,
1350 574 1656 656 inquiunt,
1714 595 1942 638 «nemo
1991 597 2103 659 pro
2150 577 2407 659 peccatis
2439 577 2620 638 debet
2650 577 2902 657 deponi,
2937 595 3044 637 ne-

436 678 590 740 mini
641 680 969 741 commissa
1020 695 1163 742 sunt
1209 681 1691 762 exprobranda».
1768 682 1952 744 Unde
1998 702 2168 763 ergo,
2217 703 2390 764 rogo,
2436 681 2825 765 suprascripti
2872 702 3047 762 reges

435 786 673 864 deiecti,
718 786 886 847 unde
930 785 1478 849 innumerabilium
1524 788 1918 850 ecclesiarum
1951 790 2242 852 antistites
2274 790 2389 853 nisi
2424 809 2535 872 pro
2568 789 2766 871 culpis
2798 787 2927 849 suis
2956 787 3045 849 le-

432 908 667 971 guntur
696 892 995 974 depositi?
1047 892 1110 955 Si
1143 893 1327 974 igitur
1358 913 1545 956 nemo
1580 914 1691 977 pro
1724 896 1921 978 culpis
1953 896 2100 975 suis,
2134 896 2290 958 sicut
2320 897 2509 975 aiunt,
2540 915 2830 958 concessa
2864 895 3046 956 debet

434 999 728 1080 dignitate
763 999 998 1081 privari,
1030 1000 1182 1081 quid
1216 1015 1324 1079 est,
1374 1017 1442 1063 ut
1472 1002 1660 1063 huius
1693 1004 1777 1064 rei
1810 1005 2167 1086 exemplum
2202 1018 2261 1065 et
2292 1004 2712 1065 auctoritatem
2743 1001 2922 1064 altius
2953 1021 3044 1062 re-

433 1121 658 1186 petam,
692 1106 866 1186 quod
898 1105 1312 1187 protoplastus
1344 1106 1422 1169 de
1455 1108 1712 1189 paradisi
1746 1108 1966 1171 delitiis
2000 1125 2138 1191 post
2156 1126 2472 1191 peccatum
2494 1108 2835 1191 depellitur,
2869 1107 3045 1169 omni

432 1211 598 1273 intus
644 1231 932 1274 concessa
977 1227 1272 1294 potestate
1318 1213 1621 1295 privatur?
1685 1215 1868 1278 Unde
1913 1235 2060 1296 ergo
2106 1215 2353 1278 Lucifer
2395 1215 2498 1277 ille
2529 1215 2639 1297 qui
2669 1234 2851 1277 mane
2884 1214 3044 1277 orie-

432 1320 629 1394 batur,
674 1318 781 1399 qui
826 1334 916 1380 est
947 1318 1319 1399 principium
1349 1318 1584 1380 viarum
1621 1320 1754 1399 Dei,
1788 1321 1891 1382 cui
1922 1321 2165 1382 altiores
2197 1338 2329 1382 non
2361 1319 2615 1383 fuerunt
2645 1320 2807 1383 cedri
2841 1320 2904 1383 in
2935 1339 3044 1402 pa-

431 1426 659 1508 radyso
710 1426 841 1504 Dei,
890 1426 1067 1487 cuius
1115 1426 1533 1488 summitatem
1583 1427 1808 1490 abietes
1861 1448 1993 1489 non
2038 1428 2447 1509 adequarunt,
2498 1427 2675 1489 cuius
2718 1426 3046 1490 frondibus

432 1532 660 1614 platani
704 1552 903 1614 equae
949 1551 1081 1594 non
1127 1533 1398 1610 fuerunt,
1446 1533 1622 1595 cuius
1670 1535 2067 1615 pulcritudini
2099 1553 2289 1597 omne
2322 1534 2604 1616 paradysi
2635 1535 2879 1615 lignum
2916 1551 3043 1594 non

430 1655 521 1700 est
551 1639 972 1718 assimilatum,
1017 1640 1127 1720 qui
1157 1640 1471 1721 speciosus
1504 1640 1695 1702 factus
1726 1642 1792 1703 in
1825 1642 2038 1703 multis
2070 1642 2524 1722 condensisque
2556 1640 2899 1718 frondibus,
2933 1637 3045 1720 qui

429 1746 818 1824 signaculum
849 1746 1282 1827 similitudinis,
1331 1748 1547 1830 plenus
1579 1748 1873 1829 sapientia
1906 1765 1963 1810 et
1996 1750 2300 1831 perfectus
2332 1750 2553 1811 decore
2585 1749 2649 1811 in
2680 1748 2904 1810 delitiis
2935 1768 3039 1831 pa-

431 1852 635 1934 radisy
669 1853 802 1931 Dei,
846 1853 1022 1915 cuius
1066 1853 1271 1915 omnis
1315 1853 1468 1934 lapis
1515 1854 1829 1935 preciosus
1876 1856 2340 1936 operimentum
2372 1855 2579 1932 extitit,
2611 1855 2788 1917 cuius
2819 1871 3045 1916 aurum

430 1978 591 2041 opus
634 1960 869 2021 decoris
915 1959 1057 2021 fuit:
1120 1961 1306 2037 unde,
1357 1962 1633 2042 inquam,
1666 1961 1767 2023 ille
1797 1978 1890 2023 tot
1920 1981 2108 2043 super
2140 1962 2455 2024 celestium
2488 1961 2824 2042 insignium
2857 1979 3042 2022 orna-

428 2066 650 2126 mentis
697 2066 932 2129 cunctis
981 2068 1216 2149 superis
1265 2068 1468 2130 choris
1518 2069 1788 2149 prelatus
1834 2069 1911 2130 de
1958 2069 2105 2130 caeli
2152 2069 2472 2131 altitudine
2516 2086 2605 2130 est
2649 2069 2942 2144 deiectus,
2991 2067 3043 2129 si

428 2191 637 2251 nem0,
682 2189 750 2234 ut
794 2174 891 2235 isti
935 2176 1291 2255 bachantur,
1341 2194 1453 2257 pro
1499 2177 1769 2257 qualibet
1816 2177 2158 2239 facinorum
2190 2176 2596 2237 immensitate
2629 2194 2919 2236 concessa
2951 2174 3043 2234 di-

426 2282 655 2362 gnitate
686 2299 774 2343 est
805 2283 1176 2364 privandus?
1230 2285 1342 2345 His
1381 2284 1564 2367 igitur
1604 2286 1680 2347 de
1713 2286 1874 2364 regis
1906 2285 2248 2367 specialiter
2279 2284 2666 2364 depositione
2699 2301 2772 2342 ex
2802 2280 3040 2342 irrefra-

425 2389 610 2469 gabili
655 2405 1009 2451 sanctorum
1055 2391 1408 2453 auctoritate
1454 2392 1725 2473 prolatis,
1772 2392 1897 2454 iam
1941 2393 2235 2454 adversus
2282 2406 2527 2453 nostros
2572 2387 3044 2469 conspiratores,

426 2496 721 2557 adversus
766 2515 966 2558 novos
1010 2497 1385 2560 scismaticos
1429 2517 1758 2571 armemur,
1791 2500 2035 2582 ipsique
2068 2519 2257 2582 quam
2291 2497 2672 2560 detestabiles
2703 2495 2841 2571 sint,
2873 2493 3037 2555 iuxta

426 2619 668 2685 patrum
705 2602 1106 2666 diffinitiones
1139 2605 1651 2668 demonstremus.
1715 2607 1808 2683 (cf.
1839 2607 1910 2671 Is.
1956 2629 2047 2687 14,
2092 2625 2185 2669 12.
2236 2607 2361 2669 Iob.
2394 2623 2498 2686 40,
2545 2625 2636 2684 ¹4·
2684 2601 2756 2664 cf.
2793 2601 2892 2662 Ez.
2934 2619 3042 2678 31,

426 2713 485 2773 8.
524 2733 583 2791 9.
644 2712 724 2773 ib.
760 2714 861 2791 28,
908 2733 999 2775 12.
1044 2713 1155 2793 13·)
1203 2744 1291 2755 —
1341 2711 1396 2793 [1.
1430 2729 1480 2776 c.
1513 2712 1552 2776 1.
1588 2732 1720 2794 pag.
1759 2713 2150 2797 365-366.]

1314 2976 1407 3033 51.
1460 2977 1607 3031 PET
1617 2974 1758 3031 Rus
1797 2975 2149 3031 CRASSUS.

1101 3141 1481 3204 Defensio
1530 3142 1899 3204 Heinrici
1949 3141 2044 3204 lv.
2097 3141 2352 3221 Regis.

645 3277 677 3311 ¹⁸¹
727 3281 875 3333 Mon.
913 3280 1109 3334 Germ.
1147 3280 1375 3345 lu'stor.;
1424 3281 1613 3334 Libelli
1644 3282 1710 3333 de
1745 3283 1837 3334 lite
1875 3279 1963 3333 ed.
2004 3276 2485 3333 Heinemann.
2526 3279 2700 3333 Tom.
2744 3279 2779 3332 1.
2835 3295 2887 3350 p.
2926 3295 3035 3351 432

428 3360 619 3428 —460.
670 3357 928 3428 Mirbt,
965 3359 1289 3414 Publicistik.
1328 3375 1381 3430 p.
1420 3359 1479 3413 18
1521 3376 1682 3430 seqq.
1743 3357 2020 3421 Solmi‚
2058 3360 2213 3413 Stato
2248 3378 2278 3411 e
2316 3359 2508 3413 Chiesa
2546 3360 2697 3428 negti
2729 3362 2914 3413 scritti
2937 3367 3043 3430 po·

424 3444 563 3497 litt'ci
595 3460 703 3495 ecc.
741 3458 796 3511 p.
836 3439 906 3511 98
944 3456 1066 3512 seq·
1128 3440 1474 3509 Meltzer,
1525 3442 1756 3510 Gregor
1806 3442 1915 3494 VII.
1954 3442 2071 3495 und
2101 3442 2186 3494 die
2222 3440 2514 3493 deutschen
2553 3439 3034 3502 Bischot'swahlen.

426 3539 481 3594 p.
511 3521 630 3592 236.
683 3519 1151 3592 Chiappelli,
1188 3523 1262 3575 Lo
1298 3523 1478 3575 studio
1514 3523 1801 3590 bolognese
1838 3524 1975 3575 nelle
2011 3539 2106 3574 sue
2144 3521 2360 3590 ortgini.
2398 3518 2613 3573 Pistoia
2650 3518 2797 3573 1888.
2828 3536 2880 3589 p.
2918 3536 3031 3588 ¹45·

428 3601 486 3656 M
505 3619 536 3654 a
553 3617 583 3654 a
602 3618 628 3654 s
645 3618 671 3655 s
689 3617 719 3655 e
736 3617 773 3654 n
791 3642 803 3662 ‚
855 3598 912 3654 in
949 3600 1436 3672 Sitzungsberichte
1472 3601 1573 3653 der
1610 3600 1903 3653 Akademie
1937 3602 2038 3655 der
2088 3599 2507 3669 Wissenschaft.
2548 3618 2611 3670 zu
2661 3599 2839 3664 Wicn,
2873 3600 3035 3670 phil.-

425 3683 550 3735 hist.
591 3681 795 3735 Classe.
842 3679 990 3753 1877.
1032 3698 1087 3752 p.
1115 3698 1322 3750 227—-2
1329 3699 1412 3753 57.
1479 3680 1783 3743 Ficker‚
1821 3680 2212 3750 Forschungen
2262 3696 2363 3750 zur
2401 3679 2621 3734 Reichs·
2659 3680 2775 3732 und
2809 3679 3034 3733 Rechts·

420 3762 736 3833 geschichte
772 3763 1010 3816 Italiens.
1052 3762 1142 3815 IV.
1181 3779 1235 3830 p.
1270 3761 1563 3831 tofi—124·
1614 3759 1932 3832 Fitting.
1971 3763 2075 3814 Die
2111 3759 2371 3829 Argfdnge
2406 3760 2507 3813 der
2543 3759 2933 3814 Rechtsschule
2969 3778 3037 3830 {u

428 3843 692 3912 Bologna.
739 3840 887 3896 1888.
914 3858 968 3913 p.
994 3859 1081 3911 40.
1134 3842 1388 3906 Besta‚
1428 3844 1487 3897 L'
1508 3848 1674 3915 opera
1711 3844 1766 3895 d’
1789 3843 2015 3899 Irneri0.
2070 3840 2293 3894 Torino
2332 3838 2480 3911 1896.
2507 3857 2563 3911 p.
2599 3858 2780 3909 1—-4o.

644 3992 700 4051 6.
777 3988 948 4064 Quid
995 3989 1211 4070 plura?
1273 3988 1568 4060 Saxones,
1619 3989 1726 4071 qui
1758 3990 1824 4051 in
1859 4009 2030 4051 sacro
2065 3988 2425 4071 baptismate
2458 3986 2647 4049 fidem
2678 3987 3043 4069 accipiendo

429 4114 688 4157 manum
735 4095 965 4157 veritati
1010 4096 1278 4173 dedistis,
1323 4097 1618 4175 adestote,
1665 4097 2000 4158 auscultate
2046 4113 2418 4176 mecumque
2463 4095 2936 4157 incommodum
2969 4115 3045 4157 ac

427 4202 776 4286 periculum
807 4217 1079 4265 vestrum
1109 4204 1486 4283 cognoscite!
1524 4206 1858 4283 Attendite,
1893 4223 2145 4285 quaes0,
2180 4204 2351 4283 quod
2387 4204 2568 4283 leges,
2599 4223 2753 4283 quas
2784 4202 3043 4285 piissimi

427 4310 830 4391 imperatores
859 4329 974 4392 pro
1006 4328 1200 4372 vestra
1232 4326 1708 4392 vestrorumque
1742 4311 2012 4373 tiliorum
2047 4328 2117 4373 ac
2149 4310 2336 4373 totius
2367 4309 2813 4372 christianitatis
2844 4310 3044 4370 salva—

428 4417 598 4479 tione
629 4417 1054 4494 condiderant,
1084 4419 1269 4478 unius
1303 4418 1593 4479 monachi
1627 4418 1949 4499 pertinacia
1982 4417 2216 4479 solvere
2250 4438 2319 4477 ac
2352 4417 2554 4478 delere
2586 4416 2835 4477 laborat.
2875 4416 3039 4477 Nam

428 4524 805 4604 legislatores
850 4543 1070 4586 omnes
1116 4526 1421 4601 homineS,
1469 4544 1786 4606 quemque
1835 4545 1947 4608 pro
1991 4546 2100 4588 sua
2146 4542 2532 4606 suorumque
2566 4524 2839 4601 utilitate,
2872 4524 3041 4603 leges

430 4630 767 4710 intelligere
799 4633 1036 4696 volunt.
1101 4631 1286 4694 Unde
1315 4633 1378 4693 in
1411 4633 1613 4714 primo
1644 4633 1803 4695 libro
1834 4633 2087 4695 Codicis
2119 4632 2535 4713 scriptum-est
2554 4652 2573 4690 t
2600 4630 2789 4710 Leges
2819 4650 3037 4690 sacra-

430 4741 731 4812 tissimae,
775 4758 929 4819 quae
970 4741 1407 4819 constringunt
1446 4741 1604 4800 vitas
1651 4742 1946 4812 omnium,
1977 4738 2056 4798 ab
2087 4737 2367 4799 omnibus
2400 4737 2677 4818 intelligi
2704 4736 2939 4810 debent,
2973 4743 3049 4797 ut

309 4867 381 4911 ⁴⁶
432 4847 731 4918 universi,
761 4848 1155 4927 praescripto
1199 4865 1407 4906 earum
1454 4847 1845 4922 manifestius
1877 4848 2145 4925 cognitO,
2181 4845 2280 4904 vel
2307 4844 2574 4905 inhibita
2607 4846 2916 4906 declinent
2940 4846 3049 4906 vel

419 4955 735 5035 permissa
764 4958 1085 5013 sectentur.
1149 4951 1292 5013 lnde
1340 4971 1527 5034 opere
1576 4953 1842 5033 pretium
1876 4967 1963 5013 est
1995 4951 2233 5013 curiose
2266 4952 2605 5029 intendere,
2640 4970 2829 5032 quam
2861 4949 3039 5012 firma
