3684 5416
336 1585 395 1618 to

338 2119 390 2163 ¹5

334 3187 404 3231 ²5*

1521 420 1693 475 Curia
1732 438 1994 476 romana.
2965 438 2992 491 5
2999 437 3065 494 53

447 495 2826 505 ————————-—-———————————...——-—-——-——————————-

448 620 778 665 consecuta
829 601 982 664 ratio
1031 619 1137 667 est.
1213 603 1380 666 Huic
1423 604 1835 667 incommodo
1901 605 2358 668 occurrendum
2415 605 2777 686 tempestive
2828 604 3069 666 censuit

447 710 596 773 Pius
629 711 729 771 IX.
762 710 802 772 f.
836 729 884 772 r.
916 711 1205 773 decessor
1235 711 1478 791 Noster,
1511 713 1785 793 datoque
1804 711 1869 773 in
1891 712 1953 773 id
1986 712 2234 774 decreto
2255 711 2819 793 Congregationem
2852 711 3065 773 Indul-

447 816 669 898 gentiis
715 815 1025 897 sacrisque
1054 816 1359 898 Reliquiis
1405 818 1859 897 cognoscendis
1910 819 2321 901 praepositam
2359 833 2522 879 extra
2555 817 2707 879 fines
2742 817 3069 880 Constitu-

447 923 635 985 tionis
654 923 1079 985 Clementinae
1112 943 1428 987 excurrere
1462 924 1796 1007 prohibuit,
1814 923 2347 1005 indulgentiarum
2365 925 2834 987 tribuendarum
2853 924 3066 986 adem-

448 1048 551 1114 pta
603 1030 901 1093 facultate.
969 1031 1140 1093 «Nos
1180 1031 1481 1113 praesenti
1514 1032 1695 1094 Motu
1709 1035 2002 1115 propriO,
2049 1048 2109 1094 et
2152 1052 2225 1095 ex
2255 1047 2414 1093 certa
2446 1030 2693 1094 scientia
2725 1050 2795 1092 ac
2826 1045 3070 1093 matura

452 1137 887 1199 deliberatione
932 1138 1347 1219 decernimus,
1400 1155 1469 1201 ut
1514 1137 1936 1221 Congregatio
1984 1140 2203 1202 eadem
2250 1154 2461 1221 pergat
2506 1138 2766 1220 quidem
2812 1137 3069 1200 retinere

452 1244 845 1325 quaestiones
896 1260 956 1306 et
1004 1245 1475 1328 disceptationes
1524 1266 1686 1328 quae
1735 1266 1926 1328 super
1975 1245 2381 1327 Indulgentiis
2425 1260 2532 1308 aut
2564 1245 2869 1326 Reliquiis
2915 1244 3069 1307 forte

450 1350 831 1429 oboriantur,
864 1367 922 1413 et
953 1372 1241 1434 peragere
1274 1354 1457 1415 etiam
1494 1369 1678 1435 atque
1711 1354 2001 1436 expedire
2034 1353 2148 1415 alia
2169 1353 2381 1415 omnia
2402 1373 2562 1434 quae
2583 1372 2731 1414 suae
2754 1353 3073 1414 dumtaxat

449 1457 852 1520 institutionis
902 1459 1117 1520 munia
1167 1460 1503 1541 respiciunt
1552 1461 1628 1521 ad
1678 1460 1954 1523 tramites
2002 1462 2217 1523 Motus
2251 1463 2534 1542 proprii,
2583 1479 2776 1540 quem
2828 1461 2945 1521 hac
2992 1459 3070 1520 de

448 1583 512 1625 re
575 1565 1008 1646 praelaudatus
1060 1570 1431 1628 Antecessor
1480 1568 1710 1629 Noster
1758 1566 2055 1628 Clemens
2104 1567 2208 1629 IX.
2261 1567 2429 1629 dedit
2477 1568 2594 1628 sub
2644 1567 2742 1628 die
2795 1567 2888 1629 Vl.
2934 1564 3073 1627 Iulii

448 1671 861 1749 MDCLX1X;
914 1673 1210 1735 abstineat
1254 1690 1462 1735 tamen
1508 1674 1770 1736 omnino
1816 1677 1893 1735 ab
1940 1674 2289 1736 emittendis
2337 1674 2483 1736 actis
2516 1674 2636 1736 illis
2667 1693 2827 1754 quae
2861 1673 2937 1734 ad
2969 1672 3069 1734 In-

447 1778 909 1858 dulgentiarum
942 1781 1251 1862 pertinent
1283 1779 1817 1843 concessionem».
1854 1782 2298 1843 Verumtamen
2330 1781 2518 1843 huius
2550 1780 2639 1841 vis
2670 1780 2896 1842 decreti
2927 1799 3069 1842 sen-

446 1887 565 1948 sim
610 1887 850 1965 excidit,
896 1888 1170 1949 restituta
1214 1888 1443 1949 scilicet
1488 1907 1557 1949 ea
1605 1888 1755 1969 ipsa,
1808 1907 1970 1969 quae
2021 1888 2218 1949 fuerat
2265 1887 2568 1968 adempta,
2603 1886 2919 1947 facultate:
2991 1886 3072 1948 ita

448 1994 627 2074 plane
677 2009 745 2054 ut
795 2013 927 2055 non
974 1994 1214 2056 minore
1264 2013 1457 2075 quam
1503 2011 1679 2056 antea
1727 2014 1995 2057 numero
2042 1993 2326 2075 rescripta
2373 1993 2472 2054 edi
2522 1992 2763 2053 soleant
2807 2012 2951 2053 curn
3001 2013 3069 2054 ea

448 2100 743 2178 clausula,
792 2120 984 2182 quam
1029 2120 1213 2182 supra
1261 2100 1545 2162 diximuS.
1624 2100 1769 2176 Qua
1818 2119 1883 2162 re
1932 2100 2236 2181 quoniam
2271 2099 2794 2181 perturbationem
2831 2099 3072 2161 ordinis

449 2207 635 2268 debiti
682 2227 752 2268 ac
798 2222 1000 2268 vetera
1046 2208 1449 2270 incommoda
1496 2208 1679 2290 plane
1724 2208 2027 2283 renovari,
2077 2208 2418 2269 multorum
2467 2205 2826 2268 testimonio
2872 2207 3072 2268 Nobis

448 2314 823 2392 consisterat,
855 2314 1103 2376 delectis
1135 2314 1511 2395 quibusdam
1546 2313 1604 2375 S.
1641 2314 1714 2374 R.
1749 2314 1817 2376 E.
1851 2312 2284 2374 Cardinalibus
2316 2311 2767 2392 mandavimus,
2821 2327 2891 2373 ut
2922 2332 3070 2373 cau-

448 2440 582 2483 sam
628 2437 864 2482 mature
912 2421 1383 2502 perpenderent,
1431 2436 1492 2482 et
1537 2438 1668 2501 quo
1714 2420 1994 2482 remedio
2027 2438 2189 2502 opus
2220 2439 2353 2481 esse
2385 2420 2714 2497 videretur,
2748 2436 2954 2500 aperte
2987 2419 3069 2481 si-

448 2527 828 2607 gnificarent.
905 2527 1092 2607 Igitur
1123 2527 1365 2606 cognita
1400 2545 1622 2588 eorum
1654 2527 1974 2604 sententia,
2006 2543 2072 2587 ut
2104 2546 2215 2587 sua
2248 2527 2476 2607 cuique
2510 2525 2722 2587 munia
2754 2542 3073 2588 serventur

446 2633 699 2716 integra,
731 2635 912 2696 Motu
927 2637 1193 2717 proprio
1225 2649 1284 2695 et
1315 2650 1473 2695 certa
1503 2634 1752 2695 scientia
1785 2633 2211 2695 decernimus:

662 2742 701 2803 1.
750 2743 836 2805 Ut
877 2740 1368 2823 Congregationi
1420 2742 1818 2821 Indulgentiis
1865 2742 2176 2823 sacrisque
2222 2742 2526 2822 Reliquiis
2571 2744 2952 2824 praepositae
2999 2763 3070 2805 ea

448 2849 610 2910 salva
643 2850 777 2911 iura
808 2865 1228 2931 permaneant,
1277 2869 1437 2929 quae
1470 2848 1766 2911 Clemens
1815 2864 2030 2911 auctor
2060 2848 2350 2911 instituit:
2402 2865 2834 2931 praetereaque
2865 2850 3069 2912 eidem

448 2957 911 3035 confirmamuS‚
946 2972 1024 3035 et,
1059 2973 1364 3038 quatenus
1397 2976 1557 3038 opus
1576 2957 1668 3034 sit,
1702 2959 1777 3018 de
1800 2958 2043 3037 integro
2064 2957 2466 3019 concedimus
2485 2955 2802 3018 facultates
2823 2977 3066 3037 omnes»,

449 3083 606 3144 quae
639 3065 705 3125 in
737 3064 997 3145 syllab0,
1031 3064 1127 3124 his
1159 3064 1366 3126 litteris
1399 3066 1660 3141 adnexo,
1694 3081 2120 3126 numerantur.

662 3171 728 3232 ΙΙ.
776 3171 1087 3232 Volumus
1121 3188 1179 3232 et
1212 3172 1556 3251 statuimuS,
1592 3187 1821 3233 ceteras
1856 3170 2836 3253 concessionesinterationesque
2857 3172 3069 3234 indul-

447 3278 816 3357 gentiarum,
866 3278 1178 3360 privilegia
1224 3278 1525 3354 altarium,
1572 3277 1887 3339 facultates
1934 3278 2344 3340 benedicendi
2391 3294 2450 3340 et
2497 3280 2610 3340 alia
2644 3280 2954 3341 eiusmodi
2987 3280 3064 3341 ad

447 3385 738 3447 Nostram
770 3386 1170 3447 Secretariam
1202 3385 1496 3446 Brevium
1527 3384 1832 3445 exclusive
1868 3385 2191 3465 pertinere.

659 3492 752 3555 111.
800 3492 997 3554 Simili
1031 3493 1263 3554 ratione
1296 3491 1689 3553 decernimus
1722 3506 1792 3551 ut
1823 3510 1985 3571 quae
2018 3489 2271 3552 facultas
2291 3490 2799 3572 Congregationi,
2832 3491 2910 3551 de
2942 3510 3069 3570 qua

447 3599 708 3679 agimuS,
741 3599 992 3661 collatae
1026 3613 1188 3676 sunt,
1221 3618 1326 3661 eae
1363 3600 1441 3660 ita
1473 3597 1760 3659 sint‘eius
1795 3598 2096 3678 propriae,
2130 3613 2198 3658 ut
2231 3597 2385 3658 nulli
2419 3613 2726 3679 praeterea
2759 3597 2857 3657 vel
2887 3598 3062 3659 Con-

445 3706 785 3787 gregationi
818 3705 914 3766 vel
947 3706 1317 3768 Secretariae
1351 3705 1588 3788 possint
1620 3725 1752 3767 esse
1785 3723 2177 3766 communes

662 3814 891 3874 Datum
947 3813 1185 3875 Romae
1248 3813 1414 3895 apud
1466 3813 1764 3875 Sanctum
1815 3813 2085 3891 Petrum,
2138 3810 2236 3872 die
2289 3810 2504 3872 XXXI.
2559 3810 2845 3871 Octobris
2895 3829 3063 3871 anno

447 3918 1165 4000 MDCCCLXXXXVII,
1200 3903 1611 3982 ‘Pontificatus
1661 3918 1873 3982 Nostri
1913 3917 2241 3998 Vigesimo.
2321 3915 2379 3996 [l.
2415 3938 2466 3979 c.
2503 3936 2636 3998 pag.
2675 3914 3068 3998 337—339.]
