3684 5416
661 385 772 439 454
1677 368 1945 425 Pontifex
1984 386 2277 424 romanus.

662 552 917 614 tunitate
969 571 1145 612 casus
1196 550 1480 612 omnium
1534 552 1626 612 vel
1677 551 2028 632 aliquarum
2092 551 2407 612 dumtaxat
2458 571 2491 612 e
2544 551 2933 613 facultatibus
2996 572 3028 611 a
3083 550 3280 612 Nobis

664 659 1037 721 concessis».

877 765 1106 841 Quoad
1141 764 1709 846 promulgationem
1743 765 2281 826 ver0·earumdem
2313 764 2874 841 Constitutionum,
2909 765 2973 826 in
3006 766 3277 848 ipsarum

662 872 864 954 priore
898 872 1198 932 diximus:
1256 872 1680 948 ‹Mandamus,
1728 886 1796 932 ut
1827 872 1942 932 hae
1974 871 2370 951 Apostolicae
2408 871 2671 933 Litterae
2705 871 3037 934 voluntatis
3071 871 3278 933 Nostri

581 1003 602 1046 5
661 995 842 1042 testes
874 980 1010 1061 ipso
1042 979 1140 1040 die
1172 978 1378 1039 obitus
1410 979 1638 1055 Nostri,
1686 978 1736 1038 si
1783 998 1891 1060 per
1936 992 2181 1060 tempus
2221 978 2479 1054 licuerit,
2530 998 2684 1039 neve
2731 977 3127 1060 gravissimae
3159 975 3277 1036 dif-

662 1087 960 1150 ficultates
992 1089 1257 1164 obstent,
1304 1087 1366 1147 in
1399 1085 1745 1167 particulari
1782 1084 2292 1165 'Congregatione
2343 1085 2772 1147 Cardinalium
2825 1084 3276 1164 cujuscumque

662 1195 916 1257 Ordinis
965 1195 1259 1275 Capitum
1312 1194 1641 1254 recitentur
1692 1213 1799 1272 per
1845 1177 2174 1273 integrum,
2220 1213 2289 1254 ac
2321 1193 2586 1254 subinde
2632 1193 2876 1254 illarum
2921 1191 3119 1268 lecti0,
3166 1191 3277 1252 etsi

663 1304 813 1364 facta
849 1301 1043 1372 fuerit,
1078 1300 1344 1361 omnino
1375 1300 1624 1361 iteretur
1656 1320 1864 1361 coram
1911 1301 2044 1361 aliis
2077 1301 2507 1363 Cardinalibus
2557 1301 2622 1362 in
2666 1301 2806 1363 loco
2855 1300 3276 1382 praesentibus

661 1411 724 1472 in
759 1409 951 1492 prima
983 1408 1254 1489 generali
1286 1408 1802 1486 Congregatione,
1845 1409 1972 1469 sive
2020 1410 2348 1488 ordinaria,
2400 1410 2527 1470 sive
2576 1424 2739 1470 extra
2786 1408 3072 1469 ordinem
3117 1406 3275 1468 indi-

558 1542 609 1574 ιο
661 1517 872 1579 cenda.
937 1515 1187 1590 Quibus
1219 1515 1473 1594 quidem
1506 1515 1944 1577 Cardinalibus
1967 1515 2130 1593 juxta
2154 1537 2241 1590 ea,
2273 1536 2432 1596 quae
2453 1516 2517 1577 in
2539 1516 2705 1577 hisce
2732 1515 2916 1577 literis
2935 1514 3276 1588 statuimus,

659 1625 923 1686 liberum
957 1624 1088 1700 erit,
1124 1637 1189 1684 ut
1221 1623 1468 1684 servatis
1500 1643 1660 1703 quae
1692 1623 1986 1684 servanda
2022 1622 2451 1704 praecipimus,
2483 1622 2849 1683 electionem
2884 1621 3029 1683 novi
3063 1621 3272 1683 Ponti-

659 1733 786 1795 ficis
834 1733 926 1793 vel
974 1732 1038 1792 in
1071 1730 1273 1813 primo
1306 1731 1442 1813 ipso
1474 1746 1782 1791 conventu
1816 1729 2195 1810 perficiant».
2258 1729 2325 1790 ln
2358 1730 2540 1790 altera
2573 1746 2779 1790 autem
2810 1727 3268 1790 Constitutione

659 1839 959 1901 diximus:
1017 1837 1248 1913 «Quod
1296 1838 1373 1898 de
1425 1837 1743 1918 praeterita
1794 1837 2253 1899 Constitutione
2306 1837 2529 1897 Nostra
2561 1835 2733 1896 Anni
2785 1833 3276 1896 MDCCCLXXI

662 1948 789 2009 fieri
827 1946 1275 2021 mandavimus,
1317 1944 1480 2006 idem
1517 1946 1594 2006 de
1627 1945 1741 2006 hac
1773 1944 1958 2005 etiam
1990 1944 2402 2025 praecipimus
2436 1963 2662 2024 nempe
2695 1958 2753 2004 et
2784 1956 2960 2003 antea
2991 1941 3275 2003 recitetur

559 2085 602 2129 15
658 2074 804 2118 cum
858 2054 959 2116 illa
1006 2054 1069 2115 in
1118 2053 1481 2134 particulari,
1534 2054 1759 2115 deinde
1818 2054 1884 2114 in
1934 2054 2206 2133 generali
2257 2053 2684 2116 Cardinalium
2756 2039 3275 2132 Congregatione‚

659 2163 887 2242 quibus
937 2160 1032 2240 jus
1082 2161 1191 2221 erit
1223 2160 1660 2242 interpretandi
1694 2179 1763 2220 ac
1793 2160 2135 2242 explicandi
2169 2160 2475 2241 quidquid
2509 2159 2682 2220 dubii
2715 2176 3036 2220 occurrere
3073 2156 3263 2216 valeat

658 2269 722 2330 in
756 2268 1080 2348 utriusque
1114 2266 1589 2328 Constitutionis
1620 2266 2048 2328 executione».

871 2375 1040 2436 Haec
1090 2390 1296 2435 autem
1346 2394 1507 2455 quae
1558 2374 1636 2434 de
1682 2373 2140 2454 praeteritarum
2176 2372 2717 2435 Constitutionum
2770 2368 3271 2452 promulgatione

659 2481 1092 2543 mandavimus
1139 2482 1215 2541 ad
1263 2482 1421 2542 hanc
1468 2480 1661 2542 modo
1711 2480 2120 2558 extendimus,
2164 2480 2243 2541 ita
2276 2496 2486 2541 tamen
2521 2494 2587 2539 ut
2620 2476 3037 2556 Congregatio
3069 2474 3271 2535 Gene-

549 2618 604 2650 20
661 2588 800 2650 ralis
833 2588 1035 2649 statim
1069 2603 1207 2668 post
1228 2588 1527 2648 Nostrum
1560 2588 1883 2648 decessum
1919 2586 2298 2648 habeaturin
2321 2586 2550 2648 Palatio
2572 2584 2932 2667 Apostolico
2950 2581 3268 2653 VaticanO,

657 2695 865 2778 ibique
901 2693 1001 2757 fiat
1034 2695 1451 2777 promulgatio
1485 2695 1675 2758 trium
1708 2695 2266 2772 Constitutionum,
2301 2694 2529 2757 omissa
2565 2694 2747 2755 etiam
2783 2692 3143 2753 earumdem
3177 2707 3255 2749 re-

655 2805 940 2866 citatione
987 2804 1051 2864 in
1104 2804 1447 2885 particulari
1495 2803 1997 2882 Congregatione
2044 2802 2468 2864 Cardinalium
2521 2800 2974 2880 cujuscumque
3021 2799 3269 2861 Ordinis

658 2912 947 2991 capitum.

869 3018 1165 3079 Ceterum
1211 3018 1384 3096 quod
1432 3017 1508 3078 de
1542 3018 1660 3077 illis
1694 3017 2266 3079 Constitutionibus
2301 3017 2753 3091 mandavimus,
2788 3016 2954 3078 idem
2987 3015 3064 3075 de
3098 3033 3268 3096 prae-

550 3151 601 3194 25
660 3124 818 3185 senti
850 3123 1330 3198 Constitutione,
1373 3112 1723 3204 iisdemque
1758 3124 1973 3185 Verbis
2005 3124 2415 3201 decernimus,
2454 3143 2725 3203 namque
2765 3121 3268 3184 «Confirmamus

657 3230 903 3300 easdem
954 3229 1210 3290 Litteras
1261 3245 1318 3289 et
1367 3229 1681 3292 facultates
1726 3250 1947 3291 omnes
1994 3231 2070 3291 de
2119 3231 2504 3311 plenitudine
2537 3231 2798 3291 Nostrae
2846 3227 3156 3311 potestatis
3188 3227 3267 3287 ibi

657 3356 1012 3398 concessas»
1067 3337 1138 3397 iis
1183 3352 1391 3398 tamen
1437 3352 1680 3398 tantum
1714 3338 1996 3419 exceptis,
2030 3357 2190 3417 quae
2227 3338 2290 3398 in
2324 3336 2629 3418 praesenti
2660 3335 3124 3397 Constitutione
3156 3353 3268 3394 nec

657 3444 921 3505 sancitae
967 3463 1080 3504 nec
1126 3459 1642 3506 commemoratae
1704 3445 1956 3505 fuerunt
2028 3464 2182 3505 «nec
2247 3463 2376 3505 non
2451 3444 2765 3504 universas
2835 3442 3267 3522 derogationes

656 3551 1155 3632 Apostolicarum
1187 3550 1725 3613 Constitutionum
1774 3552 1968 3612 modo
2014 3567 2072 3613 et
2105 3551 2302 3613 forma
2337 3551 2564 3613 ibidem
2601 3549 2916 3631 expressis,
2952 3549 3263 3629 simulque

544 3684 596 3728 30
653 3675 929 3719 vetamus
973 3658 1217 3719 excitari
1262 3658 1674 3720 dubitationes
1720 3658 1795 3719 de
1844 3677 2057 3718 earum
2102 3657 2158 3718 vi
2207 3673 2265 3718 et
2297 3657 2588 3731 efficacia,
2622 3658 2747 3719 sive
2782 3657 2955 3738 quod
2988 3674 3263 3738 tempore

652 3764 982 3826 vacationis
1015 3764 1190 3826 Sedis
1221 3765 1612 3846 Apostolicae
1664 3766 1821 3826 ordo
1870 3764 2154 3845 publicus
2206 3767 2599 3845 perturbatus
2636 3784 2765 3827 non
2791 3763 3092 3847 'videatun
3138 3762 3264 3824 sive

651 3873 823 3954 quod
868 3875 1077 3933 abesse
1126 3889 1492 3933 censeantur
1530 3871 1815 3953 pericula,
1851 3870 1977 3931 sive
2010 3872 2236 3951 quovis
2269 3870 2391 3932 alio
2425 3873 2721 3943 obtentu;
2773 3872 3066 3932 volumus
3099 3870 3265 3931 enim

648 4000 749 4041 eas
794 3980 860 4041 in
907 3999 1025 4040 suo
1071 3980 1295 4040 robore
1342 3998 1611 4056 manere,
1661 3978 2046 4059 plenumque
2094 3997 2281 4038 suum
2315 3977 2618 4058 consequi
2657 3977 2963 4052 effectum,
2997 3977 3199 4038 donec
3231 3996 3265 4037 a

649 4087 847 4148 Nobis
879 4085 1106 4147 fuerint
1139 4099 1520 4148 revocatae».

540 4216 593 4260 35
866 4194 1034 4253 Haec
1065 4192 1267 4272 igitur,
1304 4191 1587 4272 periculis
1621 4207 1982 4253 nostrorum
2016 4210 2370 4274 temporum
2403 4206 2656 4272 totaque
2689 4191 2774 4253 rei
2807 4212 2987 4253 causa
3006 4192 3266 4271 graviter

648 4299 1027 4360 considerata
1059 4318 1128 4359 ac
1158 4300 1341 4359 etiam
1366 4300 1778 4360 Decessorum
1805 4301 2179 4361 Nostrorum
2203 4299 2291 4360 Pii
2315 4299 2429 4377 V1.‚
2456 4299 2543 4360 Pii
2567 4298 2695 4360 VII.
2719 4316 2778 4361 et
2798 4298 3080 4378 Gregorii
3103 4298 3260 4359 XVI.

649 4405 940 4485 exemplis
973 4406 1234 4487 permoti
1266 4405 1609 4484 statuimus,
1644 4406 2134 4487 praescribimus,
2168 4406 2586 4486 indulgemus,
2638 4408 3054 4484 decernenteS,
3086 4424 3262 4486 prae-

646 4527 849 4573 sentes
882 4512 1134 4574 Litteras
1184 4528 1242 4573 et
1273 4511 1335 4573 in
1369 4513 1455 4573 eis
1489 4528 1774 4574 contenta
1809 4532 2230 4593 quaecunque
2265 4514 2447 4575 etiam
2486 4534 2560 4575 ex
2594 4533 2672 4575 eo
2704 4515 2880 4594 quod
2912 4512 3167 4594 quilibet
3198 4512 3260 4573 in

648 4620 993 4701 praemissis
1040 4619 1111 4680 iis
1156 4619 1251 4680 vel
1284 4620 1571 4680 interesse
1606 4621 1919 4698 habentes,
1955 4642 2064 4682 seu
2100 4622 2324 4683 habere
2361 4623 2828 4703 praetendentes
2861 4619 3262 4702 quomodoli-

537 4749 591 4790 ⁴o
649 4730 749 4788 bet
782 4727 898 4788 illis
929 4746 1057 4788 non
1090 4726 1517 4789 consenserint
1549 4746 1660 4787 nec
1694 4729 1771 4788 ad
1805 4748 1876 4788 ea
1910 4727 2106 4789 vocati
2137 4729 2264 4790 sive
2286 4729 2476 4790 auditi
2499 4728 2744 4805 fuerint,
2780 4744 2885 4791 aut
2906 4749 2980 4790 ex
2999 4727 3261 4809 quibus-

643 4833 811 4895 libet?
835 4834 967 4896 aliis
1012 4834 1209 4924 causis
1242 4834 1592 4915 impugnari
1629 4834 1886 4896 minime
1922 4855 2124 4916 posse,
2159 4837 2267 4897 sed
2302 4836 2547 4897 easdem
2583 4855 2827 4917 semper
2859 4856 2927 4896 ac
2959 4852 3262 4916 perpetuo

644 4939 871 5017 firmaS,
917 4941 1147 5002 validas
1195 4958 1250 5002 et
1297 4941 1573 5002 efficaces
1619 4941 1874 5003 existere
1926 4959 1984 5003 et
2031 4942 2181 5021 fore,
2230 4961 2504 5022 suosque
2555 4943 2864 5023 plenarios
2897 4959 2955 5003 et
2988 4942 3261 5021 integros
