3684 5416
403 1581 451 1612 to

406 2116 447 2159 ¹5

400 2656 454 2688 20

399 3726 451 3767 ‘30

398 4261 449 4304 πε

1142 397 1407 451 Potestas
1447 395 1825 451 ecclesiastica
1853 409 1910 451 et
1946 394 2251 468 imperium
2288 395 2466 451 civile.
3018 413 3119 471 3¹3

507 585 716 666 cipuas
748 582 1051 645 Aemiliae
1085 581 1351 643 civitates
1395 580 1718 643 submissis
1750 579 2005 661 scriptis,
2051 581 2590 663 conspiratoribus,
2622 581 2826 659 armiS,
2862 581 3120 663 pecunia

505 692 584 752 ad*
613 690 1111 772 perduellionem
1148 688 1331 751 fuisse
1364 687 1676 761 excitatas;
1729 707 1845 749 nec
1887 688 2087 751 multo
2123 704 2278 770 post,
2311 687 2575 749 comitiis
2608 688 2824 769 populi
2857 687 3118 763 indictis,

504 797 880 878 captatisque
920 796 1224 876 suffragiis
1257 795 1645 877 plebiscitum
1677 793 2016 856 confictum
2038 815 2188 872 esse,
2207 814 2408 877 eoque
2429 794 2573 858 fuco
2594 811 2653 856 et
2685 796 2942 858 nomine
2975 815 3118 879 pro·

502 903 730 965 vincias
763 904 1029 965 Nostras
1073 903 1140 965 in
1185 923 1256 964 ea
1288 902 1543 982 regione
1576 903 1803 983 positas
1836 922 1869 963 a
1904 917 2162 983 paterno
2196 904 2426 965 Nostro
2458 903 2741 985 imperi0,
2777 904 2958 966 bonis
2992 904 3118 964 fru-

503 1026 620 1072 stra
666 1010 1136 1090 refragantibuS,
1185 1010 1441 1071 avulsas.
1536 1010 1934 1091 perspectum
1980 1028 2236 1091 quoque
2281 1026 2390 1086 est,
2438 1030 2602 1072 anno
2648 1011 2868 1072 deinde
2900 1029 3117 1072 conse-

504 1132 722 1197 quutO,
772 1117 935 1178 idem
978 1116 1373 1178 Gubernium
1407 1132 1475 1178 ut
1506 1116 1653 1178 alias
1685 1114 1873 1192 hujus
1906 1116 1966 1178 S.
2000 1116 2175 1178 Sedis
2209 1116 2553 1198 provincias
2585 1117 2648 1178 in
2684 1117 2930 1193 Picen0,
2963 1117 3119 1179 Um-

502 1222 625 1284 bria
673 1240 731 1285 et
765 1223 1140 1284 patrimonio
1190 1223 1332 1284 sitas
1381 1221 1447 1283 in
1479 1222 1771 1304 praedam
1802 1242 1981 1284 suam
2014 1239 2414 1301 converteret,
2449 1223 2683 1285 dolosis
2714 1222 3120 1305 praetextibus

502 1330 798 1405 adductis,
830 1328 1173 1412 improviso
1206 1329 1442 1411 impetu
1474 1329 1698 1391 milites
1717 1330 1977 1391 Nostros
2009 1346 2067 1391 et
2096 1331 2504 1392 voluntariam
2528 1329 2882 1393 Catholicae
2902 1330 3118 1390 iuven-

506 1437 649 1497 tutis
695 1455 981 1514 manum,
1028 1456 1188 1517 quae
1237 1435 1550 1515 religionis
1595 1434 1809 1517 spiritu
1842 1450 1902 1496 et
1933 1433 2153 1517 pietate
2187 1454 2329 1516 erga
2362 1454 2766 1500 communem
2799 1435 3119 1496 Parentem

503 1544 762 1606 adducta
811 1565 885 1608 ex
931 1546 1104 1608 omni
1150 1547 1302 1607 orbe
1353 1546 1429 1606 ad
1477 1544 1908 1605 defensionem
1940 1544 2230 1605 Nostram
2263 1544 2707 1622 convolaverat,
2741 1564 2974 1625 magno
3006 1545 3120 1606 cir-

503 1652 886 1714 cumvenisse
921 1652 1208 1728 exercitu,
1260 1670 1494 1732 eosque
1538 1667 1664 1712 tam
1695 1650 1963 1712 subitam
1996 1650 2400 1732 irruptionem
2435 1652 2691 1714 minime
2721 1652 3118 1734 suspicantes,

505 1758 806 1839 impavide
841 1775 1050 1820 tamen
1083 1778 1198 1840 pro
1230 1758 1532 1840 religione
1566 1772 1865 1819 certantes
1897 1772 2154 1818 cruento
2188 1757 2428 1838 proelio
2460 1758 2853 1839 oppressisse.
2908 1759 3117 1820 Nemi·

503 1882 647 1924 nem
692 1864 835 1927 latet
881 1865 1142 1945 insignis
1189 1865 1468 1943 ejusdem
1502 1863 1803 1927 Gubernii
1837 1864 2220 1946 impudentia
2251 1880 2311 1926 et
2345 1864 2704 1946 hypocrisis,
2739 1885 2863 1945 qua
2895 1865 2972 1926 ad
3004 1865 3118 1926 mi-

504 1975 821 2035 nuendam
873 1975 1200 2054 sacrilegae
1250 1973 1437 2053 hujus
1469 1973 1889 2055 usurpationis
1921 1973 2282 2036 individiam
2313 1973 2532 2051 jactare
2566 1993 2693 2035 non
2727 1974 3026 2037 dubitavit
3057 1994 3121 2034 se

502 2079 633 2140 illas
678 2081 966 2143 invasisse
1021 2083 1369 2164 provincias
1416 2098 1483 2143 ut
1529 2081 1826 2164 principia
1874 2080 2127 2143 moralis
2173 2080 2410 2142 ordinis
2456 2080 2537 2141 ibi
2571 2081 2932 2159 restitueret,
2967 2082 3118 2142 dum

504 2205 707 2250 tamen
739 2189 938 2271 reipsa
973 2189 1209 2270 ubique
1245 2189 1426 2252 falsae
1460 2188 1762 2269 cujusque
1795 2188 2108 2250 doctrinae
2141 2187 2544 2251 diffusionem
2577 2188 2943 2269 cultumque
2977 2209 3117 2271 pro·

505 2295 716 2372 movit,
767 2294 1001 2375 ubique
1050 2297 1488 2378 cupiditatibus
1533 2311 1592 2357 et
1637 2294 1930 2376 impietati
1974 2296 2247 2356 habenas
2289 2295 2526 2369 laxavit,
2573 2296 2905 2356 immeritas
2937 2297 3121 2357 etiam

508 2421 738 2483 poenas
789 2422 1045 2465 sumens
1096 2405 1172 2466 de
1223 2405 1421 2467 Sacris
1472 2403 1890 2480 AntistitibuS,
1944 2404 2019 2463 de
2067 2402 2499 2465 Ecclesiasticis
2544 2401 2848 2483 cujusque
2893 2405 3121 2483 gradus

506 2510 662 2587 viris,
712 2530 875 2591 quos
921 2512 987 2572 in
1033 2513 1380 2574 custodiam
1427 2509 1694 2591 abripuit
1738 2524 1796 2570 et
1845 2509 2109 2591 publicis
2156 2510 2550 2571 contumeliis
2596 2511 2793 2570 vexari
2827 2510 3118 2592 permisit,

507 2638 647 2680 cum
680 2619 907 2680 interea
938 2619 1409 2681 insectatoribus
1440 2634 1499 2679 et
1530 2616 1602 2677 iis
1636 2616 1745 2697 qui
1777 2636 1857 2678 ne
1891 2617 2181 2698 Supremi
2212 2618 2467 2698 quidem
2490 2617 2887 2679 Pontificatus
2920 2618 3119 2699 digni-

503 2728 603 2788 tati
637 2728 699 2788 in
733 2747 997 2809 persona
1031 2727 1392 2789 humilitatis
1421 2726 1681 2787 Nostrae
1712 2728 2066 2807 parcebant,
2099 2726 2358 2807 impune
2394 2746 2526 2787 esse
2559 2742 2883 2807 pateretur.
2947 2726 3115 2788 Con-

509 2851 621 2895 stat
671 2852 996 2916 praeterea,
1048 2836 1181 2896 Nos
1221 2834 1431 2896 debito
1464 2833 1651 2895 officii
1683 2835 1891 2896 Nostri
1928 2853 2188 2895 munere
2220 2853 2349 2895 non
2382 2834 2588 2895 solum
2618 2834 2847 2897 iteratis
2878 2853 3122 2915 semper

508 2943 806 3005 obstitisse
855 2944 1128 3005 consiliis
1176 2959 1234 3005 et
1281 2942 1803 3025 postulationibus
1836 2942 2033 3003 Nobis
2065 2941 2305 3020 oblatis,
2338 2942 2570 3023 quibus
2600 2947 2894 3023 agebatur
2926 2958 2993 3004 ut
3024 2941 3119 3003 of-

507 3049 716 3111 ficium
751 3053 1049 3113 Nostrum
1094 3051 1352 3131 turpiter
1403 3051 1829 3131 proderemus,
1877 3050 1972 3110 vel
2008 3049 2235 3110 scilicet
2268 3047 2504 3127 juribus
2537 3066 2595 3111 et
2627 3049 3120 3132 possessionibus

430 3193 448 3224 z
506 3159 812 3222 Ecclesiae
858 3160 1126 3221 dimissis
1172 3180 1242 3220 ac
1286 3158 1536 3234 traditis,
1585 3158 1680 3218 vel
1727 3157 1957 3218 nefaria
2004 3176 2149 3219 cum
2183 3158 2655 3239 usurpatoribus
2687 3159 3120 3221 conciliatione

505 3266 678 3334 inita:
741 3286 956 3328 verum
1005 3266 1188 3328 etiam
1222 3267 1357 3327 Nos
1402 3266 1636 3346 iniquis
1682 3265 1848 3327 hisce
1894 3265 2147 3327 ausibus
2194 3281 2251 3326 et
2284 3265 2656 3327 facinoribus
2688 3281 2899 3326 contra
2931 3284 3120 3326 omne

503 3371 851 3433 humanum
888 3388 945 3432 et
978 3372 1262 3433 divinum
1295 3371 1391 3450 jus
1424 3372 1777 3453 perpetratis
1808 3371 2119 3433 solemnes
2150 3373 2617 3452 protestationes
2649 3391 2858 3433 coram
2893 3373 3029 3433 Deo
3062 3387 3121 3433 et

503 3479 865 3542 hominibus
897 3480 1287 3562 opposuisse,
1319 3480 1693 3559 illorumque
1726 3493 2009 3540 auctores
2041 3494 2100 3539 et
2134 3479 2402 3540 fautores
2434 3480 2868 3541 Ecclesiasticis
2901 3499 3119 3541 censu-

504 3586 582 3646 ris
628 3586 952 3648 obstrictos
1001 3587 1339 3649 declarasse
1372 3602 1432 3648 et
1463 3602 1771 3668 quatenus
1802 3605 1966 3667 opus
1997 3601 2153 3648 esset
2184 3586 2405 3647 iisdem
2437 3585 2713 3646 censuris
2745 3585 2809 3645 in
2843 3585 2980 3646 illos
3013 3586 3120 3647 de-

505 3714 634 3755 nuo
680 3695 1205 3758 animadvertisse.
1268 3695 1556 3775 Denique
1605 3694 1990 3776 exploratum
2035 3709 2142 3771 est,
2187 3693 2570 3774 praedictum
2616 3691 3011 3753 Gubernium
3058 3693 3121 3754 in

504 3824 613 3866 sua
661 3805 1052 3866 contumacia
1097 3804 1351 3885 suisque
1398 3803 1960 3865 machinationibus
2007 3802 2413 3864 nihilominus
2459 3800 2806 3883 perstitisse,
2837 3799 3119 3861 rebellio-

506 3930 776 3992 nemque
808 3912 874 3974 in
907 3912 1167 3993 reliquis
1197 3912 1439 3973 Nostris
1470 3909 1801 3993 provinciis
1834 3926 1892 3971 et
1921 3910 1986 3971 in
2018 3909 2185 3972 Urbe
2220 3908 2571 3990 praesertim
2604 3926 2969 3989 promovere
3003 3907 3122 3968 im-

511 4018 715 4082 missis
747 4020 1276 4099 perturbatoribus
1309 4040 1378 4080 ac
1411 4020 1618 4080 omnis
1650 4018 1891 4097 generis
1923 4017 2152 4080 artibus
2170 4018 2303 4078 sine
2324 4015 2774 4079 intermissione
2795 4016 3118 4076 curavisse.

510 4127 691 4187 Hisce
738 4143 943 4188 autem
995 4127 1319 4187 conatibus
1365 4125 1620 4186 minime
1665 4145 1735 4186 ex
1781 4125 2084 4186 sententia
2118 4123 2590 4206 procedentibus
2623 4139 2872 4205 propter
2903 4124 3121 4185 incon-

507 4252 749 4294 cussam
783 4234 1161 4294 Nostrorum
1208 4232 1473 4294 militum
1523 4231 1732 4311 fidem,
1781 4232 2283 4312 Nostrorumque
2330 4232 2711 4315 populorum
2743 4250 3020 4292 amorem
3055 4250 3123 4291 ac

506 4341 785 4403 studium
839 4340 1161 4420 insigniter
1211 4356 1270 4402 et
1322 4355 1673 4401 constanter
1703 4340 1902 4401 Nobis
1952 4341 2348 4417 declaratum,
2401 4340 2820 4401 turbulentam
2867 4339 3124 4400 demum

507 4450 675 4510 illam
724 4464 1149 4531 tempestatem
1198 4449 1264 4509 in
1296 4449 1431 4510 Nos
1483 4448 1756 4530 erupisse
1800 4469 1968 4510 anno
2014 4450 2196 4523 1867,
2241 4467 2441 4529 quum
2489 4448 2796 4509 Autumni
2843 4464 3120 4529 tempore

506 4577 838 4619 conversae
886 4558 951 4618 in
984 4558 1246 4618 Nostros
1296 4555 1450 4617 fines
1496 4571 1554 4616 et
1586 4557 1746 4617 hanc
1780 4556 2016 4618 Urbem
2044 4556 2294 4618 fuerunt
2327 4556 2884 4636 perditissimorum
2917 4556 3121 4615 homi-

506 4684 663 4726 num
709 4665 994 4727 cohortes
1038 4664 1263 4725 scelere
1296 4678 1354 4723 et
1390 4663 1593 4723 furore
1627 4662 2039 4723 inflammatae
2086 4678 2143 4723 et
2174 4662 2463 4725 subsidiis
2494 4660 2795 4722 Gubernii
2829 4660 3123 4739 ejusdem,

506 4772 765 4850 adjutae,
813 4790 1087 4851 quorum
1121 4790 1193 4832 ex
1224 4789 1491 4831 numero
1524 4769 1748 4831 occulti
1785 4770 1991 4851 plures
2024 4770 2084 4831 in
2118 4771 2249 4851 ipsa
2281 4770 2395 4830 hac
2428 4770 2593 4831 Urbe
2629 4769 2870 4850 pridem
2903 4786 3123 4828 conse-

507 4879 752 4950 derant;
809 4893 991 4959 atque
1045 4880 1119 4938 ab
1172 4896 1385 4938 earum
1435 4877 1493 4937 vi
1542 4877 1899 4939 crudelitate
1947 4893 2007 4938 et
2052 4855 2234 4937 armis
2281 4876 2492 4936 omnia
2528 4875 2723 4935 Nobis
2757 4874 3122 4954 Nostrisque

508 4983 914 5046 dilectissimis
960 4985 1218 5045 subditis
1264 4987 1477 5045 acerba
1525 5000 1583 5045 et
1615 5000 1865 5046 cruenta
1899 4984 2171 5046 timenda
2203 4999 2391 5057 erant,
2425 4982 2511 5042 uti
2546 4980 2784 5060 liquido
2818 4982 3120 5062 apparuit,
