3684 5416
580 362 650 416 (32
1250 370 1253 373 ’
1547 358 1796 414 Ecclesia
1826 358 2238 431 antiquissima.

2329 437 2822 444 ——.-.————
2841 437 3134 442 -————-

582 548 767 622 τρεῖς
829 542 930 604 ἐπὶ
983 543 1059 604 τὸ
1112 542 1281 605 αὐτὸ
1329 541 2283 624 συναγομένους,13ἰωάίηεπι,
2327 544 2520 607 tribus
2564 561 2771 606 tamen
2817 539 3197 606 omnimodis

587 650 970 731 συμψήφων
998 649 1363 729 γινομένων
1382 648 1494 709 καὶ
1516 648 1646 709 τῶν
1668 646 1868 709 ἀπόν-
1924 654 1988 714 in
2021 653 2292 734 idipsum
2324 653 2856 727 convenientibuS,
2891 668 2947 712 et
2978 652 3196 711 absen-

591 777 723 819 των
751 756 863 818 καὶ
898 756 1391 836 συντιθεμένων
1422 753 1537 816 διὰ
1568 753 1867 835 γραμμά-
1923 761 2085 821 tibus
2135 778 2389 840 quoque
2454 759 2754 841 episcopis
2817 758 2943 840 pari
3004 758 3197 819 modo

589 884 739 937 των,
762 862 918 925 τότε
936 862 1054 940 τὴν
1074 860 1494 941 χειροτονίαν
1511 861 1868 922 ποιεῖσθαι·
1926 867 2412 943 decernentibus,
2460 883 2518 927 et
2550 885 2657 947 per
2686 867 2906 947 scripta
2939 884 3199 926 consen·

507 996 529 1037 3
590 970 666 1033 τὸ
689 968 997 1048 δὲκῦρος
1018 971 1149 1032 τῶν
1166 969 1533 1051 γινομένων
1550 966 1869 1028 δίδοσθαι
1925 975 2233 1051 tientibus,
2285 991 2433 1034 tunc
2484 973 2786 1035 ordinatio
2844 972 3199 1033 celebretur.

488 2598 544 2627 ‘20

494 3666 550 3709 30

495 4738 552 4776 ,ιο

589 1079 741 1140 καθ’
780 1077 1075 1156 ἑκάστην
1120 1073 1446 1154 ἐπαρχίαν
1499 1076 1588 1154 τῷ
1636 1094 1869 1155 μητρο·
1931 1082 2213 1142 Firmitas
2247 1098 2452 1142 autem
2486 1099 2704 1141 eorum
2726 1099 2881 1159 quae
2904 1094 3203 1154 geruntur

591 1184 841 1265 πολίτῃ.
1929 1209 2037 1269 ρετ
2083 1207 2592 1269 unamquamque
2639 1186 3038 1268 provinciam,
3071 1205 3202 1246 me-

1926 1297 2303 1377 tropolitano
2334 1296 2633 1357 tribuatur
2663 1294 2970 1374 episcopo·

680 1403 750 1463 V.
775 1400 946 1477 ΙΙερὶ
968 1400 1098 1462 τῶν
1119 1397 1586 1475 ἀκοινωνήτων
1602 1396 1869 1475 γενομὲ-
2016 1403 2086 1466 V.
2124 1404 2212 1464 De
2247 1402 2339 1463 his
2362 1402 2469 1481 qui
2489 1401 2932 1463 communione
2955 1399 3199 1481 privan-

510 1532 536 1559 ο
592 1528 746 1580 νων,
795 1506 930 1568 εἴτε
975 1506 1105 1586 τῷν
1139 1507 1212 1566 ἐν
1245 1505 1333 1584 τῷ
1365 1504 1593 1584 κλήρῳ
1629 1501 1765 1564 εἴτε
1797 1505 1872 1563 έν
1925 1525 2043 1586 tur,
2078 1530 2186 1570 seu
2220 1529 2290 1570 ex
2325 1509 2507 1586 clero,
2542 1528 2651 1569 seu
2684 1527 2758 1567 ex
2788 1506 2944 1568 laico
2966 1506 3202 1578 ordine,

594 1614 803 1693 λαϊκῷ
850 1614 1149 1694 τάγματι,
1193 1612 1323 1674 ὑπὸ
1370 1612 1500 1673 τῶν
1529 1610 1682 1672 καθ’
1722 1609 1869 1671 ἑκά·
1925 1619 2001 1676 ab
2023 1616 2322 1697 episcopis
2344 1636 2456 1697 pro
2478 1634 2854 1696 unaquaque
2874 1613 3200 1694 provincia,

597 1737 762 1797 στην
796 1719 1122 1797 ἐπαρχίαν
1144 1718 1525 1780 ἐπισκόπων
1544 1715 1870 1794 κρατείτω
1927 1724 2224 1783 sententia
2258 1722 2887 1805 regularisobtineat:
2923 1737 2991 1781 ut
3012 1721 3074 1780 hi
3096 1720 3203 1800 qui

598 1828 636 1905 ἡ
672 1825 899 1908 γνώμη
930 1827 1108 1889 κατὰ
1138 1825 1256 1888 τὸν
1287 1825 1552 1887 κανόνα
1585 1823 1703 1886 τὸν
1735 1823 1873 1884 δια·
1928 1831 2296 1892 abiiciuntur
2328 1833 2402 1891 ab
2436 1830 2585 1904 aliis,
2620 1831 2694 1890 ab
2729 1828 2858 1889 aliis
2892 1846 3020 1889 non
3054 1826 3203 1887 reci-

597 1932 1001 2013 γορεύοντα,
1060 1931 1220 2009 τοὺς
1267 1932 1375 2013 ὑφ’
1416 1931 1666 2009 ἑτέρων
1715 1935 1874 1993 ἀπο·
1930 1937 2191 2019 piantur.
2249 1937 2616 2017 Requiratur
2647 1952 2871 2011 autem,
2905 1954 2981 1996 ne
3016 1933 3203 2015 pusil-

516 2064 535 2105 ,²
603 2041 978 2125 βληθέντας
1011 2040 1120 2120 ὑφ’
1160 2040 1411 2116 ἑτέρων
1445 2037 1528 2120 μὴ
1563 2038 1874 2116 προσίεσ-
1930 2044 2281 2119 lanimitate‚
2328 2061 2432 2105 aut
2478 2045 2896 2118 contentione,
2945 2043 3040 2103 vel
3086 2041 3205 2102 alio

597 2150 731 2209 θαι.
768 2147 1189 2221 ἐξεταζέσθω
1222 2144 1322 2218 δὲ,
1354 2144 1437 2228 μὴ
1469 2144 1878 2227 μικροψυχίᾳ
1931 2151 2206 2232 quolibet
2237 2152 2504 2232 episcopi
2538 2151 2684 2211 vitio
2705 2150 3030 2211 videatura
3054 2167 3205 2210 con·-

599 2255 638 2333 ἢ
672 2252 1046 2335 φιλονεικίᾳ
1091 2252 1131 2332 ἤ
1180 2274 1297 2314 τινι
1345 2251 1620 2331 τοιαύτῃ
1668 2251 1879 2330 ἀηδίᾳ
1933 2258 2286 2340 gregatione
2319 2259 2612 2318 seclusus.
2651 2259 2733 2320 Ut
2768 2259 2885 2318 hoc
2918 2276 3066 2338 ergo
3101 2256 3207 2316 de-

598 2363 719 2423 τοῦ
771 2361 1140 2422 ἐπισκόπου
1194 2361 1722 2437 ἀποσυνάγωγοι
1773 2377 1876 2435 γε·
1934 2367 2168 2427 centius
2192 2365 2555 2445 inquiratur,
2593 2367 2748 2425 bene
2770 2363 3013 2445 placuit,
3032 2362 3208 2423 annis

599 2468 944 2546 γένηνται·
1008 2467 1122 2528 ἵνα
1169 2465 1293 2528 οὖν
1343 2468 1544 2528 τοῦτο
1577 2465 1697 2543 τὴν
1727 2466 1877 2543 πρε-Ξ-
1933 2472 2209 2550 singulis,
2257 2492 2363 2553 per
2409 2490 2916 2552 unamquamque
2963 2469 3208 2551 provin·

600 2591 869 2647 πουσαν
914 2574 1221 2647 ἐξέτασιν
1266 2574 1598 2656 λαμβάνῃ,
1648 2572 1878 2647 καλῶς
1916 2579 2093 2639 ciam
2144 2579 2234 2639 bis
2280 2580 2343 2639 in
2392 2598 2560 2640 anno
2594 2578 2852 2640 concilia
2886 2576 3207 2638 celebrari:

601 2680 775 2760 ἔχειν
797 2680 1054 2755 ἔδοξεν,
1074 2680 1369 2742 ἑκάστου
1392 2679 1873 2742 ἐνιαυτοῦκαθ’
1936 2702 2001 2748 ut
2046 2686 2458 2748 communiter
2502 2686 2795 2747 omnibus
2834 2682 3020 2745 simul
3051 2682 3210 2764 epis-

602 2790 897 2865 ἑκάστην
949 2787 1274 2866 ἐπάρχίαν
1329 2787 1435 2864 δὶς
1496 2789 1615 2849 τοῦ
1682 2785 1880 2862 ἔτους
1934 2795 2103 2874 copis
2151 2793 2504 2873 provinciae
2549 2792 2953 2873 congregatis,
3006 2791 3210 2851 discu-

602 2896 947 2971 συνόδους
980 2894 1307 2972 γίνεσθαι,
1353 2896 1469 2956 ἵνα
1499 2895 1691 2974 κοινῇ
1724 2894 1876 2955 πάν·
1932 2902 2156 2961 tiantur
2190 2901 2549 2962 huiusmodi
2571 2900 2977 2980 quaestiones.
3011 2898 3083 2958 Et
3103 2897 3209 2972 sie,

600 3024 732 3066 των
781 3003 911 3066 τῶν
961 3000 1342 3064 ἐπισκόπων
1386 3003 1506 3078 τῆς
1554 3001 1880 3079 ἐπαρχίας
1935 3009 2039 3087 qui
2093 3027 2208 3067 suo
2253 3024 2653 3088 peccaverunt
2697 3006 3008 3067 evidenter
3052 3004 3210 3084 epis·

524 3133 541 3174 5
603 3111 704 3172 ἐπὶ
752 3111 828 3172 τὸ
878 3109 1046 3172 αὐτὸ
1094 3109 1598 3188 συναγομένων,
1639 3109 1723 3170 τὰ
1755 3130 1877 3171 τοι·
1935 3135 2117 3196 copo,
2150 3113 2660 3175 excommunicati
2682 3111 3116 3173 rationabiliter
3137 3111 3211 3169 ab

604 3219 779 3279 αὓτα
810 3215 1154 3296 ζητήματα
1188 3217 1592 3289 ἐξετάζοιτο,
1626 3216 1738 3277 καὶ
1772 3215 1879 3277 οὔ·
1937 3222 2226 3283 omnibus
2256 3221 2685 3282 aestimentur:
2728 3236 3083 3299 usquequo,
3116 3217 3213 3276 vel

604 3343 734 3399 τως
751 3322 813 3384 οἱ
835 3323 1400 3404 ὁμολογουμένως
1418 3338 1882 3401 προσκεκρου·
1938 3330 2004 3389 in
2037 3329 2376 3404 communi,
2409 3328 2503 3388 vel
2537 3327 2735 3388 eidem
2772 3327 3063 3406 episcopo
3086 3323 3213 3404 pla-

601 3428 801 3506 κότες
864 3430 953 3509 τῷ
1016 3427 1353 3510 ἐπισκόπῳ
1415 3430 1594 3490 κατὰ
1669 3428 1883 3507 λόγον
1939 3451 2066 3496 ceat
2129 3435 2560 3496 humaniorem
2625 3451 2736 3513 pro
2786 3431 3007 3492 talibus
3059 3429 3215 3490 ferre

605 3535 1042 3614 ἀκοινώνητοι
1088 3537 1277 3613 παρὰ
1322 3538 1525 3596 πᾶσιν
1571 3534 1739 3597 εἶναι
1772 3534 1880 3597 δό-
1940 3541 2320 3602 sententiam.
2383 3539 2659 3601 Concilia
2706 3557 2853 3599 vero
2900 3537 3213 3597 celebren-

605 3646 789 3718 ξωσι,
837 3645 1063 3725 μέχρις
1111 3645 1197 3704 ἂν
1228 3642 1318 3722 τῷ
1351 3643 1554 3723 κοινῷ
1587 3643 1717 3705 τῶν
1755 3645 1880 3704 ἐπι·
1940 3664 2057 3725 tur‚
2108 3667 2308 3709 unum
2341 3647 2594 3727 quidem
2627 3662 2765 3706 ante
2799 3643 3214 3722 Quadragesi·

604 3751 880 3814 σκόπων
906 3750 1074 3831 δόξῃ
1094 3749 1211 3827 τὴν
1232 3750 1882 3829 φιλανθρωποτέραν
1944 3774 2111 3815 mam
2156 3755 2440 3826 Paschae,
2494 3770 2558 3815 ut
2609 3752 2780 3814 omni
2831 3751 3216 3812 dissensione

605 3857 775 3937 ὑπὲρ
808 3859 1031 3920 αὐτῶν
1064 3857 1388 3919 ἐκθέσθαι
1409 3858 1674 3937 ψῆφον·
1713 3856 1779 3917 αἱ
1801 3854 1883 3917 δὲ
1938 3860 2172 3922 sublata
2208 3881 2440 3922 munus
2473 3860 2763 3922 offeratur
2794 3859 2929 3919 Deo
2964 3857 3215 3938 purissi-

606 3965 888 4028 σύνοδοι
934 3964 1385 4044 γινέσθωσαν,
1437 3962 1550 4043 μία
1597 3962 1715 4044 μὲν
1747 3962 1882 4039 πρὸ
1941 3985 2147 4030 mum:
2195 3969 2538 4029 secundum
2573 3985 2737 4040 ver0,
2786 3965 2941 4025 circa
2973 3980 3217 4044 tempus

605 4075 725 4149 τῆς
755 4073 1337 4149 τεσσαρακοστῆς,
1381 4071 1497 4131 ἵνα
1538 4071 1762 4148 πάσης
1797 4092 1882 4153 μι·
1943 4075 2244 4138 autumni,

604 4178 987 4261 κροψυχίας
1021 4178 1518 4260 ἀναιρουμένης
1546 4177 1625 4239 τὸ
1655 4176 1886 4254 δῶρον

604 4286 923 4364 καθαρὸν
942 4286 1411 4366 προσφέρηται
1432 4285 1522 4364 τῷ
1544 4285 1701 4364 θεῷ,
1738 4283 1884 4345 δευ-

607 4397 774 4472 τέρά
825 4392 907 4456 δὲ
955 4393 1103 4470 περὶ
1151 4391 1271 4454 τὸν
1317 4394 1438 4453 τοῦ
1487 4389 1884 4471 μετοπώρου

604 4500 868 4579 καιρόν.

697 4613 793 4673 Vl.
844 4610 953 4671 Τὰ
997 4611 1249 4686 ἀρχαῖα
1289 4604 1412 4683 ἔθη
1443 4602 1769 4682 κρατείτω
1802 4605 1887 4666 τὰ
2030 4610 2125 4670 VI.
2191 4609 2458 4688 Antiqua
2519 4606 2907 4668 cousuetudo
2951 4618 3221 4664 servetur

609 4720 683 4779 ἐν
700 4715 1014 4796 Αἰγύπτῷ
1032 4714 1144 4777 καὶ
1164 4712 1385 4796 Λιβύῃ
1408 4712 1519 4773 καὶ
1543 4710 1884 4773 Πενταπό-
1944 4721 2432 4796 perAegyptum,
2451 4714 2726 4794 Libyam,
2741 4728 2798 4772 et
2821 4709 3221 4791 Pentapolim,

607 4826 727 4898 λει,
787 4823 965 4886 ὥστε
1009 4821 1127 4885 τὸν
1177 4817 1711 4897 Ἀλεξανδρείας
1759 4817 1883 4880 ἐπί·
1942 4822 2020 4883 ita
2055 4840 2121 4884 ut
2153 4820 2603 4883 Alexandrinus
2635 4820 2959 4900 episcopus
2994 4818 3221 4878 horum

608 4948 870 4994 σκοπον
917 4931 1185 4992 πάντων
1234 4925 1489 4990 τούτων
1540 4923 1715 5002 ἔχειν
1765 4924 1884 5004 τὴν
1945 4929 2233 4991 omnium
2276 4930 2493 4989 habeat
2526 4943 2902 5008 potestatem.
2968 4924 3132 4999 Quia
3165 4940 3224 4985 et
