3684 5416
324 1797 380 1828 io

326 2330 376 2374 ⁴5

322 2866 383 2897 20

324 3400 382 3443 ⁴³5

325 3934 387 3979 '30

334 4471 387 4513 35

328 5007 395 5048 40

1304 409 1550 466 Ordines
1589 423 1646 464 et
1685 410 2181 481 congregationes,
2936 411 3038 482 645

429 596 642 657 vestris
691 596 804 677 piis
838 596 1119 678 precibus
1152 594 1440 673 inclinati,
1486 594 1721 656 ordinis
1755 595 1935 656 vestri
1968 596 2246 674 regulam
2278 616 2310 655 a
2344 597 2543 655 bonae
2578 595 2911 657 memoriae
2944 595 3038 656 In-

426 704 719 765 nocentio
758 704 920 784 Papa
968 704 1432 784 praedecessore
1481 717 1694 763 nostro
1741 704 2163 784 approbatam,
2208 718 2564 764 annotatam
2601 701 3039 784 praesentibuS,

429 811 788 872 auctoritate
840 811 1015 872 vobis
1064 810 1394 893 apostolica
1443 807 1906 886 confirmamuS,
1959 827 2015 870 et
2063 810 2398 889 praesentis
2445 810 2648 891 scripti
2695 810 3035 892 patrocinio

429 918 915 979 communimus.
964 916 1143 992 Quae
1175 915 1309 978 talis
1342 930 1457 976 est:

689 1151 761 1209 In
797 1151 1038 1209 nomine
1070 1148 1346 1209 Domini.
1388 1148 1622 1229 Incipit
1651 1146 1866 1227 regula
1900 1152 1961 1207 et
1989 1147 2114 1207 vita
2126 1150 2410 1225 fratrum
2445 1148 2776 1209 Minorum.

645 1345 797 1425 Cap.
836 1343 881 1406 Ι.
935 1345 1170 1423 Regula
1222 1361 1279 1405 et
1327 1343 1446 1404 vita
1493 1342 1747 1404 fratrum
1796 1343 2118 1404 Minorum
2165 1343 2314 1403 haec
2361 1358 2466 1419 est,
2515 1343 2741 1405 scilicei
2789 1343 3044 1405 Domini

428 1452 622 1513 nostri
670 1452 801 1514 lesu
836 1451 1068 1513 Christi
1112 1466 1395 1512 sanctum
1429 1449 1836 1529 Evangelium
1885 1452 2228 1526 observare,
2276 1449 2544 1511 vivendo
2578 1450 2641 1510 in
2675 1449 3045 1527 obedientia,

431 1560 560 1620 sine
593 1559 868 1640 propri0‚
920 1575 976 1619 et
1009 1558 1071 1619 in
1104 1557 1387 1619 castitate.
1454 1557 1660 1617 Frater
1692 1556 2050 1617 Franciscus
2084 1555 2382 1638 promittit
2413 1557 2828 1618 obedientiam
2862 1573 2919 1618 et
2950 1576 3043 1617 re-

432 1668 764 1727 verentiam
818 1665 1078 1726 domino
1112 1665 1310 1744 Papae
1343 1663 1628 1724 Honorio
1676 1682 1744 1724 ac
1788 1663 2247 1725 successoribus
2282 1664 2414 1725 eius
2464 1664 2759 1725 canonice
2813 1664 3042 1725 intran-

431 1776 614 1847 tibuS,
668 1790 725 1834 et
771 1772 1073 1834 Ecclesiae
1123 1771 1459 1832 Romanae.
1524 1772 1595 1831 Et
1641 1771 1740 1831 alii
1789 1772 1999 1833 fratres
2045 1788 2370 1833 teneantur
2418 1771 2580 1833 fratri
2616 1771 2939 1834 Francisco
2986 1788 3045 1833 et

432 1882 566 1942 eius
598 1880 1052 1941 successoribus
1085 1878 1352 1939 obedire.

648 1990 798 2068 Cap.
833 1987 896 2047 11.
947 1985 1008 2047 Si
1058 1985 1168 2066 qui
1214 1982 1525 2046 voluerint
1573 1985 1731 2045 hanc
1776 1984 1958 2046 vitam
2006 1985 2298 2066 accipere,
2330 2000 2387 2045 et
2420 1983 2695 2044 venerint
2727 1985 2804 2045 ad
2837 1983 3045 2047 fratres

434 2111 697 2169 nostr05,
743 2095 990 2156 mittant
1035 2113 1142 2154 eos
1173 2092 1249 2152 ad
1287 2111 1435 2152 suos
1468 2091 1778 2152 ministros
1812 2092 2238 2172 provinciales,
2273 2091 2502 2171 quibus
2535 2091 2953 2166 solummod0‚
2988 2108 3046 2153 et

433 2221 568 2263 non
618 2202 770 2279 aliis,
827 2200 1035 2260 fratres
1087 2197 1420 2279 recipiendi
1471 2196 1712 2259 licentia
1764 2199 2155 2258 concedatur.
2220 2197 2485 2259 Ministri
2532 2216 2678 2258 vero
2724 2197 3047 2275 diligenter

435 2310 783 2370 examinent
829 2326 936 2368 eos
986 2308 1061 2367 de
1109 2305 1230 2367 fide
1278 2303 1596 2382 catholica,
1644 2320 1701 2364 et
1748 2304 2167 2366 ecclesiasticis
2211 2304 2621 2365 sacramenti&
2712 2303 2785 2363 Et
2815 2303 2864 2363 si
2898 2303 3047 2363 haec

436 2417 648 2479 omnia
682 2415 946 2491 credant,
983 2430 1039 2475 et
1072 2413 1260 2473 velint
1292 2433 1360 2473 ea
1394 2410 1651 2472 fideliter
1684 2411 1983 2490 confiteri,
2004 2428 2060 2472 et
2094 2431 2293 2491 usque
2329 2411 2392 2472 in
2426 2409 2614 2471 finem
2649 2410 2898 2471 firmiter
2930 2413 3043 2472 ob-

436 2543 693 2597 servare,
729 2539 785 2582 et
821 2540 1046 2582 uxores
1078 2538 1206 2581 non
1241 2520 1523 2595 habeant,
1557 2518 1651 2578 vel
1685 2518 1734 2578 si
1772 2519 2019 2595 habent,
2054 2535 2110 2579 et
2145 2519 2593 2579 monasterium
2626 2517 2745 2579 iam
2782 2517 3025 2578 intrave-

436 2631 555 2691 rint
603 2649 844 2706 uxores,
889 2629 982 2688 vel
1028 2627 1332 2688 licentiam
1369 2626 1454 2687 eis
1488 2626 1790 2706 dederint,
1825 2626 2178 2686 auctoritate
2211 2625 2558 2687 dioecesani
2592 2625 2866 2707 episcopi
2899 2641 3045 2685 voto

439 2737 850 2798 continentiae
883 2736 1005 2797 iam
1037 2736 1285 2812 emiss0,
1317 2752 1376 2796 et
1407 2735 1568 2797 illius
1600 2736 1723 2796 sint
1756 2735 1964 2796 aetatis
1999 2755 2240 2813 uxores,
2275 2735 2447 2815 quod
2479 2753 2609 2795 non
2630 2733 2823 2815 possit
2854 2734 2930 2794 de
2963 2733 3048 2793 eis

438 2843 586 2904 oriri
619 2843 907 2924 suspiciO,
954 2844 1155 2904 dicant
1188 2843 1305 2903 illis
1340 2845 1597 2903 verbum
1631 2842 1826 2903 sancti
1860 2841 2193 2922 Evangelii,
2224 2842 2399 2923 quod
2434 2842 2657 2902 vadant
2690 2856 2748 2902 et
2779 2840 3049 2901 vendant

437 2951 647 3012 omnia
699 2973 809 3011 sua
860 2953 1041 3027 bona,
1088 2965 1146 3010 et
1195 2970 1263 3011 ea
1309 2950 1594 3010 studeant
1643 2950 2017 3031 pauperibus
2048 2969 2321 3028 erogare.
2385 2948 2576 3024 Quod
2609 2948 2658 3008 si
2694 2947 2886 3009 facere
2920 2966 3046 3008 non

438 3058 772 3140 potuerint,
824 3056 1047 3119 sufficit
1077 3058 1164 3119 eis
1212 3059 1374 3118 bona
1406 3057 1706 3121 voluntas.
1769 3058 1847 3118 Et
1877 3073 2128 3118 caveant
2161 3057 2389 3132 fratres,
2426 3073 2483 3117 et
2514 3074 2732 3117 eorum
2770 3053 3050 3133 ministri,

440 3184 516 3225 ne
565 3164 783 3225 soliciti
834 3165 956 3226 sint
1000 3166 1076 3225 de
1123 3167 1307 3225 rebus
1352 3163 1478 3225 suis
1525 3165 1989 3245 temporalibus.
2028 3180 2093 3226 ut
2125 3164 2312 3226 libere
2347 3163 2565 3225 faciant
2597 3164 2673 3224 de
2706 3164 2889 3224 rebus
2922 3161 3048 3222 suis

439 3273 741 3353 quicquid
792 3272 1101 3333 Dominus
1148 3271 1530 3353 inspiraverit
1575 3273 1677 3332 εἰς.
1740 3271 1803 3332 Si
1851 3287 2056 3331 tamen
2105 3272 2435 3334 consilium
2470 3273 2829 3352 requiratur,
2861 3269 3049 3330 licen-

438 3379 584 3440 tiam
637 3379 902 3439 habeant
952 3380 1210 3441 ministri
1260 3379 1540 3440 mittendi
1592 3399 1698 3440 eos
1751 3378 1826 3438 ad
1875 3378 2118 3458 aliquos
2165 3379 2367 3438 Deum
2414 3379 2714 3455 timenteS,
2776 3396 3050 3458 quorum

442 3487 704 3547 consilio
738 3488 898 3545 bona
933 3506 1041 3546 sua
1073 3486 1448 3566 pauperibus
1481 3499 1829 3565 erogentur.
1893 3485 2110 3546 Postea
2143 3486 2483 3545 concedant
2517 3484 2602 3545 eis
2635 3504 2875 3565 pannos
2907 3503 3050 3565 pro-

442 3595 726 3670 bationis,
762 3594 1039 3654 videlicet
1072 3595 1226 3655 duas
1257 3592 1494 3653 tunicas
1527 3593 1660 3653 sine
1694 3593 1970 3673 capuciO,
2004 3608 2062 3652 et
2095 3591 2435 3671 cingulum,
2469 3609 2525 3653 et
2558 3593 2830 3670 brachaS,
2863 3609 2920 3653 et
2954 3612 3050 3654 ca·

442 3721 743 3783 paronem
795 3721 994 3782 usque
1040 3701 1117 3761 ad
1151 3701 1492 3780 cingulum,
1527 3700 1643 3760 nisi
1678 3699 1909 3760 eisdem
1943 3698 2235 3759 ministris
2267 3699 2434 3760 aliud
2469 3700 2813 3760 secundum
2847 3700 3053 3760 Deum

442 3809 776 3889 aliquando
822 3808 1119 3869 videatur.
1188 3808 1387 3868 Finito
1434 3826 1581 3868 vero
1615 3826 1779 3868 anno
1814 3805 2210 3888 probationiS,
2248 3807 2621 3887 recipiantur
2653 3807 2726 3867 ad
2761 3806 3053 3867 obedien-

442 3917 620 3982 tiam:
673 3914 1101 3995 promittentes
1153 3915 1336 3976 vitam
1389 3915 1584 3991 istam,
1635 3930 1692 3975 et
1738 3913 2019 3993 regulam
2064 3932 2308 3993 semper
2353 3915 2694 3974 observare.
2759 3914 2835 3974 Et
2879 3913 3054 3973 nullo

444 4024 635 4084 modo
669 4022 872 4083 licebit
908 4022 993 4082 eis
1028 4022 1102 4082 de
1136 4021 1247 4082 ista
1281 4022 1579 4101 religione
1613 4020 1773 4082 exire
1805 4021 1972 4081 iuxta
1996 4020 2356 4081 mandatum
2383 4021 2616 4081 domini
2639 4020 2856 4101 Papae.
2890 4019 3056 4095 Quia

445 4131 790 4192 secundum
825 4146 1105 4190 sanctum
1139 4128 1547 4208 Evangelium
1582 4147 1768 4189 nemo
1801 4127 2050 4188 mittens
2083 4146 2341 4188 manum
2378 4128 2453 4188 ad
2487 4142 2776 4202 aratrum,
2811 4143 2869 4188 et
2899 4127 3055 4209 aspi·

446 4236 612 4297 ciens
661 4253 821 4296 retro
869 4252 1045 4318 aptus
1078 4252 1165 4296 est
1199 4256 1392 4314 regno
1429 4235 1559 4298 Dei.
1621 4236 1695 4296 Et
1728 4235 1834 4315 qui
1870 4235 1991 4294 iam
2028 4235 2446 4315 promiserunt
2479 4235 2912 4315 obedientiam,
2949 4235 3056 4296 ha-

445 4345 629 4403 beant
663 4363 849 4403 unam
885 4343 1154 4404 tunicam
1192 4362 1333 4404 cum
1369 4342 1643 4424 capuci0,
1680 4357 1739 4403 et
1770 4343 1949 4402 aliam
1987 4342 2120 4403 sine
2154 4343 2430 4424 capucio,
2466 4344 2575 4423 qui
2611 4342 2914 4403 voluerint
2947 4342 3056 4404 ha·

448 4452 608 4512 bere.
678 4450 749 4510 Et
796 4450 903 4530 qui
953 4452 1309 4512 necessitate
1355 4467 1680 4529 coguntur,
1715 4450 1951 4530 possint
1984 4466 2224 4532 portare
2258 4450 2674 4511 calciamenta.
2741 4449 2814 4510 Et
2848 4449 3058 4510 fratres

447 4576 665 4618 omnes
698 4558 1072 4618 vestimentis
1107 4558 1325 4618 vilibus
1346 4558 1701 4635 induantur,
1737 4575 1792 4617 et
1814 4556 2046 4639 possint
2081 4576 2149 4617 ea
2184 4558 2476 4637 repetiare
2510 4558 2586 4618 de
2617 4556 2804 4618 saccis
2838 4572 2896 4617 et
2928 4557 3057 4617 aliis

448 4666 622 4747 petiis
657 4685 800 4726 cum
836 4667 1262 4727 benedictione
1285 4666 1417 4727 Dei.
1451 4665 1634 4741 Quos
1666 4684 1897 4728 moneo
1932 4681 1989 4725 et
2023 4666 2333 4744 exhortor,
2367 4686 2445 4726 ne
2467 4665 2819 4747 despiciant,
2856 4684 3059 4744 neque

448 4773 717 4833 iudicent
764 4773 1073 4850 homines,
1118 4793 1279 4853 quos
1326 4772 1620 4834 mollibus
1667 4773 1931 4834 viderint
1978 4773 2350 4833 vestimentis
2383 4788 2441 4833 et
2474 4772 2756 4833 coloratis
2790 4772 3059 4850 indutos,

450 4880 533 4939 uti
585 4880 733 4940 cibis
785 4895 844 4940 et
902 4880 1151 4961 potibus
1198 4879 1501 4954 delicatis;
1567 4880 1673 4940 sed
1722 4879 1916 4959 magis
1964 4880 2394 4961 unusquisque
2428 4879 2651 4940 iudicet
2683 4895 2741 4939 et
2773 4878 3061 4961 despiciat

449 4988 865 5067 semetipsum.
