3684 5416
322 1533 377 1568 10

327 2069 374 2114 ¹5

327 3147 380 3192 ²5

328 4216 382 4261 35

1429 364 1699 421 Pontifex
1737 383 2034 421 romanus.
2940 387 3056 442 4²7

427 548 577 609 verit
624 549 748 627 fiat,
794 549 874 610 ita
924 566 989 610 ut
1020 549 1184 611 illius
1216 548 1452 610 ratione
1486 550 1740 631 (praeter
1772 549 1994 628 regalia
2029 550 2272 631 Populo
2308 551 2599 613 Romano
2632 553 2918 633 praestari
2949 573 3051 614 so·

424 654 547 732 lita)
592 655 810 717 decem
858 655 1123 716 millium
1169 657 1539 718 ducatorum
1582 675 1918 734 summam,
1966 656 2187 737 pannis
2231 657 2621 738 lugubribus,
2656 677 2712 720 et
2746 660 3059 740 regalibus

423 775 549 822 tam
583 760 937 839 Camerarii,
970 777 1030 822 et
1061 760 1465 838 Clericorum,
1497 782 1565 823 ac
1596 762 1863 825 aliorum
1895 762 2331 841 Cameralium‚
2365 768 2570 843 quam
2590 764 2851 826 aliorum
2889 785 3052 845 quo-

425 886 843 948 rumcumque
876 868 1324 946 Ministrorum,
1369 884 1427 930 et
1459 868 1864 948 Officialiurn,
1898 889 1967 931 ac
1998 869 2131 930 aliis
2163 870 2459 932 omnibus
2490 871 2755 933 omnino
2787 891 3050 953 compu-

426 974 583 1049 tatis,
635 975 911 1057 impensa
960 995 1090 1038 non
1124 977 1392 1037 excedat.
1456 977 1716 1050 Summa
1751 993 1955 1038 autern
1993 977 2206 1039 decem
2241 978 2506 1039 millium
2540 978 2921 1058 hujusmodi,
2956 978 3052 1040 vel·

425 1082 477 1143 si
508 1082 797 1163 Collegio
842 1084 1045 1144 visum
1093 1083 1272 1145 fuerit
1302 1085 1487 1145 etiam
1520 1084 1743 1162 minor,
1777 1100 1884 1145 aut
1916 1086 2092 1146 nullo
2126 1087 2321 1148 modo
2353 1085 2571 1163 major,
2608 1106 2716 1168 per
2747 1103 2865 1148 tres
2898 1086 3049 1148 Car-

427 1190 658 1252 dinales
689 1191 1090 1272 antiquiores,
1126 1211 1326 1253 unum
1361 1192 1637 1253 videlicet
1671 1193 1748 1253 de
1781 1191 2060 1272 quolibet
2092 1192 2330 1272 ordine,
2366 1208 2423 1253 et
2444 1193 2871 1255 Camerariurn
2906 1213 3051 1275 pro-

404 1298 914 1380 portionabiliter
945 1318 1060 1379 pro
1089 1317 1215 1361 rata
1247 1298 1698 1361 distributionis
1731 1299 1880 1360 alias
1912 1299 2043 1360 fieri
2075 1298 2307 1377 solitae,
2346 1300 2503 1361 inter
2533 1301 2876 1381 praedictos
2907 1321 3047 1363 orn-

429 1426 557 1484 nes,
589 1422 647 1467 et
678 1405 962 1487 singulos
994 1405 1318 1467 dividatur.

641 1523 671 1583 S
710 1533 764 1594 3.
813 1514 1026 1593 Lapsis
1057 1533 1204 1575 vero
1237 1514 1450 1576 decem
1483 1514 1701 1575 diebus
1735 1535 1769 1574 a
1803 1514 1903 1575 die
1935 1514 2141 1575 obitus
2165 1514 2497 1592 pontificis,
2531 1515 2843 1595 ingressus
2875 1514 3054 1576 Con-

426 1623 613 1684 clavis
659 1621 1013 1682 nullatenus
1058 1637 1426 1700 prorogetur
1469 1637 1573 1682 aut
1619 1621 1954 1697 differatur,
1992 1621 2100 1681 sed
2132 1621 2416 1701 sequenti
2448 1622 2545 1683 die
2582 1622 2768 1683 Missa
2802 1623 2878 1683 de
2912 1619 3050 1702 Spi-

427 1729 544 1790 ritu
590 1745 804 1791 sancto
852 1727 1167 1804 celebrata,
1213 1727 1337 1790 sive
1370 1728 1732 1790 Cardinales
1778 1730 2062 1788 absentes
2094 1728 2391 1806 venerint,
2425 1728 2553 1789 sive
2587 1748 2740 1806 non,
2775 1728 2884 1810 qui
2918 1728 3056 1789 fue-

429 1836 545 1897 rint
577 1849 929 1916 praesentes
961 1836 1161 1896 statim
1184 1836 1497 1897 Conclave
1530 1836 1767 1914 ingredi
1802 1850 2143 1911 teneantur,
2166 1850 2224 1895 et
2243 1834 2657 1915 ingredientes
2679 1837 2791 1918 ipsi
2812 1838 3050 1917 absque

427 1962 602 2005 mora
653 1943 860 2024 aliqua
906 1943 1133 2004 omissa
1180 1944 1445 2004 omnino
1477 1943 1912 2025 Capitulorum
1959 1941 2347 2003 confectione
2395 1943 2607 2023 primis
2654 1943 2874 2003 diebus
2920 1942 3054 2004 fieri

428 2050 775 2126 solitorum,
828 2051 893 2111 in
945 2050 1261 2112 electionis
1313 2051 1562 2130 negotio
1616 2052 1971 2133 procedant,
2021 2067 2079 2110 et
2120 2048 2380 2128 singulis
2426 2049 2644 2110 diebus
2675 2049 3040 2110 scrutinium

430 2156 551 2234 fiat,
583 2172 643 2218 et
673 2157 737 2218 in
769 2157 973 2238 primo
1004 2157 1296 2218 scrutinio
1330 2157 1512 2219 etiarn
1547 2159 1834 2219 accedere
1868 2158 2062 2219 liceat.

644 2273 673 2334 s
705 2285 765 2344 4.
812 2263 877 2325 Si
910 2263 1021 2344 qui
1050 2283 1198 2325 vero
1233 2264 1384 2325 forte
1420 2265 1642 2326 intrare
1675 2263 2007 2342 noluerint,
2044 2263 2136 2324 vel
2168 2262 2426 2341 ingressi
2457 2263 2693 2343 absque
2725 2248 3051 2324 manifesta

430 2369 799 2432 infirmitatis
832 2390 1017 2432 causa
1048 2369 1392 2447 juramento
1425 2371 1834 2446 Medicorum,
1884 2387 1940 2432 et
1972 2391 2007 2431 a
2039 2369 2258 2448 majori
2290 2387 2456 2451 parte
2490 2368 2910 2431 Cardinalium
2945 2387 3060 2449 per

430 2495 658 2539 secreta
703 2477 991 2559 suffragia
1036 2479 1370 2559 approbata
1416 2478 1732 2554 exiverint,
1781 2478 1974 2538 dictae
2022 2477 2261 2540 constit.
2324 2476 2607 2557 Gregorii
2654 2495 2925 2558 poenam
2957 2476 3058 2537 in·

433 2601 697 2647 currant.

647 2702 676 2762 S
716 2715 769 2774 5.
818 2693 1212 2756 Declarantes
1246 2692 1676 2771 nihilominus,
1717 2693 1892 2773 quod
1926 2708 2262 2774 postquam
2294 2691 2651 2754 Cardinales
2685 2705 3056 2772 praesenteS‚

435 2800 565 2862 aliis
596 2800 1026 2863 Cardinalibus
1059 2801 1241 2862 etiam
1274 2800 1350 2862 de
1381 2801 1566 2862 latere
1601 2800 1859 2880 LegatiS,
1892 2817 1998 2861 aut
2029 2820 2101 2861 ex
2135 2800 2249 2861 alia
2282 2818 2682 2880 quacumque
2714 2798 2899 2859 etiam
2934 2817 3051 2878 pu-

434 2906 589 2969 blica
641 2927 840 2975 causa,
889 2908 1071 2969 etiam
1116 2927 1260 2970 cum
1307 2907 1550 2969 licentia
1596 2907 1829 2969 summi
1862 2906 2173 2969 Pontificis
2217 2906 2574 2968 absentibus
2621 2904 2876 2966 ulterius
2923 2923 3060 2965 non

434 3016 778 3095 expectatis,
825 2996 964 3096 post
1009 3031 1217 3077 tamen
1261 3015 1503 3095 lapsum
1554 3015 1859 3076 dictorum
1893 3016 2107 3076 decern
2143 3015 2385 3075 dierum
2418 3035 2450 3073 a
2488 3027 2685 3073 morte
2716 3010 3052 3089 PontificiS,

435 3122 799 3185 electionem
833 3123 958 3183 sive
991 3123 1164 3199 intra,
1195 3122 1322 3184 sive
1354 3138 1519 3184 extra
1550 3122 1865 3184 Conclave
1899 3122 2168 3198 fecerint,
2199 3120 2415 3182 electio
2446 3120 2534 3181 sic
2565 3140 2637 3180 ex
2669 3118 2919 3197 itineriS,
2953 3134 3059 3179 aut
3092 3140 3110 3158 ··

435 3230 682 3291 alterius
728 3230 911 3292 etiam
957 3229 1308 3312 probabilis,
1348 3245 1407 3289 et
1441 3228 1666 3291 notorii
1699 3229 1979 3310 ipsorum
2013 3227 2440 3290 Cardinalium
2476 3226 2825 3288 absentium
2858 3226 3055 3306 impe-

435 3337 692 3399 dimenti
740 3353 1052 3418 praetextu
1098 3337 1448 3418 impugnari
1496 3335 1754 3397 minime
1787 3335 2002 3413 valeat,
2051 3354 2248 3416 quum
2286 3334 2531 3415 publica
2566 3332 2790 3393 utilitas
2823 3352 2895 3392 ex
2928 3350 3063 3391 ma-

435 3460 569 3505 tura
602 3444 897 3506 electione
932 3444 1305 3526 proveniens
1336 3442 1530 3503 cuivis
1562 3442 1729 3502 alteri
1763 3441 1985 3503 rationi
2018 3440 2302 3522 praeferri
2334 3441 2572 3501 debeat.

649 3560 678 3620 S
715 3553 772 3613 6.
831 3551 1008 3613 Sedis
1053 3566 1265 3612 autem
1313 3546 1626 3609 vacatione
1674 3548 1952 3623 durante,
1998 3546 2354 3625 Collegium
2402 3544 2829 3606 Cardinalium
2875 3543 2938 3603 in
2987 3542 3066 3603 iis

437 3677 596 3738 quae
646 3659 723 3719 ad
774 3657 1141 3719 Pontificem
1188 3655 1533 3717 maximum
1581 3654 1736 3714 dum
1783 3654 2009 3714 viveret
2055 3652 2461 3735 pertinebant,
2512 3649 2748 3710 nullam
2793 3647 3066 3709 omnino

436 3780 801 3847 potestatem
835 3780 940 3826 aut
972 3763 1456 3842 jurisdictionem
1480 3763 1719 3837 habeat,
1740 3781 1944 3842 neque
1962 3762 2220 3841 gratiam
2242 3778 2448 3839 neque
2469 3757 2761 3835 justitiam
2784 3756 3070 3832 faciendi,

436 3891 541 3935 aut
588 3873 807 3934 factam
856 3892 963 3953 per
994 3870 1356 3933 Pontificem
1394 3885 1714 3930 mortuum
1749 3867 2092 3929 executioni
2128 3864 2569 3941 demandandi,
2607 3863 2714 3924 sed
2746 3883 2814 3923 ea
2849 3863 3062 3923 omnia

438 3982 646 4043 futuro
668 3978 948 4043 Pontifici
982 3997 1291 4040 reservare
1326 3991 1623 4038 teneatur.
1670 3976 1893 4055 Neque
1926 3974 2002 4035 de
2033 3989 2193 4035 statu
2227 3971 2550 4053 temporali
2584 3970 2904 4032 Romanae
2939 3968 3060 4028 Ec-

438 4087 675 4164 clesiae,
723 4104 928 4166 neque
975 4086 1051 4147 de
1099 4083 1378 4165 pecuniis
1409 4083 1707 4145 Camerae
1740 4081 2138 4162 Apostolicae
2185 4094 2290 4141 aut
2324 4077 2576 4156 Datarii,
2610 4076 2706 4136 vel
2739 4094 2850 4156 pro
2882 4074 3055 4136 solu-

438 4196 603 4258 tione
654 4194 1005 4256 debitorum
1054 4209 1194 4255 ante
1245 4192 1486 4254 obitum
1537 4190 1852 4252 Pontificis
1902 4188 2380 4269 quomodolibet
2430 4198 2907 4257 contractorum,
2955 4197 3070 4243 aut

439 4303 585 4364 alias
637 4322 710 4363 ex
761 4302 980 4382 quavis
1031 4321 1212 4361 causa
1264 4299 1528 4375 (casibus
1576 4297 1975 4378 infrascriptis
2022 4298 2337 4358 dumtaxat
2383 4292 2670 4374 exceptis)
2720 4291 3059 4371 quicquam

438 4410 790 4492 disponere,
838 4428 953 4470 nec
998 4423 1209 4470 contra
1255 4407 1478 4468 dictam
1521 4405 1804 4485 Gregorii
1853 4403 2362 4466 constitutionem
2412 4420 2527 4481 pro
2572 4397 2785 4480 seipsis
2832 4395 3069 4477 aliquid

440 4518 773 4599 percipere,
824 4535 940 4577 nec
971 4536 1073 4576 aes
1104 4513 1380 4576 alienum
1413 4513 1570 4574 ultra
1601 4512 1974 4574 necessarios
2007 4524 2295 4591 sumptus
2327 4507 2751 4590 praesentibus
2784 4523 3069 4586 compre·

441 4625 670 4687 hensos
700 4625 1064 4687 contrahere
1097 4623 1376 4699 debeant,
1409 4640 1614 4701 neque
1647 4618 2059 4696 Camerarius,
2092 4616 2562 4692 Thesaurarius,
2599 4612 2901 4689 Datarius,
2939 4612 3066 4672 De·-

439 4733 785 4816 positariuS,
818 4732 1207 4795 Castellanus
1240 4729 1413 4791 Arcis
1446 4729 1505 4790 S.
1528 4727 1770 4809 Angeli,
1806 4742 1910 4787 aut
1942 4726 2043 4787 alii
2068 4724 2379 4786 Officiales
2410 4738 2622 4784 contra
2655 4721 2877 4781 harum
2912 4736 3064 4778 con·

438 4842 834 4905 stitutionum
879 4858 1184 4917 tenorem,
1233 4837 1520 4918 Collegio
1566 4836 1819 4897 obedire
1853 4849 2200 4897 teneantur.
2234 4832 2360 4892 sive
2393 4832 2674 4904 debeant,
2706 4826 3070 4908 quinimmo

439 4950 491 5012 si
525 4949 612 5011 eis
645 4950 712 5010 in
743 4949 966 5011 talibus
999 4944 1578 5029 obtemperaverint,
1612 4959 1718 5005 aut
1751 4943 1866 5024 ipsi
1888 4941 2266 5017 Cardinales,
2302 4947 2394 5000 vel
2416 4937 2728 4998 Officiales
2750 4955 2825 4996 ex
2844 4952 3071 4996 eorum
