3684 5416
517 1691 563 1722 ΚΟ

518 2243 559 2286 ¹5

511 2778 562 2808 20

514 3309 561 3352 ²5

511 3845 563 3887 30

510 4384 558 4427 35

626 325 727 395 506
1695 324 1865 379 Curia
1907 342 2165 378 romana.

1438 595 1565 649 208.
1620 593 1800 648 PIUS
1839 593 1946 648 IV.
1984 592 2418 661 (1559-1565).

623 755 1097 809 tteformatio
1167 754 1894 809 Referendariorum
1961 753 2422 824 Signaturae
2489 751 2852 807 Justitiae
2921 751 3227 806 Romani

619 835 1040 889 pontificis
1100 849 1168 889 et
1227 835 1767 890 ordinationes
1821 853 1853 887 a
1909 835 2291 892 iudicibus
2348 835 2723 889 Romanae
2779 833 3054 888 Curiae
3110 834 3231 886 ob-

1710 916 2152 970 servandae.

833 1084 861 1112 *
919 1081 1192 1148 Magnum
1244 1080 1555 1132 Bullarium
1598 1079 1924 1132 Romanum.
1995 1078 2164 1132 Torn.
2212 1078 2273 1131 11.
2327 1094 2379 1148 p.
2427 1095 2656 1147 90—-91,
2733 1077 3072 1144 Bangen,
3131 1078 3232 1129 Die

620 1168 753 1213 rime.
794 1162 979 1213 Κακία.
1020 1177 1073 1230 p.
1104 1158 1208 1214 280
1248 1176 1369 1230 seq.
1421 1158 1863 1226 HinschiuS,
1902 1158 2311 1213 Kircltenreclet.
2351 1159 2525 1212 Tom.
2554 1159 2589 1212 1.
2630 1175 2681 1228 p.
2708 1173 2834 1227 4¹5·

666 1306 813 1366 Pius
860 1304 1220 1387 Ept'scopuS‚
1268 1307 1493 1366 Servus
1543 1307 1869 1366 Servorum
1921 1305 2058 1365 Dei.
2131 1306 2235 1366 Ad
2263 1313 2625 1386 perpetuam
2675 1309 2772 1365 rei
2815 1310 3185 1366 memoriam.

832 1468 996 1528 Cum
1032 1486 1234 1549 nuper
1269 1487 1383 1527 nos
1414 1466 1683 1546 generali
1717 1465 2089 1542 officiorum,
2123 1482 2180 1526 et
2200 1465 2636 1527 Tribunalium
2660 1468 2980 1527 Romanae
3000 1466 3229 1527 Curiae

621 1594 732 1656 pro
766 1573 1059 1635 abusibus
1091 1573 1480 1654 extirpandiS,
1513 1594 1582 1632 ac
1616 1573 1940 1633 universali
1973 1574 2037 1633 in
2071 1593 2138 1633 ea
2172 1572 2540 1652 litigantium
2562 1574 3015 1649 commoditate,
3036 1573 3230 1634 refor-

618 1680 872 1742 mationi
927 1680 1396 1758 intenderimuS,
1448 1696 1507 1740 et
1556 1679 2032 1760 providerimus,
2077 1681 2416 1760 Cupientes
2451 1681 2823 1741 eorumdem
2858 1679 3230 1758 litigantium

618 1787 1003 1849 indemnitati
1053 1787 1115 1847 in
1163 1804 1364 1848 toturn
1396 1788 1740 1863 consulere,
1787 1805 1857 1847 ac
1891 1803 1957 1848 ut
1990 1787 2410 1862 celeriuslites
2441 1789 2852 1848 terminentur
2887 1788 3232 1868 providere,

620 1896 791 1956 valde
837 1910 1287 1976 opportunum,
1337 1895 1534 1955 immo
1581 1894 1994 1955 necessarium
2044 1916 2172 1958 esse
2220 1896 2578 1957 censuimus
2625 1895 2807 1957 etiam
2841 1894 3235 1974 Signaturam

618 2002 907 2080 Justitiae,
944 2025 978 2063 a
1011 2023 1135 2083 qua
1171 2002 1541 2083 plerumque
1579 2000 1638 2061 hi
1671 2001 1781 2082 qui
1813 2002 1947 2062 lites
1979 2002 2040 2062 in
2073 2003 2334 2083 longum
2370 2003 2743 2083 protrahere,
2776 2001 3056 2081 aliosque
3089 2002 3231 2062 diu-

618 2111 737 2170 tius
783 2127 839 2170 et
885 2109 1267 2190 gravioribus
1316 2108 1610 2189 impensis
1645 2108 1971 2186 defatigare
2006 2124 2315 2188 quaerunt
2348 2108 2833 2169 cavillationibus
2867 2124 2925 2168 et
2958 2109 3236 2169 versutiis

619 2218 852 2277 diversa
902 2216 1206 2297 rescripta,
1254 2233 1358 2290 aut
1404 2215 1735 2295 superflua,
1785 2230 1891 2275 aut
1923 2213 2282 2275 dilationem
2315 2215 2666 2275 inducentia
2699 2231 3103 2294 extorqueant
3137 2234 3229 2274 re-

620 2324 903 2385 formare.
971 2323 1202 2384 Idcirco
1251 2342 1365 2402 pro
1412 2321 1575 2382 illius
1622 2321 2084 2395 reformatione,
2134 2321 2275 2381 visis
2322 2337 2378 2381 et
2426 2322 2603 2382 etiam
2653 2338 2890 2382 mature
2925 2321 3231 2398 discussis,

621 2430 939 2491 nonnullis
973 2449 1081 2510 per
1113 2430 1368 2490 dilectos
1401 2428 1561 2488 filios
1597 2427 2070 2489 Referendarios
2105 2444 2349 2488 nostros
2382 2427 2706 2504 adnotatis,
2741 2445 2798 2488 et
2819 2447 3027 2488 coram
3049 2427 3229 2488 nobis

618 2539 800 2599 etiam
835 2538 899 2598 in
935 2537 1273 2618 praesentia
1309 2535 1763 2596 nonnullorum
1796 2554 1869 2594 ex
1902 2534 2351 2596 venerabilibus
2387 2534 2668 2596 fratribus
2703 2535 2958 2596 Sanctae
2995 2536 3228 2595 Roma·

618 2667 730 2708 nae
765 2647 1065 2707 Ecclesiae
1100 2644 1534 2717 Cardinalibus
1568 2642 1914 2725 propositiS‚
1948 2643 2022 2704 de
2057 2642 2444 2720 eorumdem,
2496 2663 2563 2702 ac
2596 2660 2941 2703 ceterorum
2977 2641 3232 2702 fratrum

619 2770 977 2816 nostrorum
1012 2753 1291 2823 consilio,
1326 2754 1437 2813 hac
1472 2752 1533 2812 in
1570 2768 1939 2832 perpetuum
1975 2751 2226 2812 valitura
2262 2751 2701 2819 constitutione
2736 2750 3066 2810 sancimus.

832 2871 860 2931 s
907 2882 954 2922 1.
991 2861 1184 2936 Quod
1219 2860 1429 2919 nullus
1450 2879 1523 2919 ex
1544 2858 1717 2918 dictis
1739 2857 2188 2919 Referendariis
2209 2857 2571 2939 propositaS,
2592 2872 2649 2917 et
2670 2856 2916 2935 rejectas
2935 2856 3000 2917 in
3020 2856 3237 2936 Signa-

618 2986 751 3029 tura
783 2968 1053 3029 Justitiae
1100 2966 1588 3041 commissioneS,
1640 2965 1699 3024 in
1733 2965 2060 3043 Signatura
2106 2963 2350 3025 Gratiae
2398 2983 2606 3025 coram
2654 2963 2834 3024 nobis
2882 2983 3230 3044 proponere

619 3076 858 3150 audeat,
892 3074 1004 3135 nisi
1037 3073 1169 3134 talis
1203 3073 1279 3132 sit
1314 3071 1581 3148 materia,
1615 3090 1772 3150 quae
1805 3072 2117 3132 scientiam
2158 3087 2431 3132 nostram
2467 3071 2755 3151 requirat,
2791 3086 2894 3131 aut
2926 3090 3081 3151 quae
3116 3090 3225 3152 per

621 3183 1014 3262 Signaturam
1047 3179 1319 3240 Justitiae
1354 3179 1428 3239 ad
1462 3178 1745 3239 eamdem
1780 3178 2171 3257 Signaturam
2207 3179 2449 3240 Gratiae
2487 3177 2738 3239 remissa
2776 3177 2971 3238 fuerit.

834 3298 862 3358 5
901 3308 954 3349 2.
1004 3288 1132 3347 Nec
1184 3287 1248 3346 in
1295 3285 1564 3366 antiquis
1611 3306 1679 3346 ac
1724 3286 1930 3347 arduis
1978 3286 2244 3346 materiis
2291 3286 2351 3345 in
2398 3285 2623 3365 quibus
2657 3285 2868 3364 plures
2902 3284 3227 3345 hincinde

618 3395 933 3477 expeditae
982 3394 1204 3455 fuerint
1251 3390 1745 3469 commissioneS,
1796 3409 1854 3453 et
1901 3394 1963 3454 in
2012 3393 2371 3454 avocatoriis
2404 3414 2437 3453 a
2471 3390 2777 3472 prioribus
2813 3391 3135 3468 judicibuS,
3169 3409 3227 3451 et

618 3502 839 3584 quovis
872 3502 1066 3563 modo
1100 3500 1657 3582 praejudicialibuS,
1690 3520 1949 3562 manum
1985 3520 2300 3583 apponere
2339 3501 2452 3560 nisi
2488 3499 2677 3581 ipsius
2699 3500 2875 3560 citata
2909 3518 3113 3559 coram
3150 3519 3228 3558 eo

619 3626 785 3691 parte
818 3610 1106 3670 interesse
1142 3609 1422 3670 habente.

834 3726 862 3786 s
903 3737 955 3795 3.
1011 3717 1079 3776 Et
1126 3735 1266 3777 cum
1318 3716 1517 3795 agitur
1549 3717 1624 3776 de
1659 3715 2068 3791 revocatione,
2104 3731 2208 3775 aut
2240 3715 2662 3775 moderatione
2697 3713 2956 3791 alicujus
2990 3714 3234 3794 praein-

617 3840 829 3902 sertae,
876 3822 1151 3884 similiter
1197 3841 1451 3882 manum
1485 3841 1612 3883 non
1645 3838 1933 3903 apponat,
1971 3822 2086 3881 nisi
2124 3822 2184 3882 in
2217 3821 2584 3901 praeinserta
2617 3822 2974 3902 appositum
3005 3820 3078 3880 sit
3112 3840 3228 3880 no-

618 3951 759 3991 men
796 3928 1231 4007 Referendarii,
1281 3930 1384 4009 qui
1435 3930 1518 3989 illi
1570 3948 1827 3989 manum
1875 3929 2178 4009 apposuit,
2229 3944 2293 3989 ut
2339 3929 2639 3988 rationem
2694 3928 2967 4003 reddere,
2999 3944 3056 3987 et
3089 3947 3227 3987 eam

616 4036 940 4113 justificare
964 4036 1172 4117 possit.
1208 4036 1339 4096 Nec
1371 4036 1550 4096 etiam
1586 4036 1943 4096 reformatio
1977 4035 2102 4095 sive
2137 4036 2478 4096 moderatio
2511 4034 2790 4112 ejusdem
2825 4035 3230 4115 praeinsertae

616 4145 690 4202 ab
739 4144 1003 4203 habente
1038 4143 1427 4221 Signaturam
1463 4143 1749 4219 Justitiae,
1796 4143 1911 4203 nisi
1961 4162 2190 4203 nomen
2227 4142 2664 4218 Referendarii,
2699 4157 2765 4202 ut
2800 4142 3224 4222 praemittitur,

618 4251 680 4309 in
717 4251 844 4329 ipsa
880 4252 1243 4330 praeinserta
1278 4252 1629 4332 appositum
1663 4252 1864 4329 fuerit,
1902 4252 2111 4331 aliquo
2147 4252 2339 4311 modo
2371 4251 2663 4329 signetur.

832 4366 953 4434 54.
1004 4356 1214 4417 Minus
1262 4359 1325 4417 in
1371 4359 1916 4419 commissionibus
1964 4358 2442 4439 appellationum
2493 4361 2567 4418 ab
2602 4357 3076 4429 interlocutoriS,
3112 4356 3228 4415 nisi

618 4483 903 4544 expresso
950 4463 1238 4525 relevanti
1285 4467 1659 4543 gravamine.
1726 4467 1855 4526 Nec
1903 4486 2045 4526 cum
2094 4466 2434 4546 appellatur
2466 4487 2498 4525 a
2532 4464 2843 4526 definitiva
2878 4484 3025 4525 cum
3058 4465 3225 4524 clau-

616 4572 766 4645 sula,
816 4588 917 4631 aut
963 4570 1083 4631 vim
1121 4571 1463 4633 definitivae
1500 4575 1778 4647 habente,
1812 4574 1927 4633 nisi
1964 4593 2056 4633 res
2091 4573 2244 4632 adeo
2279 4571 2673 4653 exprimatur,
2711 4589 2776 4632 ut
2812 4572 3009 4632 videat
3042 4570 3224 4631 Refe-

616 4679 953 4755 rendariuS,
1000 4699 1077 4739 an
1126 4680 1238 4740 tale
1285 4680 1358 4741 sit
1403 4700 1750 4759 gravamen,
1799 4682 1972 4760 quod
2008 4701 2115 4762 per
2149 4679 2523 4740 definitivam
2557 4679 2819 4761 reparari
2855 4699 2983 4740 non
3018 4678 3228 4759 possit.

618 4789 689 4848 Et
722 4787 771 4847 si
820 4788 884 4847 in
933 4787 1367 4848 commissione
1402 4787 1679 4867 apposita
1716 4787 1896 4848 fuerit
1929 4789 2218 4865 clausula,
2253 4807 2394 4847 cum
2430 4802 2561 4848 toto
2597 4785 2850 4865 negotio
2886 4785 3235 4865 principali.

618 4912 764 4956 tunc
798 4895 1072 4965 addatur,
1113 4893 1435 4969 justificato
1468 4910 1674 4955 tamen
1711 4895 1874 4955 dicto
1909 4896 2281 4974 gravamine.
