3684 5416
679 360 707 416 3
715 348 783 416 go
1822 329 2143 400 Ordinatio.

3236 423 3285 432 -ι

677 543 850 610 patae
881 528 1121 606 tutelae,
1157 546 1286 588 non
1320 527 1396 587 ad
1427 529 1797 588 sumendam
1832 529 2183 607 vindictam,
2204 530 2311 590 sed
2345 531 2422 590 ad
2456 530 2742 592 iniuriam
2767 534 3285 613 propulsandam:

677 655 807 697 non
841 635 1082 696 videtur
1114 634 1281 695 idem
1313 635 1597 695 sacerdos
1631 656 1663 696 a
1698 655 1898 715 poena
1931 636 2248 698 homicidii
2286 638 2527 718 penitus
2561 639 2855 717 excusari,
2890 655 3025 700 tum
3058 641 3290 703 ratione

673 741 1081 820 instrumenti,
1111 762 1256 804 cum
1290 762 1420 823 quo
1452 743 1581 824 ipse
1614 743 1929 825 percussit,
1965 744 2157 824 quod,
2193 764 2395 825 quum
2427 765 2609 823 grave
2642 746 2733 824 sit,
2759 765 2889 807 non
2912 746 3071 808 solet
3090 747 3288 809 levem

675 850 917 932 plagam
968 849 1211 929 inferre,
1261 867 1392 912 tum
1448 851 1681 912 ratione
1732 852 1935 932 partis,
1987 852 2051 912 in
2101 872 2223 932 qua
2276 852 2390 914 fuit
2438 852 2534 914 ille
2569 872 2919 934 percussus,
2954 854 3019 914 in
3052 875 3175 935 qua
3210 855 3288 916 de

595 985 615 1026 5
673 958 923 1019 modico
956 958 1079 1020 ictu
1103 952 1253 1038 'quis
1288 959 1541 1020 letaliter
1572 959 1728 1020 solet
1757 959 1938 1036 laedi,
1975 962 2235 1019 maxime
2266 981 2448 1041 quum
2483 962 2813 1021 secundum
2849 961 3103 1041 vulgare
3123 970 3285 1043 pro-

671 1065 943 1126 verbium
977 1073 1318 1141 asseratur,
1352 1068 1534 1147 quod,
1567 1068 1858 1147 quiferlt
1872 1068 2108 1147 prima,
2129 1070 2299 1145 ferit
2328 1069 2653 1149 tangenda,
2686 1070 2799 1148 qui
2806 1071 2976 1146 ferit
3004 1069 3287 1141 secunda,

650 1174 822 1247 serit
851 1172 1124 1233 dolenda.
1200 1172 1401 1248 Unde,
1419 1176 1707 1255 pensatis
1739 1173 2044 1247 omnibus,
2076 1175 2137 1233 ei
2164 1175 2470 1248 creditur,
2490 1176 2795 1256 expedire,
2817 1181 2888 1235 ut
2913 1196 3048 1235 cum
3082 1174 3286 1235 humi-

669 1279 844 1339 litate
875 1279 1181 1340 abstineat
1210 1301 1247 1339 a
1278 1280 1657 1342 sacerdotali
1684 1282 1895 1359 afficio
1928 1282 2317 1361 exsequenda.
2356 1279 2511 1360 [Dat.
2537 1281 2788 1343 Viterbii
2822 1281 2956 1342 Kal.
2980 1281 3089 1342 Iul.
3113 1283 3282 1342 Pont.

672 1402 860 1449 nostr.
895 1392 1010 1448 Ao.
1043 1387 1163 1449 Xll.
1207 1385 1409 1467 1209.]

567 1681 615 1712 io
741 1653 806 1708 b)
861 1649 1359 1727 Innocentius
1402 1649 1514 1703 ΙΙΙ.
1555 1648 1803 1703 Priori
1845 1662 1914 1704 et
1950 1650 2345 1706 Fratribus
2386 1651 3103 1717 Carthusiensibus,
3143 1652 3211 1706 in

1136 1748 1182 1785 c.
1224 1748 1308 1786 20.
1350 1731 1416 1784 X.
1473 1732 1538 1783 dc
1574 1731 1859 1785 homicidio
1895 1735 2199 1786 voluntario
2236 1736 2319 1786 vel
2352 1736 2580 1787 casuali.
2632 1733 2700 1786 V.
2751 1751 2825 1787 12.

882 1908 909 1937 ‘
950 1912 1108 1982 Corp.
1136 1913 1240 1965 ίαν.
1268 1929 1388 1965 can.
1418 1911 1504 1965 ed.
1533 1910 1968 1983 Friedberg.
2006 1912 2267 1966 Tom.11.
2310 1911 2418 1967 col.
2447 1912 2567 1967 802.
2609 1913 2998 1977 Potthast‚
3041 1931 3094 1968 n.
3119 1932 3281 1986 4722.

728 2087 840 2157 Qui
869 2089 965 2142 dat
992 2105 1229 2143 causam
1255 2085 1563 2151 abortioni,
1591 2087 1880 2161 homicida
1909 2101 2011 2152 est,
2039 2088 2085 2142 si
2111 2101 2462 2160 conceptum
2491 2101 2610 2142 erat
2638 2087 2983 2143 vivificatum
3011 2085 3218 2141 animal

1627 2166 1935 2237 rationale3
1975 2167 2111 2223 alias
2137 2185 2318 2225 secuS.

565 2331 607 2374 15
881 2300 1051 2361 Sicut
1096 2319 1167 2360 ex
1213 2299 1529 2360 literarum
1574 2315 1911 2362 vestrarum
1960 2316 2174 2361 tenore
2206 2300 2555 2382 accepimus
2588 2319 2789 2382 quum
2821 2299 3076 2380 quidam
3110 2320 3278 2381 pres-

666 2410 839 2489 byter
887 2406 1066 2468 vestri
1111 2405 1361 2486 ordinis,
1411 2405 1517 2486 qui
1568 2405 1735 2486 prius
1770 2405 1973 2497 fuerat*
1999 2405 2172 2485 niger
2205 2406 2569 2479 monachus,
2603 2407 2920 2487 quandam
2954 2406 3276 2469 mulierem

667 2530 1129 2595 praegnantem,
1182 2533 1324 2574 cum
1377 2512 1519 2594 quia
1572 2528 1951 2574 contraxerat
2002 2513 2517 2575 consuetudinem
2569 2513 2981 2593 inhonestam,
3028 2531 3086 2576 et
3118 2535 3277 2596 quae

663 2624 963 2682 asserebat
1010 2640 1075 2681 se
1121 2621 1476 2702 concepisse
1524 2640 1595 2682 ex
1641 2640 1735 2698 eo,
1782 2640 1889 2702 per
1935 2640 2158 2681 zonam
2204 2620 2542 2702 arripuerit,
2586 2621 2763 2703 quasi
2799 2623 3042 2702 ludens,
3077 2622 3274 2704 ipsam

663 2729 886 2791 mulier
915 2730 1306 2810 postmodum
1347 2748 1456 2810 per
1488 2730 1609 2790 hoc
1641 2729 1726 2789 sic
1756 2749 1821 2790 se
1857 2728 2113 2790 asseruit
2144 2748 2273 2790 esse
2306 2730 2554 2809 laesam,
2589 2731 2761 2811 quod
2795 2731 3119 2792 occasione
3154 2731 3273 2791 hu·
3314 2711 3324 2719 ’

559 2868 608 2897 ω
664 2836 934 2897 iusmodi
981 2836 1292 2910 abortivit;
1345 2852 1592 2918 propter
1638 2831 1810 2916 quod
1858 2836 2020 2896 idem
2071 2825 2403 2919 presbyter,
2444 2840 2785 2919 proborum
2820 2838 3089 2899 virorum
3127 2857 3276 2899 usus

660 2942 940 3019 consilio,
971 2963 1035 3004 se
1068 2943 1273 3025 ipsum
1307 2943 1479 3004 duxit
1511 2945 1586 3003 ab
1619 2942 1818 3003 altaris
1852 2942 2191 3005 ministerio
2211 2945 2744 3024 sequestrandum.
2777 2945 2817 3022 ἦ·
2852 2945 3072 3025 Quare
3094 2945 3270 3006 nobis

662 3049 979 3110 humiliter
1025 3048 1438 3131 supplicastis,
1496 3057 1556 3110 et
1596 3071 1731 3110 cum
1779 3071 1845 3110 eo
1893 3072 2078 3130 agere
2128 3053 2612 3113 mt’serlcorditer
2657 3053 3070 3132 dzgrnaremur.
3144 3052 3274 3113 Nos

662 3175 807 3217 vcro
841 3155 1155 3217 devotioni
1188 3172 1416 3216 vestrae
1450 3155 1861 3218 insinuatione
1897 3158 2273 3238 presentium
2309 3160 2781 3241 respondemus,
2816 3158 3007 3239 quod,
3038 3158 3087 3218 si
3109 3177 3271 3219 nun-

660 3263 815 3324 dum
847 3280 972 3324 erat
1004 3263 1340 3324 vivificatus
1374 3279 1731 3344 conceptuS,
1764 3264 2107 3325 ministrare
2144 3265 2396 3346 poterit;
2439 3265 2719 3347 alioquin
2755 3266 2933 3326 debet
2966 3267 3040 3326 ab
3075 3265 3273 3326 altaris

557 3401 602 3444 15
659 3370 868 3432 officio
900 3372 1222 3433 abstinere.
1289 3366 1446 3453 [Dat.
1483 3372 1608 3433 Lat.
1645 3371 1742 3432 IV.
1777 3373 1941 3434 Non.
1976 3374 2110 3435 Oct.
2151 3376 2323 3436 pont.
2358 3376 2561 3437 Nostr.
2599 3380 2711 3436 Ao.
2746 3376 2905 3438 XIV.
2956 3395 3060 3437 121
3091 3375 3163 3455 1.]

1420 3672 1545 3728 124.
1585 3671 1926 3727 CLEMENS
1967 3671 2036 3727 V.
2076 3673 2508 3744 (moa-4314).

764 3842 1117 3899 Clemens
1156 3844 1227 3898 V.
1265 3842 1331 3898 in
1374 3841 1732 3898 Concilio
1773 3841 2195 3897 Viennensi
2234 3849 2663 3917 (1311-1312),
2705 3862 2751 3902 e.
2793 3864 2898 3902 un.
2942 3847 3163 3902 Clem.

1321 3924 1387 3977 de
1423 3923 1704 3977 homicidio
1740 3927 2044 3978 voluntario
2080 3927 2162 3978 vel
2195 3927 2421 3978 casuali.
2461 3925 2528 3978 V.
2568 3942 2619 3993 4.

868 4070 897 4098 ⁸
951 4071 1111 4142 Corp.
1150 4071 1240 4124 iur
1276 4085 1395 4121 can.
1437 4068 1524 4121 ed.
1577 4067 2011 4136 Friedberg.
2064 4068 2237 4122 Tom.
2266 4068 2328 4121 11.
2368 4067 2476 4124 col.
2514 4068 2661 4142 1183.
2740 4068 3039 4132 Hefele,
3080 4070 3268 4124 Conci-

549 4183 601 4224 30
653 4149 1083 4220 It'engescltzklete.
1121 4149 1295 4203 Tom.
1325 4149 1416 4202 VI.
1455 4166 1509 4220 p.
1540 4166 1660 4219 5¹4·

654 4311 936 4378 Furiosus,
976 4309 1164 4366 infans
1205 4309 1293 4364 vel
1335 4308 1626 4365 dormiens
1668 4309 1965 4366 hominem
2002 4310 2268 4366 mutilans
2296 4310 2384 4364 vel
2412 4309 2681 4367 occidens
2712 4330 2831 4368 non
2860 4312 3104 4369 efficitur
3128 4313 3269 4369 irre-

654 4391 881 4463 gulariS,
908 4409 1013 4446 nec
1042 4389 1212 4445 etiarn
1241 4390 1346 4454 ille,
1376 4389 1489 4461 qui,
1516 4390 1679 4445 aliter
1705 4404 1953 4447 mortem
1981 4391 2157 4447 vitare
2186 4392 2482 4464 nequienS,
2509 4410 2677 4448 suum
2704 4393 3030 4451 invasorem
3058 4395 3268 4451 occidit

1694 4472 1782 4526 vel
1809 4471 2048 4527 mutilat.
2087 4474 2157 4531 H.
2186 4474 2238 4526 d.

865 4604 929 4665 Si
977 4602 1266 4681 furiosus,
1318 4619 1422 4664 aut
1465 4603 1670 4664 infans
1718 4624 1827 4666 seu
1878 4603 2196 4666 dormiens
2229 4605 2551 4667 hominem
2583 4606 2827 4669 mutilet
2859 4608 2955 4669 vel
2989 4607 3263 4669 occidat:

545 4736 593 4780 35
653 4712 884 4773 nullam
940 4732 1015 4772 ex
1063 4712 1184 4772 hoc
1237 4710 1738 4792 irregularitatem
1791 4711 2062 4773 incurrit.
2128 4712 2203 4773 Et
2254 4712 2418 4773 idem
2470 4714 2546 4774 de
2597 4714 2707 4776 illo
2739 4734 3085 4792 censemus,
3139 4715 3267 4795 qui,

650 4836 911 4880 mortem
945 4819 1116 4879 aliter
1149 4818 1335 4879 vitare
1371 4838 1501 4880 non
1537 4819 1762 4896 valens»,
1794 4838 1981 4879 suum
2016 4820 2237 4881 occidit
2271 4820 2363 4880 vel
2400 4821 2640 4882 mutilat
2673 4821 3037 4883 invasorem.
