3684 5416
486 1515 534 1548 10

489 2051 533 2094 ¹5

487 2583 540 2615 20

489 3122 538 3165 ²5

489 3655 541 3700 30

490 4187 540 4232 35

485 4722 540 4762 40

576 344 683 408 460
1708 341 2056 396 Cardinales.

580 524 1107 602 restaurationem,
1155 539 1212 584 et
1258 524 1707 585 restitutionem
1755 524 1908 585 sacri
1955 524 2073 586 loci
2123 524 2336 606 ipsius,
2380 539 2437 584 et
2472 523 2820 585 remedium
2851 525 3199 585 animarum

581 650 857 708 suarum,
908 646 965 691 et
998 649 1259 691 suorum
1293 649 1722 691 successorum
1755 631 1818 691 in
1855 631 2197 711 praefatum
2233 650 2418 692 usum
2449 631 2539 691 tui
2570 630 2881 712 Episcopii
2914 650 3201 692 concessa

581 752 747 814 sunt,
795 754 978 817 atque
1029 736 1585 812 confirmaverunt;
1652 757 1768 799 nos
1813 738 1999 799 simili
2048 739 2372 800 clementia
2420 737 2807 818 praemoniti,
2843 752 2902 798 et
2932 737 3201 798 inclinati

584 845 865 926 precibus
898 845 1109 905 vestris
1144 864 1252 925 per
1284 845 1468 905 huius
1502 846 1695 907 nostri
1729 845 2069 926 Apostolici
2104 845 2400 927 privilegii
2432 845 2653 908 seriem
2689 845 3109 922 concedimuS,
3145 859 3202 903 et

584 951 1026 1013 confirmamus
1060 952 1166 1013 tibi
1201 952 1556 1033 supradicto
1589 951 1717 1012 filio
1751 953 1972 1014 dilecto
2008 953 2186 1014 Petro
2222 953 2533 1034 Episcopo
2566 951 2987 1033 supradictum
3022 967 3201 1014 tuum

583 1059 1008 1142 episcopatum
1041 1060 1105 1120 in
1140 1059 1453 1140 integrum
1486 1079 1628 1120 cum
1664 1060 1837 1120 omni
1873 1059 2212 1140 integritate
2245 1079 2355 1121 sua
2389 1079 2536 1122 cum
2569 1058 2872 1119 universis
2903 1058 3205 1139 plebibuS,

584 1166 791 1243 tituliS,
840 1166 1088 1244 clericiS,
1136 1166 1398 1248 capellis,
1447 1165 1678 1242 massis,
1730 1167 2025 1244 curtibtm,
2077 1167 2306 1245 fundiS,
2342 1181 2400 1227 et
2432 1165 2753 1241 casalibus,
2785 1165 2960 1240 villis,
2995 1163 3206 1242 vineis,

586 1272 777 1350 terris,
808 1272 906 1333 vel
940 1273 1174 1350 omnia,
1207 1293 1368 1356 quae
1402 1274 1515 1333 sub
1552 1271 1706 1351 jure,
1744 1288 1801 1334 et
1835 1272 2132 1333 Dominio
2165 1272 2444 1351 ejusdem
2481 1272 2882 1354 Episcopatus
2914 1269 3206 1348 adjacere,

587 1380 682 1441 vel
734 1380 1037 1461 pertinere
1087 1380 1562 1460 dignoscuntur.
1686 1414 1772 1423 —-
1871 1415 1946 1422 —-
2060 1416 2128 1424 —
2232 1416 2318 1424 —
2412 1415 2494 1423 —
2588 1414 2674 1424 —-
2767 1414 2846 1422 —
2945 1413 3030 1422 —-
3122 1413 3207 1422 —-

588 1522 674 1530 —.
776 1519 859 1528 —-
967 1521 1051 1529 —
1153 1519 1241 1529 —-
1331 1519 1416 1527 —-·-
1511 1520 1593 1530 —-
1692 1520 1771 1528 —-
1869 1521 1952 1528 —.
2054 1520 2136 1528 ——
2231 1521 2311 1529 -—
2409 1519 2495 1527 —
2588 1520 2673 1529 .—-.
2765 1521 2851 1530 —.-
2947 1520 3023 1532 -—
3122 1520 3206 1532 -ι

804 1593 1003 1654 Etiam
1054 1593 1475 1669 concedimuS,
1527 1610 1583 1654 et
1630 1592 2082 1656 confirmamus
2132 1594 2306 1655 vobis
2357 1593 2421 1654 in
2468 1609 2840 1676 perpetuum
2889 1595 3206 1656 ecclesiam

590 1700 651 1761 S.
686 1700 937 1780 Mariae,
992 1719 1134 1760 cum
1185 1699 1482 1761 omnibus
1527 1700 1656 1762 suis
1704 1699 2086 1783 pertinentiis
2118 1700 2274 1762 infra
2309 1701 2469 1761 hanc
2502 1700 2804 1762 civitatem
2840 1700 3209 1775 Romanam,

592 1826 720 1867 non
753 1805 941 1885 longe
974 1828 1007 1867 a
1040 1822 1273 1882 monte,
1306 1807 1413 1887 qui
1436 1812 1758 1886 Augustus
1793 1807 2030 1885 dicitur,
2071 1807 2293 1889 pariter
2335 1807 2757 1884 concedimus,
2788 1821 2847 1867 et
2879 1806 3207 1868 confirma-

594 1933 734 1974 mus
789 1912 963 1975 vobis
1010 1914 1348 1994 vestrisque
1396 1914 1857 1974 successoribus
1889 1914 1954 1975 in
1989 1931 2378 1996 perpetuum,
2411 1915 2588 1975 sicuti
2623 1935 2655 1974 a
2688 1928 3035 1975 memorato
3067 1933 3205 1974 san-

592 2019 862 2081 ctissimo
896 2020 1077 2101 Papa,
1124 2020 1249 2081 sive
1297 2041 1331 2080 a
1377 2019 1554 2081 certis
1603 2019 2174 2100 praedecessoribus
2206 2019 2429 2081 nostris
2464 2019 2865 2082 Pontificibus
2898 2038 3209 2096 concessa,

593 2142 649 2187 et
701 2126 1059 2187 confirmata
1112 2126 1380 2206 fuerunt,
1426 2126 1722 2203 videlicet,
1768 2126 2139 2187 monasteria
2189 2126 2467 2207 quinque
2517 2127 2578 2187 S.
2614 2125 2908 2210 Stephani
2941 2124 3209 2204 majoris,

594 2249 652 2295 et
685 2233 959 2311 minoris,
996 2250 1479 2313 sanctorumque
1511 2232 1781 2310 Joannis,
1819 2250 1875 2294 et
1901 2233 2097 2310 Pauli,
2131 2249 2190 2294 et
2214 2235 2279 2295 B.
2307 2233 2554 2295 Martini
2587 2250 2768 2315 atque
2785 2233 3028 2310 Teclae,
3063 2253 3211 2294 con-

596 2342 802 2402 stituta
847 2340 1011 2418 juxta
1057 2360 1350 2420 magnam
1396 2341 1713 2401 ecclesiam
1763 2341 1821 2402 S.
1857 2340 2014 2401 Petri
2049 2359 2195 2401 cum
2229 2341 2522 2403 omnibus
2555 2361 2774 2402 eorum
2807 2340 3208 2423 pertinentiis,

599 2467 945 2528 omnesque
996 2447 1494 2510 consecrationes
1544 2467 1704 2528 quae
1739 2448 1968 2508 ibidem
2004 2463 2167 2525 sunt,
2199 2463 2303 2508 aut
2336 2448 2398 2509 in
2434 2447 2737 2532 praedicta
2771 2448 2928 2508 alma
2964 2445 3212 2507 ecclesia

597 2555 656 2616 S.
691 2555 871 2630 Petri,
916 2570 1020 2615 aut
1052 2555 1117 2615 in
1151 2554 1400 2616 caeteris
1433 2554 1720 2633 ecclesiis,
1756 2574 1917 2638 quae
1951 2569 2097 2615 sunt
2130 2555 2495 2616 constitutae
2529 2555 2590 2615 in
2622 2571 2748 2615 tota
2781 2555 3018 2615 civitate
3053 2554 3211 2616 Leo-

599 2662 762 2737 nina,
796 2678 854 2723 et
886 2660 935 2722 si
968 2662 1379 2724 necessarium
1417 2661 1597 2723 fuerit
1630 2682 1730 2724 eas
1764 2681 2139 2740 consecrare,
2174 2662 2384 2724 nullus
2416 2662 2573 2725 alius
2605 2662 2954 2745 Episcopus
2987 2662 3063 2723 ad
3096 2660 3212 2722 tale

596 2769 1029 2843 ministerium,
1081 2772 1174 2830 vel
1224 2770 1751 2832 consecrationem
1802 2770 2094 2831 accedere
2143 2785 2511 2851 praesumat,
2558 2769 2678 2832 nisi
2722 2790 2852 2847 vOS,
2906 2769 3214 2850 vestrique

595 2894 981 2937 successores
1026 2875 1317 2957 Episcopi
1366 2877 1426 2937 S.
1463 2876 1681 2958 Sylvae
1721 2876 2041 2938 Candidae
2088 2876 2375 2937 ecclesiae
2423 2877 2487 2937 in
2521 2891 2909 2960 perpetuum.
2971 2876 3214 2937 Conce—

596 2983 803 3045 dimus
836 3000 1041 3044 autem
1076 2998 1133 3043 et
1166 2982 1608 3044 confirmamus
1642 2983 1834 3056 vobis,
1883 2985 2222 3064 vestrisque
2256 2984 2714 3046 successoribus
2747 2984 2810 3043 in
2844 2997 3214 3064 perpetuum

598 3092 657 3152 S.
694 3091 858 3151 diem
893 3090 1138 3152 Sabbati
1185 3092 1260 3152 ad
1309 3091 1594 3171 baptismi
1627 3108 2082 3152 sacramentum
2117 3092 2577 3171 celebrandum,
2614 3107 2671 3151 et
2703 3106 2903 3152 totum
2937 3089 3214 3151 officium

598 3196 962 3274 faciendum,
1012 3195 1076 3256 in
1124 3196 1372 3257 ecclesia
1419 3198 1486 3259 B.
1522 3197 1680 3257 Petri
1715 3198 2017 3278 Apostoli,
2064 3214 2119 3258 et
2166 3217 2349 3281 supra
2398 3217 2694 3276 magnum
2733 3198 2958 3275 Altam,
2991 3197 3055 3257 in
3087 3215 3216 3277 quo

597 3317 729 3364 toto
777 3321 912 3362 ven.
948 3301 1159 3377 Altari,
1205 3321 1315 3362 seu
1370 3302 1431 3363 in
1485 3302 1903 3381 confessione,
1951 3303 2249 3384 quicquid
2297 3304 2446 3381 auri,
2492 3303 2587 3363 vel
2619 3303 2870 3382 argenti,
2908 3302 3092 3384 pallii,
3122 3304 3218 3364 vel

596 3430 789 3485 cerae,
825 3410 949 3473 sive
985 3410 1245 3470 aliarum
1280 3429 1487 3470 rerum
1524 3410 1814 3491 positum,
1848 3410 1943 3470 vel
1977 3411 2277 3488 oblatum,
2310 3411 2404 3471 vel
2437 3409 2724 3489 jactatum
2760 3409 2957 3488 fuerit,
2984 3409 3077 3469 vel
3107 3429 3216 3470 vo-

597 3517 688 3578 bis
722 3517 1019 3594 oblatum,
1054 3519 1130 3578 ab
1166 3517 1319 3578 hora
1351 3510 1630 3578 videlicet
1664 3518 1784 3578 diei
1815 3518 2007 3596 tertia,
2043 3538 2168 3598 qua
2202 3516 2442 3597 ingredi
2474 3517 2793 3578 ecclesiam
2827 3518 2904 3577 ad
2925 3517 3217 3578 ordinan-

596 3625 748 3685 dum
784 3641 840 3685 et
875 3625 1308 3706 peragendum
1343 3625 1625 3685 divinum
1659 3623 1941 3686 officium
1973 3646 2086 3687 vos
2118 3625 2429 3702 volumuS,
2462 3639 2519 3686 et
2538 3644 2740 3705 usque
2762 3643 2894 3704 quo
2915 3624 3218 3705 expletam

597 3730 656 3791 S.
693 3731 1055 3792 Dominicae
1104 3732 1222 3792 diei
1275 3732 1524 3792 missam
1572 3731 1907 3793 habueritis
1942 3751 2048 3813 per
2079 3749 2315 3794 vestros
2348 3748 2655 3793 curatores
2688 3732 2753 3792 in
2800 3746 3082 3808 vestram,
3116 3749 3218 3789 ve-

596 3854 997 3918 strorumque
1031 3856 1483 3917 successorum,
1521 3854 1754 3899 remota
1788 3839 1964 3900 omni
1999 3839 2501 3918 contradictione,
2523 3838 2808 3900 deveniat
2839 3853 3219 3921 potestatem.

598 3946 672 4005 Et
720 3946 865 4026 quia
912 3964 1112 4025 usque
1145 3946 1220 4005 ad
1255 3960 1538 4005 nostrum
1571 3961 1819 4026 tempus
1853 3945 1914 4006 in
1950 3948 2213 4027 praefata
2246 3946 2498 4009 ecclesia
2532 3945 2592 4009 S.
2626 3945 2804 4024 Petri,
2841 3966 2872 4006 a
2906 3964 3027 4025 qua
3064 3964 3218 4027 pene

598 4072 819 4113 omnes
867 4052 1157 4113 ecclesiae
1211 4051 1552 4113 doctrinam
1600 4070 1989 4133 acceperunt,
2042 4054 2201 4114 sicut
2248 4074 2282 4113 a
2331 4052 2635 4134 magistra,
2683 4067 2740 4113 et
2791 4052 3044 4113 domina
3092 4051 3219 4111 dies

598 4159 922 4220 Dominica
959 4160 1330 4237 palmarum,
1365 4175 1425 4219 et
1456 4158 1585 4220 dies
1620 4159 1872 4220 Coenae
1907 4159 2191 4237 Domini,
2222 4176 2279 4223 et
2301 4161 2628 4222 Parasceve
2661 4174 2785 4220 tam
2819 4160 3220 4220 irreverenter

598 4264 976 4342 colebantur,
1001 4281 1068 4329 ut
1100 4285 1216 4327 nec
1249 4265 1558 4346 processio
1593 4286 1737 4328 cum
1772 4267 1993 4348 palmis
2026 4268 2090 4330 in
2124 4268 2252 4349 ipsa
2286 4263 2387 4329 die
2409 4266 2734 4330 Dominica
2768 4266 2852 4326 ibi
2886 4265 3077 4341 fieret,
3112 4283 3218 4325 ne-

598 4390 720 4451 que
754 4370 816 4430 in
850 4370 949 4432 die
982 4372 1234 4435 Coenae
1268 4373 1523 4434 Domini
1557 4372 1769 4436 Gloria
1802 4375 1868 4436 in
1902 4375 2152 4437 excelsis
2187 4376 2321 4437 Deo
2356 4375 2678 4451 diceretur,
2711 4389 2768 4433 et
2801 4372 2866 4433 in
2890 4372 3218 4437 parasceve

600 4497 732 4541 non
764 4492 973 4538 tamen
1005 4494 1349 4541 reverenter
1384 4479 1470 4542 uti
1504 4480 1757 4543 decebat
1790 4480 2070 4543 officium
2104 4482 2185 4543 ibi
2220 4480 2422 4549 fiebat.
2485 4480 2963 4556 Condoluimus,
2999 4493 3059 4541 et
3089 4497 3220 4540 me-

597 4584 816 4647 liorare
850 4585 969 4646 hoc
1001 4586 1339 4666 cupientes,
1386 4607 1496 4668 per
1529 4608 1655 4667 vos,
1703 4604 2068 4669 vestrosque
2101 4608 2507 4666 successores,
2554 4586 2898 4664 statuimuS,
2945 4602 3013 4647 ut
3046 4585 3221 4651 omni

597 4712 801 4754 annua
848 4692 947 4755 die
982 4692 1312 4756 Dominica
1360 4695 1707 4776 palmarum
1756 4715 1902 4757 cum
1949 4696 2343 4775 processione
2389 4699 2464 4758 ab
2513 4695 2765 4759 ecclesia
2800 4695 2861 4756 S.
2898 4694 3124 4757 Mariae
3157 4693 3219 4755 in

594 4800 784 4862 Turri
831 4801 1077 4878 exeatis,
1121 4816 1179 4862 et
1224 4802 1538 4864 venientes
1583 4804 1658 4864 ad
1706 4822 2011 4882 magnum
2058 4804 2244 4865 altare
2290 4804 2349 4866 S.
2384 4804 2540 4866 Petri
2587 4802 2836 4866 missam
2890 4800 3221 4863 celebretis.

598 4908 907 4987 Similiter,
942 4926 999 4971 et
1033 4908 1205 4970 omni
1239 4928 1429 4983 anno,
1480 4910 1545 4970 in
1578 4910 1675 4971 die
1710 4910 1961 4972 Coenae
1998 4910 2256 4973 Domini
2288 4931 2419 4988 vOS‚
2450 4927 2803 4990 vestrosque
2838 4927 3222 4970 successores
