3684 5416
385 1555 435 1586 10

385 2088 430 2131 15

381 2621 436 2654 20

379 3157 431 3201 ²5

381 3691 436 3736 30

382 4225 432 4271 35

1127 377 1392 432 Potestas
1432 373 1809 431 ecclesiastica
1850 385 1908 428 et
1943 372 2247 444 imperium
2285 371 2460 426 civile.

491 581 612 642 que
657 562 788 643 ipsa
818 561 1107 641 Ecclesia,
1152 559 1259 642 qui
1309 561 1566 642 impune
1612 577 1762 620 con-

491 669 849 730 cinnantur!

577 796 639 853 4.
674 776 765 836 Ex
783 777 1009 837 eodem
1042 774 1212 836 fonte
1244 775 1551 836 derivatur
1582 772 1764 834 etiam

490 883 840 960 auctoritaS,
902 902 1062 962 quae
1124 880 1416 962 competit
1464 880 1765 941 Ecclesiae

490 989 840 1052 instruendi
860 989 1139 1066 Clerum,
1175 988 1501 1069 parochos,
1535 1003 1593 1049 et
1612 1005 1764 1047 con-

491 1095 806 1170 fessarios;
841 1096 1169 1177 quomodo
1200 1094 1389 1174 igitur
1405 1093 1766 1170 Seminaria,

489 1201 552 1264 in
583 1203 809 1283 quibus
841 1203 904 1264 hi
937 1203 1302 1282 formantur,
1346 1222 1474 1264 non
1504 1202 1766 1263 debeant

491 1311 837 1391 dependere
869 1312 945 1371 ab
966 1310 1306 1392 Episcopis,
1340 1324 1398 1370 et
1428 1310 1506 1371 ab
1539 1308 1634 1370 his
1665 1327 1763 1369 ac-

490 1417 689 1498 cipere
721 1417 913 1478 libros
946 1417 1023 1477 ad
1053 1415 1542 1478 institutionem?

586 2290 635 2348 5.
700 2268 985 2330 Maiestas
1031 2269 1153 2330 Vra
1203 2289 1331 2331 non
1382 2282 1582 2351 potest
1631 2288 1765 2330 non

491 2398 622 2438 esse
668 2396 957 2459 persuasa
997 2379 1073 2439 de
1113 2376 1493 2439 subiectione
1526 2394 1584 2439 et
1615 2380 1765 2438 obe-

491 2484 737 2562 dientia,
786 2504 946 2566 quae
991 2484 1248 2545 debetur
1286 2484 1499 2545 Bullae
1532 2484 1765 2563 Unige-

492 2592 678 2669 nitus,
727 2612 850 2673 qua
898 2591 1128 2653 iudicio
1173 2590 1524 2671 dogmatico
1556 2591 1765 2653 Eccle-

489 2699 643 2773 siae;
697 2699 885 2779 idque
931 2714 1145 2761 tenore
1191 2698 1621 2761 declarationis
1651 2699 1766 2760 Be-

491 2806 713 2867 nedicti
761 2807 919 2869 XIV.
968 2806 1029 2867 in
1080 2822 1223 2867 nota
1271 2826 1383 2868 sua
1433 2806 1764 2882 Decretali;

489 2914 657 2974 uude
702 2932 1015 2992 rogamus,
1063 2928 1132 2975 ut
1177 2913 1459 2990 declaret,
1490 2932 1569 2974 ne
1601 2911 1768 2973 ullus

490 3021 710 3082 audeat
740 3022 899 3082 tueri
931 3020 1391 3102 propositiones
1416 3019 1481 3081 in
1502 3040 1571 3081 ea
1591 3021 1765 3081 dam-

489 3144 677 3207 natas,
741 3143 800 3189 et
849 3147 929 3188 ne
976 3126 1362 3190 Professores
1413 3127 1765 3189 scholarum

489 3236 980 3316 theologicarum
1026 3237 1228 3298 sinant
1265 3256 1403 3297 eam
1434 3236 1699 3316 ignorari
1733 3257 1767 3297 a

490 3343 616 3405 suis
647 3342 981 3424 discipulis,

579 3453 637 3513 6.
699 3450 905 3511 Nemo
938 3449 1196 3511 subiecit
1227 3450 1360 3529 lege
1396 3449 1636 3530 publica
1669 3449 1764 3510 iu-

491 3556 643 3617 dicia
683 3556 1028 3636 dogmatica
1062 3555 1320 3617 Sanctae
1353 3555 1530 3617 Sedis
1563 3570 1621 3616 et
1651 3556 1765 3615 Ec-

491 3663 707 3726 clesiae
754 3662 998 3724 Placeto
1051 3664 1269 3743 Regio,
1335 3681 1450 3723 nec
1510 3676 1769 3743 possunt

491 3772 639 3832 haec
701 3771 777 3831 de
840 3786 1056 3831 natura
1105 3790 1216 3831 sua
1266 3770 1468 3832 eidem
1515 3769 1765 3831 subiici:

488 3877 675 3958 igitur
724 3878 841 3939 hac
890 3877 951 3938 in
1001 3892 1170 3957 parte
1221 3877 1489 3958 petimus
1539 3897 1573 3937 a
1624 3875 1766 3937 Mai.

491 3985 612 4046 Vra
647 3999 1070 4066 opportunam
1104 3984 1375 4064 aliquam
1409 3982 1766 4045 declaratio-

491 4111 655 4153 nem.

583 4328 638 4373 7.
671 4307 820 4368 Non
852 4320 1051 4388 potest
1081 4303 1468 4381 controverti,
1497 4320 1768 4385 spectare

493 4415 568 4475 ad
592 4414 801 4495 Caput
818 4413 1126 4474 Ecclesiae
1159 4410 1637 4472 reservationem
1670 4431 1767 4471 ca-

494 4541 678 4582 suum
713 4520 828 4582 fori
862 4516 1348 4601 poenitentialis:
1402 4517 1586 4598 proin
1620 4537 1768 4598 sup-

493 4628 810 4710 plicamus,
835 4626 980 4688 velit
1012 4623 1315 4686 removeri
1337 4623 1530 4685 facere
1565 4627 1766 4685 obsta—

494 4735 650 4813 cula,
691 4754 852 4815 quae
885 4733 1101 4794 iisdem
1135 4732 1199 4793 in
1231 4746 1549 4812 posterum
1580 4729 1768 4792 inter-

495 4857 888 4923 ponerentur.

586 4950 643 5010 8.
709 4947 802 5008 Ne
853 4947 918 5009 in
969 4945 1233 5007 minimo
1279 4944 1535 5026 quidem
1586 4964 1768 5026 repu-

2989 367 3090 438 263

1909 772 2010 833 Ad
2041 791 2100 850 4.
2164 770 2228 833 Si
2274 770 2570 832 institutio
2620 769 2685 832 in
2735 768 3095 831 Seminariis

1820 878 2157 960 Eppalibus
2218 877 2352 939 talis
2402 897 2611 958 reapse
2662 876 2890 950 fuisset,
2941 896 3099 956 quae

1821 984 2007 1047 Clero
2020 984 2423 1046 necessariam
2439 984 2907 1047 instructionem
2923 1003 3098 1064 prae-

1820 1092 1954 1153 buit
1986 1108 2118 1152 tum
2153 1110 2265 1172 pro
2298 1090 2519 1172 seipso
2538 1106 2674 1152 tum
2695 1108 2808 1171 pro
2828 1090 3098 1171 populo:

1820 1217 1954 1259 non
2003 1197 2369 1277 reperiretur
2429 1212 2592 1259 tanta
2640 1197 2986 1278 ignorantia
3036 1196 3099 1257 in

1819 1304 2130 1378 Parochis,
2195 1318 2255 1364 et
2316 1304 2636 1385 stupiditas
2688 1303 2754 1364 in
2817 1303 3099 1384 personis

1819 1410 2106 1492 pastorali
2137 1410 2385 1472 illorum
2406 1429 2586 1471 curae
2607 1410 2865 1471 creditis.
2899 1409 3102 1470 Grave

1819 1519 1941 1580 hoc
1987 1511 2221 1578 malum
2269 1537 2381 1599 pro
2427 1516 2728 1597 religione
2773 1534 2831 1579 et
2862 1517 3099 1578 anima-

1819 1626 1938 1687 bus
1982 1625 2323 1688 necessario
2370 1622 2724 1706 provocavit
2770 1624 3099 1706 providen-

1819 1732 1969 1793 tiam
2030 1748 2089 1792 et
2151 1731 2595 1812 inspectionem
2657 1731 2959 1792 Gubernii
3021 1731 3099 1791 ad

1821 1840 2183 1902 formandos
2230 1838 2378 1900 tales
2427 1839 2759 1917 ParochoS,
2812 1838 2922 1921 qui
2974 1858 3101 1900 una

1822 1966 1967 2008 cum
1998 1966 2113 2007 suo
2144 1964 2329 2025 grege
2362 1946 2483 2006 sint
2514 1945 2736 2007 eruditi
2759 1945 3096 2023 christiani,

1822 2053 1973 2114 boni
2018 2052 2266 2130 subditi,
2310 2069 2368 2113 et
2412 2052 2599 2114 simul
2631 2053 2888 2114 evadant
2921 2053 3102 2114 utiles

1823 2159 2128 2240 religioni,
2175 2160 2484 2240 proxim0,
2517 2175 2576 2221 et
2607 2158 2800 2220 Statui
2832 2159 3099 2239 public0.

1912 2268 2012 2328 Ad
2052 2287 2106 2347 5.
2172 2267 2384 2328 Relate
2416 2266 2494 2328 ad
2526 2266 2761 2327 bullam
2794 2265 3098 2345 Unigeni-

1819 2390 1922 2436 tus
1982 2373 2173 2435 habui
2222 2374 2531 2435 honorem
2583 2371 2894 2435 Sanctitati
2940 2372 3100 2434 Vrae

1821 2482 2039 2543 iterato
2100 2479 2450 2562 exponendi
2515 2499 2684 2541 meas
2731 2478 2999 2540 rationes
3044 2492 3102 2539 et

1823 2588 2367 2666 considerationeS,
2389 2603 2448 2648 et
2466 2603 2592 2649 tam
2615 2588 2728 2648 hae
2751 2606 2939 2666 quarn
2964 2585 3101 2647 illae

1823 2695 2046 2758 mereri
2078 2694 2232 2757 mihi
2264 2694 2632 2757 videbantur
2661 2694 2959 2756 Eiusdem
2991 2693 3090 2755 ad·

1825 2804 2273 2886 probationem.
2335 2802 2399 2864 Si
2446 2804 2651 2865 adhuc
2682 2817 2959 2884 superest
2991 2801 3101 2862 ali-

1823 2911 1996 2992 quod
2043 2911 2308 2973 dubium
2355 2910 2511 2971 inter
2543 2909 2848 2971 nonnulla
2881 2908 3097 2971 indivi-

1824 3021 1966 3097 dua,
2021 3033 2264 3101 paratus
2313 3036 2455 3079 sum
2506 3018 2581 3078 ad
2634 3018 2902 3079 dandam
2954 3016 3105 3098 ipsis

1824 3127 2226 3189 accomodam
2260 3125 2777 3208 explanationem.

1914 3448 2014 3508 Ad
2036 3448 2094 3508 6.
2127 3445 2321 3522 Quod
2343 3446 2581 3507 obiecta
2605 3445 2948 3525 dogmatica
2970 3464 3100 3505 non

1824 3554 2055 3616 fuerint
2111 3568 2347 3614 exemta
2394 3556 2469 3613 ab
2517 3552 2897 3632 obligatione
2945 3550 3102 3612 acci-

1823 3661 2031 3743 piendi
2053 3661 2364 3722 placetum
2385 3660 2671 3739 Regium,
2705 3659 2766 3720 id
2798 3660 2942 3720 inde
2978 3659 3100 3719 fac-

1822 3783 1960 3829 turn
2005 3784 2112 3847 est,
2158 3766 2302 3847 quia
2347 3785 2490 3828 cum
2538 3765 2602 3826 in
2633 3765 2927 3826 omnibus
2960 3765 3100 3826 Mo-

1824 3875 2110 3936 narchiae
2132 3873 2644 3937 Universitatibus
2673 3873 2967 3933 doceatur
2997 3892 3101 3932 ve-

1822 4002 1928 4044 rus
1988 4002 2228 4060 sensuS,
2294 3996 2353 4041 et
2413 3979 2684 4042 extensio
2747 3999 2815 4040 ac
2877 3978 3104 4040 limites

1821 4089 2045 4151 Placeti
2078 4088 2277 4167 Regii,
2327 4106 2458 4149 non
2497 4087 2860 4147 credebatur
2889 4104 3102 4146 neces-

1823 4196 2052 4257 sarium
2086 4215 2235 4273 esse,
2271 4210 2340 4256 ut
2371 4194 2431 4255 id
2468 4193 2586 4255 fiat.

1913 4303 2012 4364 Ad
2048 4323 2108 4370 7.
2157 4301 2484 4377 Quantum
2517 4301 2595 4362 ad
2627 4298 3099 4361 reservationem

1824 4429 2082 4471 casuum
2137 4408 2250 4470 fori
2311 4408 2737 4490 poenitentiae,
2789 4423 3100 4487 quatenus

1825 4533 1971 4578 sunt
2034 4516 2271 4578 obiecta
2323 4516 2749 4579 Confessionis
2814 4531 2872 4577 et
2933 4534 3101 4575 mere

1825 4624 2189 4705 spirituales,
2213 4643 2560 4704 numquam
2592 4623 2780 4685 habui
2812 4622 3103 4683 intentio-

1825 4750 1968 4791 nem
2003 4729 2076 4790 iis
2105 4729 2203 4790 vel
2219 4722 2565 4812 {minimum
2585 4728 3103 4810 impedimentum

1825 4836 2121 4919 ponendi

1915 4944 2015 5006 Ad
2050 4946 2107 5006 8.
2140 4942 2204 5006 Si
2236 4942 2500 5005 formula
2534 4939 2861 5004 iuramenti
2892 4940 3102 5022 Eppo-
