3684 5416
628 396 666 444 4
1592 377 1842 434 Ecclesia
1871 375 2282 449 antiquissima.

633 576 758 633 ΥΟΕ.
805 553 977 638 μηδὲ
1020 556 1597 639 ὑψηλόφθαλμος·
1651 560 1727 620 ἐκ
1773 557 1911 636 γὰρ
1969 559 2089 633 las3
2139 579 2212 620 ex
2258 558 2353 618 his
2398 557 2694 618 omnibus
2743 556 2912 617 enim
2948 552 3246 616 adulteria

632 661 889 725 τούτων
905 665 1219 725 ἁπάντων
1234 669 1513 746 μοιχεῖαι
1530 667 1911 743 γεννῶνται.
1973 682 2328 727 nascuntur.
2366 684 2427 743 4.
2466 663 2578 725 Fili
2626 663 2730 739 mi,
2762 682 2841 724 ue
2864 662 2972 723 fias
2992 680 3243 742 auspex.

630 794 689 850 4.
722 769 983 831 Τέκνον
1016 791 1164 851 μου,
1213 771 1295 852 μὴ
1329 771 1521 847 γίνου
1553 772 1913 833 οἰωνοσκό-

634 896 781 952 πος,
828 875 1058 955 ἐπειδὴ
1095 875 1331 956 ὁδηγεῖ
1365 879 1462 954 εἰς
1492 877 1611 956 τὴν
1643 877 1912 941 εἰδωλο-

554 1011 573 1054 5
631 982 933 1059 λατρίαν,
956 982 1127 1064 μηδὲ
1147 982 1493 1060 ἐπαοιδὸς,
1517 983 1686 1065 μηδὲ
1707 987 1911 1066 μαθη·

526 1544 574 1574 10

520 2612 572 2643 20

522 3147 570 3189 25

630 1088 908 1170 ματικὸς
957 1088 1128 1171 μηδὲ
1172 1091 1693 1170 περικαθαίρων,
1743 1090 1912 1173 μηδὲ

629 1197 792 1257 θέλε
825 1195 1000 1257 αὐτὰ
1036 1196 1329 1279 βλέπειν·
1374 1200 1452 1259 ἐκ
1483 1199 1620 1277 γὰρ
1656 1197 1912 1259 τούτων

630 1303 946 1364 ἁπάντων
1007 1302 1496 1382 εἰδωλολατρία
1570 1307 1907 1382 γεννᾶται.

638 1434 689 1491 5.
738 1408 1000 1470 Τέκνον
1047 1430 1195 1491 μου,
1245 1410 1328 1492 μὴ
1360 1410 1552 1490 γίνου
1586 1410 1911 1493 ψεύστης,

630 1514 858 1592 ἐπειδὴ
914 1513 1150 1594 ὁδηγεῖ
1202 1517 1278 1578 τὸ
1325 1521 1603 1600 ψεῦσμα
1649 1520 1746 1595 εἰς
1789 1517 1910 1599 τὴν

627 1620 901 1700 κλοπήν,
949 1620 1119 1704 μηδέ
1150 1625 1577 1703 φιλάργυρος
1609 1624 1778 1707 μηδὲ
1808 1645 1910 1688 κε-

628 1728 954 1806 νόδοξος
1007 1731 1087 1790 ἐκ
1134 1732 1273 1810 γὰρ
1310 1730 1566 1794 τούτων
1597 1734 1911 1795 ἁπάντων

628 1835 874 1898 κλοπαὶ
919 1837 1303 1915 γεννῶνται.
1353 1844 1412 1903 6.
1459 1839 1721 1901 Τέκνον
1759 1860 1908 1920 μου,

630 1942 713 2025 μὴ
761 1942 952 2022 γίνου
984 1943 1357 2024 γόγγυσος,
1405 1943 1634 2023 ἐπειδὴ
1670 1944 1909 2024 ὁδηγεῖ

551 2078 568 2105 z
629 2051 727 2126 εἰς
757 2049 877 2128 τὴν
913 2050 1360 2135 βλασφημίαν,
1396 2050 1566 2133 μηδὲ
1595 2050 1911 2128 αὐθάδης

627 2155 799 2237 μηδὲ
834 2157 1322 2239 πονηρόφρων·
1374 2160 1454 2220 ἐκ
1483 2159 1622 2237 γὰρ
1653 2157 1913 2221 τούτων

629 2266 945 2327 ἁπάντων
1035 2263 1446 2349 βλασφημίαι
1524 2265 1908 2342 γεννῶνται.

630 2369 872 2441 7.*Ισθι
891 2370 973 2432 δε
992 2369 1232 2448 πραῦς,
1252 2370 1392 2433 ἐπεὶ
1414 2370 1479 2433 οἱ
1499 2376 1738 2450 πραεῖς
1757 2372 1908 2450 κλη·

629 2476 1090 2559 ρονομήσουσι
1123 2476 1243 2557 τὴν
1272 2480 1415 2556 γῆν.
1475 2482 1530 2541 8.
1568 2477 1757 2539 Γίνου
1794 2497 1905 2559 μα·

624 2582 975 2665 κρόθυμος
1017 2584 1131 2644 καὶ
1164 2583 1463 2666 ἐλεήμων
1493 2583 1604 2645 καὶ
1644 2586 1910 2660 ἄκακος

625 2689 739 2752 καὶ
770 2688 1050 2770 ήσύχιος
1079 2688 1192 2753 καὶ
1224 2690 1496 2772 ἀγαθὸς
1514 2690 1627 2753 καὶ
1648 2690 1909 2773 τρέμων

626 2795 787 2866 τοὺς
818 2797 1076 2877 λόγους
1106 2796 1514 2875 διαπαντός,
1548 2797 1673 2876 οὓς
1705 2797 1905 2876 ἤκου·

626 2919 776 2981 σας.
818 2929 873 2986 9.
898 2904 1042 2982 Οὐχ
1075 2902 1378 2986 ὁψωσεις
1411 2904 1707 2967 σεαυτὸν
1737 2903 1908 2967 οὐδέ

627 3010 873 3090 δώσεις
911 3015 987 3091 τῇ
1028 3013 1208 3092 ψυχῇ
1258 3026 1389 3073 σου
1437 3012 1727 3088 θράσος.
1800 3010 1907 3073 Οῦ

628 3119 1123 3198 κολληθήσεται
1144 3118 1182 3194 ἡ
1207 3116 1385 3199 ψυχή
1409 3133 1539 3180 σου
1556 3119 1722 3199 μετὰ
1741 3118 1906 3199 ὑψη-

625 3205 781 3299 mv,
796 3226 973 3287 ἀλλὰ
988 3225 1156 3307 μετὰ
1168 3223 1444 3287 δικαίων
1456 3225 1567 3286 καὶ
1579 3224 1909 3286 ταπεινῶν

628 3332 1148 3412 ἀναστραφήσῃ.
1192 3354 1285 3396 ιο.
1305 3332 1416 3394 Τὰ
1446 3330 1911 3416 συμβαίνοντα

630 3453 739 3500 σοι
786 3438 1211 3519 ἐνεργήματα
1274 3439 1368 3515 ὡς
1419 3438 1655 3516 ἀγαθὰ
1703 3452 1906 3514 προσ-

630 3544 814 3624 δέξῃ,
867 3542 1086 3621 εἰδώς,
1135 3545 1234 3607 ὅτι
1283 3547 1450 3622 ἄτερ
1496 3545 1666 3606 θεοῦ
1699 3543 1909 3606 οὐδὲν

628 3651 899 3729 γίνεται.

713 3762 809 3824 Ν.
859 3759 1122 3821 Τέκνον
1154 3779 1311 3839 μου,
1378 3759 1498 3819 τοῦ
1531 3757 1908 3833 λαλοῦντός

623 3881 733 3926 σοι
780 3864 897 3925 τὸν
940 3864 1154 3943 λόγον
1184 3866 1305 3926 τοῦ
1337 3865 1507 3925 θεοῦ
1541 3863 1900 3944 μνησθήσῃ

622 3970 869 4046 νυκτὸς
908 3970 1021 4032 καὶ
1054 3971 1332 4052 ἡμέρας,
1364 3971 1659 4053 τιμήσεις
1692 3968 1771 4031 δὲ
1792 3972 1903 4032 αῦ-

623 4077 741 4139 τὸν
786 4077 881 4154 ὡς
915 4076 1181 4154 κύριον·
1235 4078 1400 4139 ὅθεν
1431 4077 1569 4155 γὰρ
1607 4077 1645 4154 ἡ
1680 4075 1902 4153 κυριό-

547 4215 565 4242 z
624 4204 743 4262 της
818 4185 1135 4257 λαλεῖται,
1202 4185 1339 4246 ἐκεῖ
1399 4183 1636 4262 κύριός
1701 4185 1899 4247 ἐστιν.

630 4314 683 4354 2.
721 4289 1151 4368 Ἐκζήτήσεις
1197 4289 1277 4352 δὲ
1321 4291 1474 4352 καθ’
1515 4291 1775 4371 ἡμέραν
1819 4291 1906 4351 τὰ

625 4398 959 4476 πρόσωπα
975 4398 1106 4459 τῶν
1123 4397 1351 4476 ἁγίων,
1367 4398 1484 4458 ἵνα
1505 4399 1906 4475 ἐπαναπαῇς

624 4510 765 4582 τοῖς
793 4504 1031 4581 λόγοις
1062 4507 1301 4566 αὐτῶν.
1366 4529 1417 4586 3.
1465 4503 1567 4565 Os>
1601 4503 1904 4582 ποιήσεις

625 4611 889 4692 σχίσμα,
913 4611 1330 4688 εἰρηνεύσεις
1346 4610 1426 4673 δὲ
1447 4612 1898 4692 μαχομένους·

621 4722 872 4795 κρινεῖς
896 4717 1192 4795 δικαίως,
1226 4721 1311 4779 οῦ
1330 4717 1512 4799 λήψῃ
1533 4718 1903 4795 πρόσωπον

624 4826 891 4903 ἐλέγξαι
939 4825 1040 4887 έπὶ
1090 4824 1636 4906 παραπτώμασιν.
1688 4848 1748 4905 4.
1796 4824 1903 4887 Οῦ

623 4931 1039 5012 διψυχήσεις,
1074 4931 1366 5009 πότερον
1397 4931 1584 4994 ἔσται
1619 4932 1658 5008 ἢ
1692 4929 1794 4992 οὔ.

1971 772 2271 853 quoniam
2334 771 2397 831 id
2459 770 2628 832 ducit
2691 769 2766 831 ad
2817 768 3246 837 idololatriam.

1970 897 2173 958 neque
2194 879 2534 939 incantator
2554 896 2756 958 neque
2778 874 3249 937 mathematicus

1969 1004 2172 1066 neque
2205 1005 2445 1066 maguS‚
2480 1003 2685 1064 neque
2718 1004 2787 1044 ea
2822 982 2970 1043 velis
3003 981 3245 1053 videre;

1968 1111 2040 1152 ex
2076 1092 2169 1152 his
2200 1092 2366 1152 enim
2400 1091 2694 1152 omnibus
2727 1088 3071 1151 idololatria
3105 1107 3246 1148 nas-

1968 1198 2139 1260 citur.
2180 1218 2233 1278 5.
2256 1197 2369 1259 Fili
2404 1197 2509 1274 mi,
2543 1216 2620 1257 ne
2652 1196 2762 1258 fias
2782 1194 3066 1272 mendax,
3099 1195 3247 1275 quia

1970 1305 2359 1366 mendacium
2408 1302 2580 1365 ducit
2627 1304 2702 1364 ad
2739 1303 2992 1377 furtum,
3039 1321 3244 1382 neque

1967 1410 2204 1492 argenti
2236 1430 2441 1492 neque
2475 1409 2671 1471 inanis
2689 1409 2921 1491 gloriae
2940 1408 3243 1488 cupidus;

1967 1539 2036 1579 ex
2061 1519 2156 1579 his
2177 1518 2344 1579 enim
2371 1517 2668 1579 omnibus
2706 1516 2864 1578 furta
2889 1532 3246 1577 nascuntur.

1969 1627 2026 1687 6.
2059 1624 2169 1686 Fili
2204 1625 2309 1697 mi,
2346 1644 2424 1685 ne
2458 1624 2567 1685 fias
2600 1643 2906 1699 morosus,
2938 1621 3240 1703 quoniam

1967 1733 2029 1794 id
2075 1732 2245 1793 ducit
2279 1732 2355 1792 ad
2388 1730 2858 1811 blasphemiam,
2907 1748 3113 1809 neque
3148 1729 3242 1789 in-

1965 1840 2172 1901 solens
2205 1858 2409 1919 neque
2443 1838 2804 1918 improbus;
2838 1857 2913 1898 ex
2946 1837 3041 1898 his
3072 1836 3245 1897 enim

1965 1946 2263 2007 omnibus
2309 1942 2727 2024 blasphemiae
2776 1958 3130 2005 nascuntur.
3182 1965 3239 2009 7.

1966 2053 2062 2114 Sis
2107 2071 2252 2113 vero
2301 2067 2679 2127 mansuetuS,
2727 2050 3030 2130 quoniam
3065 2071 3239 2111 man-

1965 2162 2127 2220 sueti
2181 2158 2614 2220 hereditabunt
2674 2165 2922 2218 terram.
3002 2158 3059 2218 8.
3107 2157 3248 2219 Fias

1966 2265 2338 2344 longanimis
2384 2280 2442 2326 et
2487 2265 2836 2326 misericors
2881 2280 2940 2325 et
2971 2265 3248 2325 sincerus

1967 2388 2027 2433 et
2058 2373 2305 2452 quietus
2339 2386 2396 2431 et
2429 2376 2636 2432 bonus
2668 2388 2726 2431 et
2756 2371 3247 2431 contremiscens

1965 2498 2210 2560 semper
2271 2479 2347 2540 ad
2411 2480 2625 2553 verba,
2702 2498 2863 2558 quae
2940 2476 3242 2539 audivisti.

1968 2609 2024 2666 9.
2045 2587 2195 2648 Non
2228 2585 2516 2646 exaltabis
2548 2600 2606 2645 te
2639 2586 2848 2665 ipsum
2880 2604 3084 2665 neque
3105 2586 3240 2645 ani-

1967 2715 2101 2756 mae
2135 2710 2274 2755 tuae
2307 2693 2480 2755 dabis
2513 2691 2926 2754 insolentiam.
2961 2691 3110 2753 Non
3130 2692 3241 2752 ad-

1965 2801 2236 2863 haerebit
2281 2800 2485 2861 anima
2517 2816 2619 2860 tua
2652 2800 2955 2879 superbis,
3000 2801 3108 2860 sed
3143 2799 3244 2860 iu-

1963 2909 2069 2970 stis
2101 2925 2158 2969 et
2191 2907 2536 2968 humilibus
2568 2907 2774 2968 uteris,
2819 2925 2908 2969 10.
2931 2904 3110 2981 Quae
3132 2905 3242 2967 tibi

1963 3015 2277 3087 eveniunt,
2327 3033 2395 3074 ea
2430 3028 2728 3093 tanquam
2760 3016 2923 3074 bona
2956 3012 3239 3093 accipieS‚

1964 3122 2265 3198 conscius,
2299 3120 2432 3182 sine
2467 3120 2601 3181 Deo
2633 3119 2788 3181 nihil
2821 3118 2969 3183 fieri.

2050 3761 2147 3822 IV.
2198 3760 2315 3822 Fili
2352 3761 2454 3838 mi,
2503 3761 2610 3842 qui
2649 3760 2931 3840 loquitur
2963 3761 3067 3821 tibi
3103 3779 3240 3820 ver-

1962 3868 2113 3927 bum
2149 3867 2282 3943 Dei,
2330 3867 2462 3928 eius
2509 3869 2926 3930 recordaberis
2959 3882 3138 3929 nocte
3170 3887 3240 3927 ac

1962 3973 2081 4046 die,
2160 3973 2404 4035 timebis
2455 3993 2600 4035 eum
2651 3975 2805 4034 sicut
2855 3974 3234 4038 Dominum:

1963 4081 2130 4142 unde
2164 4081 2331 4142 enim
2354 4080 2706 4142 dominium
2728 4080 2967 4157 dicitur,
3003 4081 3086 4141 ibi
3109 4081 3237 4142 Do-

1962 4188 2171 4248 minus
2205 4203 2309 4250 est.
2348 4208 2401 4248 2.
2438 4187 2739 4267 Requires
2769 4188 2991 4250 cotidie
3026 4187 3237 4249 vultus

1960 4310 2338 4368 sanctorum,
2405 4312 2471 4355 ut
2532 4296 2875 4376 requiescas
2932 4294 2992 4356 in
3039 4294 3242 4355 verbis

1961 4421 2202 4463 eorum.
2267 4423 2321 4482 3.
2355 4402 2503 4462 Non
2538 4402 2718 4463 facies
2751 4402 3095 4480 dissidium,
3131 4401 3236 4462 sed

1962 4509 2202 4590 pacabis
2267 4525 2645 4589 pugnantes:
2711 4508 3009 4569 iudicabis
3060 4508 3235 4580 iuste,

1963 4634 2094 4676 non
2141 4616 2401 4697 accipies
2449 4634 2775 4695 personam
2812 4615 2877 4675 in
2910 4615 3240 4693 arguendis

1960 4722 2304 4804 cuiuspiam
2340 4722 2631 4803 lapsibus
2672 4743 2713 4801 4
2765 4723 2911 4782 Non
2944 4722 3238 4801 ambiges,

1961 4845 2169 4910 utrum
2205 4829 2485 4891 futurum
2517 4828 2592 4888 sit
2628 4848 2839 4889 necne.
