3684 5416
672 352 780 422 564
1721 353 1921 422 Legati
1960 354 2252 423 pontificii.

669 551 862 610 tractu
909 534 1135 596 dissitis
1168 535 1525 614 regionibus
1557 555 1624 596 ea
1659 536 2112 618 adimpleantur
2144 558 2304 620 quae
2335 538 2664 601 Catholico
2697 540 2940 601 nomini
2971 557 3279 602 aeternae-

669 623 791 723 que
826 640 1103 703 fidelium
1135 642 1317 703 saluti
1350 644 1527 722 bene,
1559 661 1873 725 prospere,
1906 644 2281 727 feliciterque
2314 646 2618 708 eveniant.

885 750 1162 811 Iamvero
1209 769 1352 811 cum
1401 750 1688 832 gravibus
1733 752 1810 811 de
1856 752 2057 813 causis
2103 752 2594 814 Foederatorum
2643 753 2930 815 Statuum
2964 755 3284 816 Americae

664 855 1170 938 Septentrionalis
1201 856 1504 918 Ecclesiae
1552 857 1888 938 peculiares
1934 873 2172 919 nostras
2218 878 2395 920 curas
2439 859 2950 941 provisionesque
2996 877 3295 943 expostu-

587 985 610 1030 5
667 963 813 1040 lent,
859 978 918 1024 et
963 963 1223 1024 dilectus
1255 962 1421 1025 filius
1453 964 1678 1025 Noster
1710 964 1769 1026 S.
1803 964 1878 1026 R.
1911 965 1978 1027 E.
2011 965 2353 1031 Cardinalis
2392 965 2756 1027 Franciscus
2789 966 3001 1028 Satolli
3032 967 3288 1027 manda-

665 1085 802 1162 tum
833 1089 1023 1132 suum
1054 1069 1269 1131 iisdem
1304 1069 1370 1131 in
1402 1069 1671 1132 Statibus
1701 1072 1778 1133 ad
1812 1090 1994 1151 quos,
2029 1090 2288 1134 munere
2324 1070 2608 1151 Delegati
2641 1072 2984 1153 Apostolici
3020 1071 3276 1153 insigni·

667 1196 787 1258 tus,
833 1200 865 1240 a
911 1179 1110 1240 Nobis
1161 1178 1387 1239 missus
1440 1179 1651 1255 fuerat,
1699 1178 2045 1259 expleverit,
2095 1179 2227 1240 Nos
2257 1178 2501 1241 attentis
2536 1179 2775 1259 pietate,
2807 1178 3106 1258 doctrina,
3140 1180 3278 1240 reli-

668 1287 874 1368 gionis
904 1286 1057 1360 zelo,
1091 1305 1208 1346 usu
1242 1304 1472 1362 rerum,
1507 1285 1855 1367 prudentia,
1887 1285 2166 1362 consili0,
2199 1284 2459 1366 aliisque
2492 1286 2939 1367 praestantibus
2970 1285 3062 1348 tui
3094 1285 3280 1347 animi

672 1393 1030 1474 ingeniique
1062 1393 1367 1466 laudibuS,
1400 1393 1693 1454 omnibus
1724 1392 1811 1454 rei
1845 1392 2181 1454 momentis
2214 1408 2451 1454 mature
2483 1393 2802 1474 perpensis
2836 1413 2981 1454 cum
3017 1392 3284 1454 Venera-

566 1524 614 1554 ιο
670 1500 894 1561 bilibus
929 1500 1238 1561 Fratribus
1272 1500 1511 1560 Nostris
1544 1499 1606 1560 S.
1644 1502 1714 1563 R.
1749 1501 1813 1560 E.
1848 1498 2284 1562 Cardinalibus
2330 1500 2590 1578 negotiis
2625 1499 3065 1581 Propagandae
3098 1499 3264 1560 Fidei

669 1608 1053 1692 praepositiS‚
1102 1609 1178 1669 de
1228 1606 1512 1667 Fratrum
1545 1607 1916 1667 eorumdem
1948 1605 2227 1680 consilio,
2259 1606 2387 1683 tibi,
2420 1607 2638 1668 dilecte
2671 1606 2776 1684 fili,
2811 1606 3279 1686 Delegationem

671 1716 1035 1777 huiusmodi
1069 1714 1574 1777 committendam
1609 1713 2109 1775 existimavimus.
2174 1713 2384 1789 Quare
2416 1730 2494 1791 te,
2530 1732 2717 1794 quern
2753 1734 2861 1793 per
2891 1713 3121 1775 similes
3153 1714 3280 1774 No-

669 1839 821 1884 stras
852 1823 1050 1884 literas
1084 1825 1204 1884 hoc
1234 1822 1372 1903 ipso
1405 1821 1504 1882 die
1538 1822 1705 1881 datas
1737 1820 1998 1882 titularis
2034 1820 2336 1882 Ecclesiae
2371 1821 2713 1901 Ephesinae
2744 1821 3278 1901 archiepiscopum

670 1931 1178 2006 renuntiavimUS,
1212 1929 1500 2011 peculiari
1535 1927 1962 1989 benevolentia
2004 1928 2484 2009 complectentes
2522 1945 2580 1989 et
2613 1950 2647 1990 a
2678 1928 3005 2010 quibusvis
3037 1945 3281 1988 excom-

566 2056 611 2100 15
671 2038 1127 2114 municationiS,
1160 2036 1583 2118 suspensionis
1614 2052 1672 2097 et
1704 2035 2004 2097 interdicti
2037 2036 2297 2116 aliisque
2331 2035 2749 2097 ecclesiasticis
2782 2033 3118 2112 sententiis,
3141 2052 3280 2094 cen-

668 2145 825 2207 suris
858 2161 914 2206 et
947 2146 1186 2226 poenis,
1220 2145 1269 2207 si
1303 2165 1454 2225 quas
1486 2143 1639 2204 forte
1673 2142 1998 2204 incurreris
2032 2143 2220 2204 huius
2252 2158 2492 2204 tanturn
2530 2143 2615 2203 rei
2646 2143 2835 2224 gratia
2869 2143 3273 2204 absolventes.

668 2269 725 2314 et
771 2254 1126 2314 absolutum
1178 2253 1306 2313 fore
1353 2266 1693 2326 censenteS,
1728 2249 2082 2330 Apostolica
2129 2266 2333 2311 nostra
2382 2249 2737 2311 auctoritate
2769 2249 3184 2330 praesentium
3220 2247 3272 2307 vi

671 2363 1036 2441 Delegatum
1067 2360 1499 2442 Apostolicum
1535 2360 1601 2419 in
1637 2359 1682 2420 F
1684 2358 1987 2420 oederatis
2020 2357 2287 2418 Statibus
2310 2359 2632 2420 Americae
2663 2357 3171 2441 Septentrionalis
3202 2357 3275 2416 ad

668 2469 968 2529 Nostrum
1016 2483 1073 2528 et
1118 2467 1304 2528 huius
1336 2466 1592 2528 Sanctae
1625 2465 1801 2526 Sedis
1847 2465 2300 2545 beneplacitum
2346 2467 2662 2546 eligimus,
2713 2466 2994 2543 facimuS,
3045 2483 3274 2526 renun-

559 2588 614 2620 20
669 2576 910 2637 tiamus.

881 2682 1023 2744 Tibi
1071 2682 1276 2763 itaque
1327 2682 1731 2744 concedimus
1776 2702 1996 2745 omnes
2040 2699 2100 2745 et
2143 2684 2423 2765 singulas
2472 2684 2782 2747 facultates
2821 2682 3190 2745 necessarias
3222 2698 3280 2742 et

668 2807 1049 2873 opportunas
1082 2790 1157 2851 ad
1196 2789 1659 2867 Delegationem
1692 2790 2053 2852 huiusmodi
2084 2792 2439 2871 gerendam,
2472 2792 2896 2872 omnibusque
2929 2807 2988 2852 et
3019 2788 3275 2870 singulis

667 2901 743 2960 ad
790 2920 951 2979 quos
999 2899 1260 2979 pertinet
1306 2898 1714 2980 praecipimus
1744 2914 1813 2959 ut
1845 2899 1910 2960 in
1944 2914 2001 2960 te
2036 2900 2398 2980 Apostolico
2432 2901 2732 2981 Delegato
2764 2917 3124 2980 supremam
3158 2898 3277 2957 De-

665 3007 925 3086 legantis
971 3004 1283 3067 Pontificis
1334 3005 1759 3067 auctoritatem
1809 3021 2232 3086 agnoscentes,
2283 3009 2347 3068 in
2396 3008 2693 3070 omnibus
2740 3006 2865 3083 tibi,
2914 3006 3132 3066 dilecte
3178 3002 3277 3077 fili,

560 3127 611 3171 ²5
669 3114 929 3189 faveant,
976 3127 1217 3193 praesto
1264 3112 1403 3185 sint,
1448 3132 1518 3172 ac
1562 3128 1830 3192 pareant,
1864 3128 2097 3193 tuaque
2129 3114 2394 3175 salubria
2433 3114 2666 3175 monita
2699 3129 2759 3175 et
2789 3113 3080 3174 mandata
3111 3129 3277 3172 reve-

668 3236 874 3281 renter
906 3218 1209 3299 excipiant
1239 3233 1424 3299 atque
1456 3217 1778 3279 efficaciter
1807 3220 2203 3301 adimpleant,
2240 3241 2417 3284 secus
2452 3220 2817 3283 sententiam
2848 3238 3041 3300 quam
3075 3219 3182 3278 rite
3214 3216 3276 3276 in

667 3326 924 3388 rebelles
984 3326 1195 3386 tuleris
1247 3341 1437 3386 ratam
1489 3325 1873 3403 habebimus,
1939 3347 2200 3408 eamque
2252 3327 2548 3390 faciemus
2598 3326 2952 3388 auctoritate
3005 3323 3274 3385 Domino

668 3455 866 3516 usque
897 3436 973 3496 ad
1007 3433 1486 3495 satisfactionem
1518 3434 1891 3513 condignam
1925 3435 2355 3497 inviolabiliter
2385 3435 2712 3496 observari.

878 3543 1026 3604 Non
1073 3539 1457 3602 obstantibus
1501 3540 2066 3602 Constitutionibus
2113 3557 2172 3602 et
2209 3540 2728 3603 Ordinationibus
2763 3539 3140 3620 Apostolicis
3172 3558 3271 3600 ce-

555 3662 610 3706 ‘30
662 3651 930 3731 terisque
963 3650 1282 3710 contrariis
1313 3650 1834 3730 quibuscumque.

879 3758 1105 3817 Datum
1129 3758 1367 3818 Romae
1399 3758 1565 3837 apud
1587 3757 1649 3818 S.
1675 3758 1922 3818 Petrum
1957 3760 2074 3819 sub
2108 3759 2347 3821 annulo
2381 3757 2703 3821 piscatoris
2735 3759 2835 3820 die
2880 3759 2972 3820 18.
3009 3758 3274 3837 Augusti

674 3864 857 3942 1896,
893 3863 1291 3924 Pontificatus
1323 3862 1530 3924 Nostri
1563 3881 1731 3923 anno
1765 3863 2206 3927 decimonono,

2306 3972 2376 4034 C.
2412 3971 2595 4033 Card.
2628 3973 2702 4034 de
2732 3972 3065 4053 Ruggiem.
