3684 5416
563 1548 612 1581 10

564 2088 609 2130 ι5

557 2631 611 2663 20

561 3165 610 3208 ²5

559 4236 606 4278 35

552 4772 610 4811 ⁴0

673 401 772 455 52²
1740 384 1913 441 Curia
1953 403 2215 441 romana.

884 566 1171 648 Denique
1203 585 1333 646 quo
1367 566 1666 628 dictarum
1687 566 2263 648 Congregationum
2297 566 2713 649 expeditiones
2743 567 2977 629 validae
2999 567 3274 644 existant,

670 673 1030 736 cardinales
1076 673 1142 734 in
1191 673 1464 754 qualibet
1496 674 1999 757 Congregatione
2047 694 2178 736 non
2206 675 2326 737 sint
2358 674 2679 757 pauciores
2708 674 2919 736 tribus.
2981 676 3077 736 Ad
3115 674 3268 750 judi-

669 779 907 841 ciorum
941 799 1086 841 vero
1120 781 1552 843 confusionem
1574 781 1944 858 evitandam,
1967 782 2279 857 volumus,
2311 796 2379 842 ut
2411 800 2824 862 unaquaeque
2857 782 3278 861 Congregatio

669 888 924 968 quando
955 887 1161 969 aliqua
1194 907 1394 964 causa,
1430 888 1707 968 quaestio
1740 888 1837 949 vel
1869 888 2237 950 consultatio
2257 888 2334 949 ad
2366 907 2502 949 eam
2523 888 2719 949 delata
2742 887 2939 959 fuerit,
2958 888 3284 970 diligenter

668 996 1022 1075 perpendat,
1057 1014 1134 1056 an
1166 994 1241 1055 ad
1275 995 1471 1076 ipsam
1506 995 1753 1076 proprie
1787 993 1922 1072 ejus
1953 1014 2194 1072 causae,
2229 994 2503 1075 cognitio
2537 1011 2594 1057 et
2626 995 2934 1077 expeditio
2968 994 3281 1078 pertineat,

668 1116 727 1162 et
773 1101 822 1162 si
868 1102 944 1163 ad
978 1122 1044 1163 se
1075 1101 1330 1163 minime
1360 1117 1634 1183 spectare
1667 1103 2048 1181 cognoverit,
2084 1102 2368 1163 eamdem
2401 1102 2477 1163 ad
2508 1102 2756 1164 Judices
2787 1102 3152 1176 ordinarios,
3186 1102 3280 1161 vel

667 1209 743 1269 ad
778 1208 1092 1290 propriam
1124 1208 1692 1289 Congregationem
1729 1208 2007 1269 remittat.

880 1325 908 1385 s
948 1336 1003 1377 2.
1053 1315 1272 1376 Itidem
1303 1315 1661 1377 Cardinales
1692 1316 1991 1377 dictarum
2015 1315 2617 1396 Congregationum,
2653 1316 2936 1398 proprios
2967 1315 3274 1394 sigillatim

665 1424 931 1484 habeant
962 1422 1346 1497 Secretarios,
1393 1424 1467 1483 ab
1514 1421 1745 1483 eisdem
1796 1422 1985 1483 libere
2036 1423 2443 1503 deputandos,
2487 1440 2547 1484 et
2591 1424 2666 1484 ad
2713 1443 2828 1486 res.
2862 1422 3116 1504 quaein
3152 1422 3287 1484 dies

667 1547 980 1610 geruntur,
1027 1532 1445 1602 annotandas;
1497 1546 1555 1591 et
1601 1529 1665 1591 in
1713 1531 2025 1611 publicam
2061 1531 2344 1609 formam,
2380 1531 2428 1592 si
2460 1551 2621 1613 opus
2654 1531 2853 1604 fuerit,
2886 1532 3269 1612 redigendas.

880 1646 908 1706 s
947 1658 1002 1718 3.
1053 1637 1129 1698 Et
1160 1638 1463 1718 quoniam
1494 1638 1715 1698 divinis
1748 1639 2011 1698 oraculis
2042 1639 2476 1712 admonemur,
2523 1640 2631 1701 ubi
2663 1639 2854 1700 multa
2888 1639 3161 1710 consilia,
3195 1638 3276 1699 ibi

667 1745 948 1817 salutem,
997 1745 1210 1806 adesse
1259 1746 1511 1806 eaedem
1556 1746 2091 1825 Congregationes
2141 1765 2254 1827 pro
2306 1766 2517 1807 earum
2565 1747 2814 1808 arbitrio
2861 1746 3025 1808 viros
3074 1766 3285 1808 sacrae

666 1851 1070 1928 Theologiae,
1108 1850 1428 1928 pontificii,
1468 1851 1879 1933 Caesareique
1926 1851 2074 1930 juris
2108 1853 2353 1934 peritOS,
2386 1868 2444 1914 et
2476 1872 2684 1914 rerum
2714 1855 3127 1934 gerendarum
3161 1875 3279 1915 usu

668 1947 970 2039 pollentes
1018 1959 1079 2018 in
1129 1958 1702 2036 consultationibus,
1748 1962 2069 2036 advocent,
2105 1975 2289 2041 atque
2321 1961 2683 2033 adhibeant;
2735 1978 2803 2023 ut
2834 1961 3052 2037 causis,
3087 1982 3288 2042 quae-

665 2065 988 2139 stionibuS‚
1034 2081 1092 2127 et
1140 2065 1399 2146 negotiis
1445 2086 1635 2146 quam
1668 2067 1901 2146 optime
1936 2067 2244 2142 discussiS,
2281 2086 2440 2147 quae
2476 2068 2587 2128 Dei
2620 2068 2870 2147 gloriae,
2902 2069 3282 2130 animarum-

667 2192 790 2253 que
822 2172 1022 2243 saluti‚
1054 2189 1112 2233 et
1145 2171 1419 2250 justitiae,
1453 2188 1635 2253 atque
1669 2173 1957 2254 aequitati
1988 2189 2399 2235 consentanea
2432 2175 2695 2236 maxime
2715 2193 2912 2252 erunt,
2937 2177 3284 2237 decernan-

665 2295 795 2350 tur:
844 2280 1121 2359 graviora
1155 2298 1300 2341 vero
1334 2300 1785 2360 quaecumque,
1822 2282 1897 2342 ad
1934 2301 2047 2341 nos
2080 2284 2175 2342 vel
2207 2301 2591 2343 successores
2623 2298 2865 2344 nostros
2896 2283 3273 2354 deferantur,

666 2404 734 2448 ut
767 2388 917 2468 quid
951 2388 1298 2449 secundum
1323 2388 1523 2449 Deum
1560 2388 1857 2468 expediat,
1893 2387 2025 2464 ejus
2055 2389 2243 2467 gratia
2276 2388 2621 2466 adjuvante,
2656 2404 2895 2451 mature
2914 2406 3279 2451 statuamus,

881 2504 910 2564 s
944 2515 1002 2573 4.
1041 2495 1264 2575 Sicque
1298 2512 1355 2556 et
1390 2515 1519 2556 non
1553 2494 1723 2555 aliter
1755 2515 1863 2575 per
1894 2514 2332 2576 quoscumque
2363 2496 2607 2557 Judices
2639 2497 2984 2558 ordinarios
3015 2512 3074 2558 et
3105 2497 3278 2558 dele-

666 2619 864 2682 gatos,
918 2603 1098 2663 etiam
1146 2604 1340 2664 dictos
1371 2603 1748 2678 Cardinales,
1798 2623 1867 2663 ac
1914 2621 2238 2664 causarum
2286 2603 2495 2664 Palatii
2541 2603 2893 2685 Apostolici‘
2930 2604 3292 2683 Auditores,

668 2713 902 2773 sublata
952 2712 1037 2773 eis
1084 2729 1141 2773 et
1188 2732 1409 2773 eorum
1441 2712 1689 2795 cuilibet
1722 2713 1939 2792 quavis
1972 2713 2144 2774 aliter
2177 2712 2484 2789 judicandi
2520 2728 2579 2773 et
2612 2712 3055 2793 interpretandi
3092 2711 3295 2774 facul-

668 2835 807 2893 tate,
861 2818 1110 2895 judicari
1159 2837 1218 2880 et
1268 2819 1506 2881 definiri
1553 2820 1794 2889 debere,
1840 2819 2207 2901 irritumque
2254 2835 2312 2881 et
2344 2820 2526 2882 inane
2560 2818 2855 2900 quicquid
2891 2838 3069 2880 secus
3099 2838 3294 2900 super

671 2926 764 2986 his
796 2947 829 2985 a
862 2945 1185 3006 quoquam
1219 2928 1436 3005 quavis
1468 2927 1826 2988 auctoritate
1862 2927 2120 2988 scienter
2150 2927 2245 2988 vel
2278 2928 2627 3006 ignoranter
2645 2926 2970 3006 contigerit
2989 2925 3292 3001 attentari,

670 3031 1077 3094 decernimus

885 3146 912 3206 S
954 3158 1005 3217 5.
1054 3139 1199 3198 Non
1232 3139 1617 3200 obstantibus
1651 3140 2018 3219 praemissiS,
2053 3158 2123 3200 ac
2154 3138 2477 3220 quibusvis
2510 3138 3058 3202 constitutionibus
3090 3157 3147 3200 et
3179 3160 3284 3201 or-

669 3244 1087 3305 dinationibus
1120 3246 1513 3326 Apostolicis,
1562 3246 1892 3327 privilegiis
1938 3265 2216 3327 quoque,
2265 3246 2517 3307 indultis
2568 3263 2623 3307 et
2671 3247 2855 3308 literis
2902 3246 3288 3328 Apostolicis

668 3351 1169 3433 quibuscumque
1203 3353 1488 3414 formulis
1519 3353 1620 3414 illa
1651 3354 1773 3415 sint
1806 3370 2120 3434 concepta.
2154 3353 2403 3429 Quibus
2435 3354 2733 3415 omnibus
2765 3354 3000 3415 etiamsi
3032 3353 3108 3414 de
3144 3353 3283 3426 illis,

667 3478 1016 3540 eorumque
1048 3459 1190 3520 totis
1222 3460 1540 3521 tenoribus
1572 3461 1871 3540 specialis,
1905 3460 2201 3542 specifica,
2235 3480 2536 3542 expressa,
2574 3480 2703 3523 non
2734 3477 2937 3522 autem
2975 3481 3082 3542 per
3115 3462 3290 3522 clau-

666 3569 829 3627 sulas
861 3567 1175 3647 generales
1208 3567 1374 3628 idem
1407 3569 1823 3649 imponantes,
1858 3569 2096 3629 mentio
2130 3586 2232 3629 aut
2255 3569 2505 3648 quaevis
2526 3569 2640 3629 alia
2661 3569 2971 3650 expressio
2994 3568 3279 3629 habenda

666 3688 839 3749 esset,
872 3693 1092 3734 eorum
1125 3689 1388 3747 tenoreS,
1424 3674 1544 3735 acsi
1576 3677 1650 3733 ad
1685 3675 1945 3735 verbum
1981 3675 2410 3749 insererentur,
2443 3675 2862 3755 praesentibus
2894 3694 3005 3756 pro
3038 3694 3280 3756 expres-

665 3780 746 3841 sis
792 3799 977 3860 atque
1030 3780 1266 3841 insertis
1315 3782 1625 3853 habentes,
1675 3780 1789 3840 illis
1840 3781 1986 3841 alias
2030 3781 2094 3841 in
2128 3801 2245 3842 suo
2277 3785 2502 3843 robore
2535 3782 2973 3863 permansuris,
3008 3783 3120 3843 hac
3153 3782 3290 3843 vice

667 3889 982 3950 dumtaxat
1015 3888 1371 3967 specialiter,
1423 3908 1722 3968 expresse,
1774 3908 1842 3949 ac
1878 3888 2163 3949 latissime
2196 3889 2587 3970 derogamus,
2624 3889 3000 3969 caeterisque
3035 3906 3280 3951 contra-

665 3997 768 4057 riis
801 3996 1320 4075 quibuscumque.

883 4113 910 4171 S
946 4105 1003 4165 6.
1056 4102 1324 4163 Demum
1374 4122 1480 4182 per
1513 4120 1828 4183 paternam
1864 4119 2133 4163 nostram
2170 4104 2523 4164 charitatem
2559 4120 2616 4164 et
2648 4102 3090 4182 auctoritatem,
3121 4123 3284 4183 quae

669 4210 849 4269 nobis
898 4230 931 4268 a
981 4209 1229 4269 Christo
1279 4210 1554 4271 Domino
1605 4210 1738 4270 data
1789 4226 1898 4281 est,
1948 4211 2381 4285 admonemuS,
2430 4225 2489 4270 et
2536 4229 2643 4290 per
2691 4210 2918 4291 ipsum,
2953 4230 3060 4291 per
3091 4228 3282 4291 quem

668 4316 869 4393 Reges
902 4332 1177 4392 regnant,
1228 4319 1612 4377 obtestamur
1646 4317 2038 4378 charissimos
2074 4317 2132 4378 in
2167 4317 2415 4378 Christo
2449 4316 2610 4378 filios
2643 4332 2887 4379 nostros
2919 4318 2981 4377 in
3016 4317 3280 4397 impera-

665 4438 863 4482 torem
911 4421 1193 4498 electum,
1243 4441 1587 4502 omnesque
1625 4423 1842 4501 RegeS,
1875 4443 1946 4484 ac
1977 4424 2233 4486 dilectos
2266 4424 2425 4485 filios
2459 4424 2701 4486 nobiles
2734 4424 2895 4485 viros
2929 4425 3284 4505 Rerumpu-

666 4529 983 4599 blicarum,
1035 4529 1310 4609 aliosque
1347 4530 1571 4606 Duces,
1620 4550 1687 4590 ac
1734 4547 2003 4592 caeteros
2050 4532 2388 4592 saeculares
2436 4530 2767 4611 Principes,
2820 4550 2982 4610 quos
3015 4531 3184 4591 Deus
3216 4529 3278 4589 in

666 4638 906 4696 excelso
955 4636 1094 4696 loco
1141 4638 1470 4713 constituit,
1506 4654 1560 4697 et
1595 4638 1921 4717 temporali
1956 4655 2250 4718 potestate
2285 4637 2722 4699 communivit:
2772 4656 2838 4697 ut
2872 4636 3011 4698 fidei
3045 4637 3280 4700 Catho-

664 4744 812 4805 licae
862 4760 1353 4824 propugnatores
1401 4761 1458 4804 et
1490 4745 1846 4805 defensores
1878 4745 2017 4817 sint,
2054 4747 2129 4806 de
2164 4764 2436 4825 quorum
2471 4745 2711 4826 pietate,
2747 4762 2803 4805 et
2837 4763 2976 4823 erga
3012 4752 3276 4824 Aposto-

665 4851 843 4911 licam
880 4850 1100 4911 Sedem
1150 4851 1550 4925 observantia,
1601 4867 1786 4931 atque
1820 4852 2167 4912 obedientia
2202 4871 2576 4933 magnopere
2612 4853 2677 4913 in
2712 4852 2990 4913 Domino
3021 4849 3275 4911 confidi-

668 4976 827 5031 muS,
862 4973 918 5017 et
952 4978 1141 5037 quam
1176 4958 1358 5017 etiam
1391 4957 1647 5018 munitis
1681 4958 2058 5035 argumentis
2090 4973 2471 5039 perspectam
2506 4959 2825 5019 habemus
