3684 5416
629 1602 676 1634 to

626 2138 671 2182 ¹5

616 2673 669 2706 20

617 3205 666 3249 25

613 4277 662 4322 35

741 442 837 508 ¹50
1367 423 1629 477 Potestas
1669 422 2049 478 ecclesiastica
2088 437 2144 479 et
2181 423 2483 496 imperium
2524 425 2699 481 civile.

733 607 957 682 nimuS,
990 621 1057 667 ut
1089 606 1327 668 domno
1359 604 1697 685 apostolico
1729 605 1795 666 in
1826 605 2122 668 omnibus
2154 606 2268 689 ipsi
2287 607 2510 669 iustam
2533 610 2860 670 observent
2879 609 3326 671 oboedientiam

731 734 839 775 seu
886 712 1149 774 ducibus
1192 732 1263 774 ac
1306 710 1612 774 iudicibus
1655 712 1782 774 suis
1822 713 1898 774 ad
1932 712 2219 775 iustitiam
2256 712 2618 777 faciendam.
2680 715 2750 777 In
2780 716 2903 778 hoc
2934 716 3200 799 capitulo
3231 716 3326 778 fiat

730 835 1291 882 commemoratum
1322 820 1399 881 de
1431 818 1630 881 viduis
1664 835 1722 880 et
1753 818 1985 881 orfanis
2016 820 2355 896 Theodori,
2388 821 2675 884 Floronis
2708 839 2766 884 et
2799 822 3013 904 Sergii.

948 946 1004 989 2.
1069 926 1154 990 Ut
1203 926 1709 1009 depraedationes
1762 945 1924 1007 quae
1974 927 2270 990 hactenus
2320 928 2451 990 fieri
2500 928 2779 992 solebant
2823 930 3228 1011 prohibemus
3259 947 3330 990 ne

729 1033 897 1105 fiant,
942 1052 1151 1114 neque
1196 1032 1435 1095 vivente
1481 1032 1792 1115 pontifice,
1845 1053 2050 1116 neque
2095 1033 2421 1110 defuncto;
2477 1035 2528 1098 si
2574 1036 2715 1118 quis
2748 1056 2894 1099 vero
2931 1037 3188 1100 ulterius
3219 1038 3332 1097 boc

729 1140 956 1222 fecerit,
1007 1142 1155 1205 sciat
1203 1163 1268 1204 se
1316 1142 1494 1221 legali
1543 1143 1845 1204 sententia
1897 1163 2029 1205 esse
2075 1144 2646 1207 condemnandum.
2710 1145 2890 1221 Quae
2936 1159 3146 1206 autem
3177 1159 3330 1205 retro

729 1265 895 1311 actae
956 1265 1122 1327 sunt,
1185 1250 1380 1331 placet
1440 1247 1620 1311 nobis
1683 1265 1749 1310 ut
1810 1269 1919 1332 per
1980 1250 2454 1334 dispositionem
2518 1266 2792 1313 nostram
2855 1251 3007 1313 fiant
3069 1252 3331 1333 legaliter

728 1357 1100 1419 emendatae.

947 1483 1002 1543 3.
1033 1459 1343 1525 Volumus
1376 1479 1442 1524 ut
1473 1463 1536 1524 in
1569 1464 1872 1526 electione
1903 1463 2211 1547 pontificis
2243 1465 2455 1528 nullus
2489 1481 2842 1547 praesumat
2871 1465 3102 1544 venire,
3136 1484 3328 1544 neque

728 1569 898 1645 liber,
933 1589 1136 1651 neque
1171 1590 1401 1648 servus,
1436 1571 1544 1651 qui
1575 1570 1833 1653 aliquod
1865 1571 2385 1653 impedimentum
2419 1572 2594 1634 faciat
2624 1573 2745 1634 illis
2775 1571 3178 1634 solummodo
3207 1573 3327 1633 Ro-

728 1676 949 1754 mania,
997 1676 1227 1757 quibus
1269 1675 1606 1757 antiquitus
1639 1677 1751 1738 fuit
1782 1678 2172 1740 consuetudo
2205 1697 2491 1740 concessa
2522 1697 2630 1760 per
2660 1678 3167 1740 constitutionem
3198 1697 3328 1740 san-

729 1798 974 1844 ctorum
1019 1798 1264 1864 patrum
1311 1782 1577 1863 eligendi
1622 1783 1997 1866 pontificem.
2062 1785 2257 1861 Quod
2306 1784 2355 1845 si
2391 1785 2531 1866 quis
2563 1801 2773 1848 contra
2805 1786 2966 1847 hanc
2998 1784 3331 1848 iussionem

729 1907 1001 1953 nostram
1033 1891 1227 1954 facere
1260 1893 1756 1975 praesumpserit,
1791 1892 1974 1955 exilio
2004 1893 2298 1955 tradatur.

942 2019 1003 2078 4.
1070 2000 1379 2062 Volumus
1424 2015 1491 2061 ut
1535 1999 1704 2062 missi
1735 2000 2184 2061 constituantur
2218 1999 2295 2060 de
2329 2014 2494 2081 parte
2529 1999 2748 2062 domni
2781 1999 3103 2083 apostolici
3132 2017 3191 2062 et
3220 2020 3329 2062 no-

730 2120 871 2184 stra,
905 2106 1013 2187 qui
1044 2107 1363 2169 annuatim
1395 2106 1576 2170 nobis
1606 2107 1956 2169 renuntiare
1984 2107 2247 2185 valeant,
2283 2107 2545 2188 qualiter
2572 2106 2803 2186 singuli
2821 2107 3010 2169 duces
3030 2122 3090 2169 et
3109 2106 3334 2168 iudices

727 2211 1016 2274 iustitiam
1069 2213 1292 2276 faciant
1343 2214 1581 2296 populo
1630 2229 1690 2275 et
1739 2214 2064 2295 quomodo
2116 2229 2390 2276 nostram
2440 2213 2947 2276 constitutionem
2996 2216 3330 2275 observent.

728 2319 858 2395 Qui
892 2320 1081 2399 missi,
1125 2322 1532 2400 decernimus,
1580 2336 1647 2382 ut
1679 2321 1949 2402 primum
1984 2335 2241 2382 cunctos
2273 2319 2572 2382 clamores
2605 2319 2714 2401 qui
2747 2338 2854 2400 per
2885 2318 3331 2399 neglegentiam

724 2428 957 2489 ducum
992 2442 1098 2488 aut
1128 2427 1407 2490 iudicum
1440 2427 1662 2490 fuerint
1693 2426 1925 2489 inventi
1956 2428 2034 2489 ad
2066 2425 2348 2488 notitiam
2380 2426 2602 2488 domni
2634 2424 2954 2507 apostolici
2988 2424 3258 2487 deferant
3277 2440 3334 2486 et

724 2533 854 2616 ipse
886 2553 1085 2595 unum
1118 2553 1153 2595 e
1183 2535 1434 2597 duobus
1466 2534 1677 2617 eligat:
1711 2549 1819 2596 aut
1849 2533 2056 2595 statim
2086 2552 2198 2616 per
2229 2534 2480 2595 eosdem
2517 2533 2737 2595 missos
2768 2532 2916 2594 fiant
2946 2531 3112 2614 ipsae
3133 2551 3332 2595 neces-

723 2640 925 2702 sitates
955 2642 1333 2721 emendatae,
1367 2658 1472 2703 aut
1503 2641 1553 2702 si
1585 2660 1734 2719 non,
1766 2660 1876 2723 per
1910 2654 2197 2702 nostrum
2230 2641 2491 2702 missurn
2527 2639 2632 2702 fiat
2663 2640 2843 2702 nobis
2875 2654 3119 2717 notum,
3144 2653 3211 2701 ut
3229 2658 3333 2721 per

724 2765 968 2811 nostros
1001 2748 1223 2810 missos
1255 2772 1289 2811 a
1323 2749 1502 2811 nobis
1534 2749 1797 2811 directos
1829 2748 2059 2811 iterum
2092 2749 2517 2811 emendentur.

945 2874 998 2934 5.
1036 2855 1344 2918 Volumus
1377 2873 1444 2919 ut
1474 2872 1732 2918 cunctus
1764 2856 2036 2938 populus
2058 2855 2385 2917 Romanus
2417 2855 2848 2935 interrogetur,
2883 2872 3008 2936 qua
3039 2854 3174 2934 lege
3205 2853 3333 2913 vult

724 2962 941 3039 vivere,
975 2978 1041 3023 ut
1071 2963 1174 3024 tali
1205 2983 1327 3044 qua
1359 2983 1424 3025 se
1458 2962 1714 3045 professi
1748 2962 1974 3024 fuerint
1994 2962 2194 3024 vivere
2215 2962 2371 3023 velle
2391 2962 2622 3033 vivant;
2658 2962 2903 3043 illisque
2922 2960 3333 3033 denuntietur,

722 3069 894 3149 quod
946 3070 1064 3131 hoc
1115 3071 1545 3152 unusquisque
1587 3071 1750 3149 sciat,
1793 3085 1924 3132 tam
1971 3070 2162 3131 duces
2209 3088 2402 3151 quam
2436 3086 2494 3131 et
2523 3070 2758 3132 iudices
2790 3070 2885 3131 vel
2918 3069 3193 3150 reliquus
3223 3087 3336 3150 po·—

724 3177 927 3258 pulus,
977 3179 1151 3259 quod
1201 3178 1251 3239 si
1300 3178 1365 3240 in
1416 3177 1759 3239 offensione
1807 3196 1917 3238 sua
1966 3191 2246 3239 contram
2292 3176 2553 3238 eandem
2600 3177 2802 3258 legem
2835 3176 3106 3252 fecerint,
3139 3175 3333 3237 eidem

721 3284 841 3363 legi
882 3304 1074 3365 quam
1107 3284 1470 3368 profitentur
1510 3306 1617 3368 per
1649 3284 2123 3368 dispositionem
2163 3282 2471 3366 pontificis
2505 3305 2573 3346 ac
2606 3296 2882 3346 nostram
2913 3283 3330 3347 subiacebunt.

937 3393 996 3453 6.
1063 3393 1155 3453 De
1199 3395 1383 3454 rebus
1429 3392 1824 3455 ecclesiarum
1861 3390 2088 3452 iniuste
2124 3390 2347 3452 invasis
2378 3393 2494 3451 sub
2531 3391 2856 3453 occasione
2888 3391 3065 3473 quasi
3098 3389 3331 3452 licentia

721 3514 963 3580 accepta
1009 3520 1043 3560 a
1087 3497 1393 3581 pontifice,
1438 3514 1495 3560 et
1536 3499 1613 3560 de
1646 3498 1740 3560 his
1771 3516 1933 3579 quae
1966 3496 2241 3560 necdum
2274 3495 2543 3557 redditae
2577 3512 2723 3558 sunt
2757 3513 2817 3558 et
2846 3513 3056 3559 tamen
3094 3498 3334 3559 fuerunt

720 3604 943 3667 iniuste
987 3627 1020 3667 a
1066 3620 1361 3687 potestate
1407 3604 1770 3689 pontificum
1815 3605 2087 3681 invasae,
2136 3603 2430 3663 volumus
2466 3619 2533 3664 ut
2565 3622 2671 3685 per
2708 3604 2933 3666 missos
2963 3620 3210 3665 nostros
3241 3603 3334 3664 fiat

721 3712 1144 3774 emendatum.

935 3839 992 3885 7.
1070 3818 1478 3880 prohibemus
1529 3835 1595 3880 ut
1645 3794 2158 3901 depraedationes
2209 3818 2371 3880 inter
2421 3817 2689 3879 confinia
2746 3833 2954 3879 nostra
3006 3818 3164 3879 ultra
3212 3836 3333 3879 non

721 3924 887 4004 fiant,
930 3940 989 3985 et
1020 3945 1181 4005 quae
1213 3925 1400 3987 factae
1432 3941 1595 4005 sunt,
1630 3926 1979 3988 secundum
2022 3925 2225 4006 legem
2257 3926 2333 3987 de
2366 3925 2644 4006 utrisque
2677 3923 2949 4007 partibus
2981 3925 3332 3988 ordinemus

719 4048 787 4094 ut
818 4032 1244 4094 emendentur.
1275 4032 1566 4095 Similiter
1597 4033 1909 4111 volumus,
1942 4050 2010 4094 ut
2046 4048 2279 4095 ceterae
2314 4032 2641 4095 iniustitiae
2676 4032 2751 4093 de
2771 4030 3048 4111 utrisque
3071 4031 3333 4112 partibus

718 4138 868 4201 fiant
898 4140 1276 4201 emendatae.

936 4248 996 4309 8.
1062 4247 1291 4309 Placuit
1327 4247 1522 4326 nobis,
1568 4263 1634 4308 ut
1672 4248 1878 4310 cuncti
1911 4247 2160 4325 iudices,
2192 4247 2320 4307 sive
2356 4245 2419 4307 hi
2455 4245 2563 4326 qui
2597 4244 2663 4306 in
2699 4244 2931 4306 cunctis
2964 4263 3205 4325 praesse
3234 4243 3334 4304 de-

717 4357 884 4433 bent,
936 4373 1044 4436 per
1091 4374 1254 4436 quos
1302 4353 1590 4415 iudicaria
1636 4370 1911 4437 potestas
1958 4354 2023 4415 in
2071 4356 2184 4415 hac
2229 4356 2381 4414 urbe
2416 4352 2618 4414 Roma
2665 4349 2763 4430 agi
2797 4351 3039 4428 debent,
3074 4350 3139 4412 in
3170 4368 3331 4431 prae-

714 4463 908 4525 sentia
944 4478 1149 4524 nostra
1180 4461 1454 4532 veniant;
1488 4462 1768 4524 volentes
1801 4481 2140 4525 numerum
2186 4478 2244 4524 et
2277 4460 2530 4523 nomina
2566 4479 2791 4522 eorum
2811 4460 2963 4521 scire
2985 4476 3045 4521 et
3065 4460 3333 4541 singulos

715 4572 792 4634 de
824 4570 1166 4632 ministerio
1199 4568 1310 4630 sibi
1342 4565 1571 4630 credito
1604 4569 2116 4631 admonitionem
2150 4569 2365 4631 facere.

939 4700 996 4759 9.
1059 4677 1403 4739 Novissime
1436 4678 1861 4756 admoneatur,
1909 4693 1976 4738 ut
2009 4679 2216 4739 omnis
2251 4678 2469 4755 hom0,
2509 4677 2673 4738 sicut
2704 4675 2960 4756 gratiam
2992 4676 3109 4737 Dei
3142 4691 3198 4736 et
3228 4693 3334 4735 no-

610 4811 665 4852 ⁴0
712 4803 902 4848 stram
947 4787 1172 4847 habere
1220 4785 1541 4863 desiderat,
1591 4784 1671 4846 ita
1719 4800 1980 4866 praestet
2030 4784 2095 4845 in
2130 4786 2427 4846 omnibus
2461 4782 2922 4846 oboedientiam
2954 4797 3141 4863 atque
3174 4800 3334 4842 reve-

716 4894 975 4955 rentiam
1010 4892 1153 4953 huic
1202 4891 1491 4973 pontifici.
