3684 5416
553 1011 575 1055 5

526 1545 574 1577 10

526 2081 569 2125 ¹5

523 2616 576 2649 20

520 3153 570 3197 ²5

518 3687 570 3731 30

514 4220 565 4264 35

512 4754 568 4794 ⁴0

648 390 742 441 ¹70
1272 373 1536 428 Potestas
1575 371 1952 429 ecclesiastica
1993 382 2050 425 et
2085 370 2389 442 imperium
2428 371 2605 426 civile.

637 556 720 616 sic
755 555 928 617 firma
961 555 1213 631 ratione,
1246 555 1294 616 si
1327 556 1715 638 tyrannidem
1740 575 2018 618 exercere
2040 556 2373 637 eruperint,
2396 559 2629 637 absque
2649 556 2823 618 omni
2844 556 2988 618 fidei
3008 557 3243 619 lesione

637 662 732 723 vel
765 662 997 744 pietatis
1028 662 1253 724 iactura
1289 662 1457 725 nulla
1490 663 1747 724 fidelitas
1780 679 1870 724 est
1901 663 1996 723 vel
2028 663 2364 724 reverentia
2398 663 2831 745 impendenda.
2866 665 2940 726 In
2975 667 3243 725 maximo

637 773 797 830 enim
830 771 1110 852 imperio,
1142 769 1224 829 ait
1254 770 1622 852 hystoricuS,
1659 773 1913 832 minima
1947 775 2039 830 est
2067 769 2338 834 licentia.
2390 769 2573 833 Unde
2609 771 2996 850 Augustinus
3029 788 3237 833 contra

638 876 981 938 Novatum:
1016 873 1224 950 Forte,
1256 875 1498 957 inquid,
1529 880 1669 958 regi
1697 879 1939 958 ignosci
1966 880 2255 958 oportuit,
2284 876 2623 938 humilibus
2640 884 2839 939 autem
2861 881 3104 959 ignosci
3117 899 3236 940 non

635 983 857 1044 debet?
918 983 1079 1045 Cum
1111 987 1312 1064 magis
1336 984 1786 1066 potentioribus
1819 985 2151 1064 difficilius
2185 986 2619 1064 ignoscendum
2651 986 2945 1047 videatur.
3025 985 3241 1046 ‹Deus

632 1093 791 1150 enim
809 1099 1116 1172 personas
1147 1091 1413 1152 hominis
1443 1112 1564 1152 non
1595 1093 1885 1172 accipit».
1954 1090 2110 1170 [Gal.
2145 1111 2201 1168 2,
2235 1089 2313 1171 6.]
2396 1092 2647 1171 Quanto
2680 1093 2839 1153 enim
2872 1094 3012 1173 quis
3040 1092 3236 1153 subli-

631 1199 789 1257 mior
835 1203 946 1270 est,
992 1204 1161 1258 tanto
1193 1201 1392 1279 magis
1425 1198 1571 1258 licet
1599 1198 1725 1259 leve
1741 1205 2066 1279 peccatum
2100 1201 2232 1259 eius
2253 1220 2448 1280 grave
2479 1205 2571 1260 est
2599 1201 2849 1259 crimen.
2913 1200 3091 1260 Sicut
3119 1197 3235 1258 hu-

631 1304 867 1365 militas
914 1307 978 1365 in
1014 1311 1266 1386 potente
1308 1304 1592 1366 sublimis
1636 1312 1696 1365 et
1737 1306 2077 1385 magnifica
2110 1312 2220 1378 est,
2252 1307 2340 1366 ita
2372 1312 2433 1365 et
2460 1305 2640 1387 culpa
2672 1307 2803 1366 eius
2827 1313 2943 1383 pro
2977 1307 3233 1365 crimine

629 1409 977 1471 adhibenda
1026 1417 1131 1471 est.
1194 1410 1483 1492 Exceptis
1528 1413 1688 1471 enim
1722 1415 2026 1492 peccatis,
2072 1411 2352 1472 omnibus
2398 1433 2510 1492 quc
2554 1417 2795 1472 constat
2823 1430 2952 1471 csse
2983 1410 3231 1484 illicita,

630 1537 748 1578 non
784 1520 990 1578 omnia
1022 1519 1211 1579 licent
1223 1518 1603 1599 potentibus,
1649 1539 1763 1598 que
1792 1525 1940 1579 sunt
1968 1538 2254 1579 concessa
2285 1517 2641 1579 humilibus.
2705 1517 3040 1598 Dtgmitoso
3072 1519 3227 1578 enim

629 1624 869 1685 homini
897 1627 1210 1705 negotiari
1240 1627 1507 1704 difforme
1539 1632 1652 1699 est,
1685 1631 1746 1686 et
1760 1628 2058 1708 popinam
2094 1627 2344 1706 ingredi
2371 1625 2642 1686 notabile
2673 1633 2767 1685 est
2780 1650 2814 1701 ,·
2848 1625 3233 1687 senatoribus

629 1753 861 1814 quoque
889 1735 1084 1811 senus
1137 1735 1396 1812 infamia
1446 1740 1552 1795 est.
1621 1734 1670 1794 S
1672 1736 1701 1793 i
1745 1755 1893 1815 ergo
1944 1737 2007 1794 in
2060 1733 2159 1795 his
2209 1733 2441 1795 levibus
2491 1736 2728 1794 inventi
2772 1734 3029 1795 notandi
3069 1738 3231 1804 sunt,

630 1846 853 1920 quanto
901 1842 1102 1919 magis
1148 1843 1245 1900 rei
1285 1842 1702 1902 constituendi
1741 1848 1907 1916 sunt,
1950 1844 2013 1902 si
2039 1841 2488 1923 peccaverint?
2548 1839 2712 1915 Quia
2745 1839 2928 1919 igitur
2958 1837 3233 1901 sublimis

629 1945 996 2025 cuiusquam
1027 1946 1168 2007 licet
1199 1946 1333 2007 leve
1366 1965 1704 2028 peccatum,
1751 1962 1816 2008 ut
1850 1947 1932 2007 ait
1965 1947 2371 2026 Augustinus,
2406 1966 2589 2027 grave
2623 1947 2856 2007 crimen
2892 1961 3000 2024 est,
3032 1945 3229 2025 aliqua

629 2053 832 2114 adhuc
865 2054 942 2114 de
975 2053 1158 2115 vestri
1178 2053 1453 2115 Heinrici
1486 2055 1722 2117 actibus
1754 2054 2158 2135 proferamus,
2194 2069 2261 2115 ut
2293 2053 2585 2116 omnibus
2616 2052 2838 2113 intueri
2870 2051 3239 2127 volentibus,

629 2179 820 2240 quam
852 2161 1008 2222 iuste
1041 2161 1116 2221 sit
1145 2161 1481 2242 deposituS,
1528 2179 1715 2242 quam
1752 2160 1973 2223 merito
2011 2161 2085 2221 sit
2117 2161 2527 2239 detestandus,
2561 2160 3082 2221 demonstremus⁸
3148 2158 3228 2220 Ut

629 2285 778 2349 ergo
828 2267 1121 2330 adulteria
1172 2253 1501 2329 innumera
1552 2284 1883 2344 taceamuS,
1935 2267 2304 2348 multiplices
2367 2267 2659 2344 incestuS,
2725 2285 2924 2328 sacras
2972 2263 3231 2344 virgines

630 2374 892 2452 viciataS,
943 2392 1274 2437 numerosa
1327 2375 1717 2436 incensarum
1768 2374 2080 2452 sacrilegia
2132 2374 2542 2452 ecclesiarum,
2595 2373 2939 2435 multorum
2993 2372 3228 2433 milium

631 2482 967 2543 hominum
1013 2499 1230 2543 necem
1277 2481 1689 2557 innocentem,
1735 2501 1924 2564 super
1983 2483 2211 2562 quibus
2261 2497 2319 2544 et
2362 2481 2606 2543 divinae
2650 2497 2712 2542 et
2743 2482 3053 2542 humanae
3084 2477 3231 2559 quid

632 2589 928 2650 sanctiam
972 2588 1154 2669 leges,
1201 2588 1434 2650 nemini
1477 2588 1762 2668 ignotum
1810 2604 1918 2667 est,
1969 2589 2181 2650 sileam
2214 2605 2273 2650 et
2302 2589 2454 2650 illud
2490 2588 3005 2650 nefandissimum
3035 2604 3237 2665 genus

631 2697 877 2779 peccati,
922 2695 1095 2778 quod
1141 2716 1396 2758 omnem
1428 2697 1776 2759 humanum
1809 2697 1906 2759 vel
1936 2696 2291 2780 simpliciter
2320 2713 2639 2779 acceptum
2672 2716 2777 2779 pre
2809 2693 2904 2757 sui
2935 2691 3229 2776 spurcicia

632 2804 852 2885 polluit
901 2804 1202 2881 auditum,
1254 2818 1340 2881 ut,
1393 2804 1670 2883 inquam,
1722 2806 1872 2865 haec
1922 2805 2131 2867 omnia
2177 2820 2505 2883 transeam,
2549 2805 2624 2866 de
2669 2802 2799 2865 sola
2831 2800 3227 2864 sodomiticae

630 2911 998 2973 colluvionis
1028 2911 1438 2981 immunditia,
1470 2930 1591 2991 qua
1625 2910 1744 2972 iam
1779 2911 1987 2993 plures
2019 2911 2340 2990 fedaverat,
2371 2913 2524 2973 sacri
2556 2911 2706 2993 quid
2740 2924 3027 2972 censeant
3046 2925 3227 2968 cano-

627 3037 755 3095 nes,
801 3018 1044 3079 divinae
1090 3017 1240 3099 quid
1287 3017 1558 3078 iudicent
1589 3019 1994 3091 auctoritates,
2028 3020 2431 3101 proferamus
2493 3020 2929 3099 Anquiranum
2960 3032 3228 3095 namque

628 3125 960 3187 concilium
1016 3142 1155 3186 ante
1187 3126 1497 3187 Nicenum
1547 3126 1942 3204 celebratum,
1995 3128 2101 3188 sed
2154 3127 2559 3208 postmodum
2611 3145 2719 3207 per
2768 3124 3224 3186 Calcedonense

628 3233 1006 3310 roboratum,
1057 3252 1253 3313 usque
1298 3232 1360 3294 in
1408 3232 1597 3294 finem
1643 3232 1831 3294 seculi
1878 3232 2035 3295 inter
2082 3234 2410 3296 catholicas
2442 3234 2683 3313 regulas
2716 3232 3098 3313 deputatum,
3132 3249 3227 3289 ca-

628 3338 749 3419 pite
782 3340 939 3401 XVI.
974 3359 1158 3421 super
1191 3339 1552 3401 huiusmodi
1587 3340 1842 3422 precipit
1874 3341 2113 3402 dicens:
2149 3340 2272 3402 Eos
2303 3343 2415 3422 qui
2429 3339 2950 3402 irrationabiliter
2966 3338 3238 3397 vixerint

627 3453 686 3507 et
715 3446 886 3529 lepra
932 3450 1159 3509 iniusti
1197 3450 1483 3509 criminis
1515 3448 1675 3509 alios
1690 3450 2064 3530 polluerint,
2083 3452 2370 3531 precepit
2399 3455 2613 3510 sancta
2642 3446 2904 3527 synodus
2938 3446 3099 3504 inter
3130 3460 3227 3502 eos

626 3575 828 3629 orare,
873 3559 984 3637 qui
1021 3558 1249 3637 spiritu
1279 3556 1724 3636 periclitantur
1757 3557 2085 3617 immundo.
2151 3557 2316 3618 Cum
2350 3575 2496 3636 ergo
2531 3555 2856 3616 Heinricus
2887 3567 3084 3613 vester
3114 3549 3231 3609 hac

623 3660 1035 3739 immunditia,
1071 3678 1137 3723 ut
1169 3662 1303 3743 ipsi,
1351 3662 1458 3743 qui
1490 3662 1651 3724 hanc
1684 3667 1988 3744 pertulere
2022 3663 2326 3740 iniuriam,
2359 3663 2634 3743 undique
2669 3661 3008 3742 deplorant,
3040 3673 3226 3737 quam

625 3768 833 3847 plures
882 3769 1272 3849 defectaverit,
1325 3770 1432 3850 qui
1481 3770 1771 3832 convenit
1814 3790 2003 3851 super
2048 3769 2408 3832 christianos
2453 3769 2628 3831 illum
2669 3786 2940 3847 regnare,
2975 3764 3083 3846 qui
3114 3781 3235 3824 nec

624 3876 779 3937 inter
811 3896 917 3937 eos
950 3876 1059 3956 qui
1093 3876 1321 3937 Christi
1356 3892 1496 3937 sunt
1531 3876 1904 3957 permittitur
1936 3877 2058 3938 ulla
2092 3876 2324 3938 ratione
2356 3881 2570 3939 orare?
2621 3874 2968 3951 Quomodo
3000 3869 3224 3934 Christi

628 3982 941 4044 ecclesiam
989 3983 1349 4044 moderatur
1393 3998 1451 4043 et
1496 3982 1666 4063 regit,
1713 4002 1902 4064 quem
1950 4004 2094 4045 cum
2125 3984 2456 4066 arrepticiis
2486 3984 2849 4065 deputatum
2878 3979 3094 4041 eadem
3127 3993 3226 4037 ec.-

623 4088 804 4149 clesia
836 4089 1080 4149 furiosis
1114 4103 1170 4149 et
1200 4107 1387 4150 sensu
1421 4089 1611 4169 captis
1641 4089 1993 4151 associavit?
2025 4090 2340 4151 Videtisne
2375 4088 2598 4167 miseri,
2621 4088 2915 4149 videtisne
2938 4084 3221 4160 infelices,

623 4196 797 4256 inmo
861 4194 1291 4257 infelicissimis
1353 4195 1726 4273 infelitioreS,
1791 4214 2096 4277 quantum
2146 4218 2258 4259 vos
2307 4196 2421 4277 ipsi
2473 4194 2868 4271 confunditis,
2921 4206 3223 4273 quantum

624 4302 1047 4384 desplicabiles
1079 4302 1529 4381 demonstratis,
1572 4321 1877 4384 quantum
1912 4305 2340 4366 abhorrendos
2373 4319 2431 4365 et
2463 4302 2855 4365 detestandos
2887 4300 3221 4382 proclama-

620 4409 714 4486 tiS,
747 4408 853 4488 qui
887 4427 1094 4487 regem
1128 4428 1312 4490 super
1345 4429 1454 4470 vos
1485 4411 1697 4492 spiritu
1731 4411 2038 4473 inmundo
2071 4412 2321 4493 arreptis
2353 4411 2653 4472 sociatum
2684 4426 2936 4488 regnare
2957 4405 3235 4467 certatis?-

623 4515 816 4592 Quod
850 4534 1057 4576 revera
1092 4535 1488 4597 nequaquam
1524 4517 1814 4598 faceretis,
1850 4520 1965 4581 nisi
1997 4519 2208 4601 spiritu
2245 4518 2551 4580 inmundo
2570 4532 2628 4578 et
2650 4515 2765 4597 ipsi
2787 4513 3014 4596 repleti,
3034 4510 3217 4592 digni,

622 4622 754 4683 talis
801 4623 1026 4703 quibus
1073 4623 1447 4701 dominetur,
1496 4624 1838 4686 existeretiS.
1903 4626 2128 4687 Nullus
2162 4642 2320 4686 certe
2352 4624 2516 4687 canis
2548 4622 2662 4686 nisi
2695 4622 2957 4684 feminae
2989 4620 3219 4699 suige-

622 4731 780 4791 neris
812 4729 1115 4791 miscetur.
1151 4736 1230 4792 At
1260 4750 1428 4807 ver0,
1464 4731 1511 4792 si
1545 4732 1875 4812 quisquam
1909 4753 2122 4795 canem
2157 4751 2341 4793 suum
2372 4750 2517 4793 cum
2548 4730 2669 4792 alio
2701 4743 2908 4791 contra
2943 4743 3231 4789 naturam

622 4836 784 4897 coire
816 4837 1212 4917 conspiceret,
1247 4856 1642 4918 nequaquam
1677 4840 1832 4899 ultra
1865 4839 2067 4901 vivere
2103 4838 2486 4920 permitteret.
2524 4837 2685 4899 Infra
2719 4856 2900 4898 canes
2932 4853 3080 4916 ergo
3112 4852 3219 4894 vos

622 4962 752 5005 esse
801 4944 1136 5022 ostenditiS,
1188 4944 1295 5024 qui
1347 4963 1493 5005 eum
1543 4945 1652 5025 qui
1703 4945 1957 5006 canibus
2007 4945 2418 5008 detestabilior
2463 4960 2552 5006 est
2598 4944 2773 5005 vobis
2804 4961 3227 5025 superponere.
