3684 5416
491 1539 539 1570 to

489 2071 536 2114 ¹5

484 2602 538 2633 20

485 3138 537 3182 25

486 3673 539 3715 30

442 4188 536 4251 '35

486 4740 541 4777 4ο

589 379 694 430 412
1609 359 1876 414 Pontifex
1917 377 2209 414 romanus.

592 542 917 603 consulem
966 562 1073 603 seu
1122 541 1201 602 ill·
1235 558 1299 603 et
1338 542 1422 602 ill·
1455 542 1617 602 viros
1664 541 2026 621 magnificos
2056 542 2342 602 tribunos
2369 539 2634 608 ,miliciae
2669 541 3062 603 confamulos
3091 560 3211 602 no·

592 665 748 710 stros
795 648 1148 724 direximus,
1211 648 1626 729 supplicantes
1686 665 1872 729 atque
1919 647 2334 709 communiter
2384 645 2830 728 impensissime
2881 665 3203 711 exorantes

591 777 622 816 a
657 757 777 817 deo
810 756 1231 817 conservande
1266 755 1685 837 precellentiae
1718 772 1950 817 vestrae
1986 772 2345 817 consuetam
2381 755 2718 816 bonitatem
2739 756 2857 837 piis
2876 756 3034 817 votis
3054 775 3211 818 con-

591 881 853 940 currere,
904 862 1047 943 quia
1080 861 1216 923 talis
1250 883 1282 922 a
1319 877 1530 922 nostro
1573 860 1873 923 famulatu
1909 861 2297 922 concorditer
2329 861 2557 922 electus
2590 877 2698 938 est,
2749 861 2813 923 in
2846 882 2975 942 quo
3007 881 3211 942 quan-

591 986 725 1031 tum
774 971 851 1031 ad
899 971 1234 1032 hominum
1265 968 1583 1028 scientiam
1616 968 1878 1048 respicit,
1911 967 2185 1048 null[i]us
2220 968 2454 1029 macula
2490 968 2988 1049 reprehensionis
3020 988 3197 1050 appa-

592 1078 763 1138 rebit.
829 1095 887 1138 et
922 1077 1062 1139 ideo
1094 1078 1511 1159 supplicantes
1545 1097 1894 1157 quesumus
1928 1092 2013 1155 ut,
2050 1077 2383 1158 inspirante
2417 1077 2553 1154 de0,
2586 1075 2741 1138 celse
2774 1078 2907 1137 eius
2926 1076 3211 1137 domina-

593 1185 781 1245 tionis
832 1204 949 1245 nos
1002 1185 1269 1247 famulos
1324 1185 1447 1246 voti
1499 1200 1822 1266 compotes
1874 1185 2145 1245 celeriter
2192 1184 2320 1244 fieri
2371 1183 2677 1265 precipiat,
2715 1184 3034 1265 presertim
3067 1202 3210 1245 cum

593 1293 766 1373 plura
814 1292 935 1354 sint
981 1292 1242 1373 capitula
1289 1307 1348 1352 et
1393 1291 1505 1352 alia
1540 1312 1611 1352 ex
1643 1291 1774 1353 aliis
1807 1292 2057 1354 cottidie
2091 1308 2490 1373 procreentur
2522 1310 2679 1371 quae
2714 1310 2859 1351 cure
2890 1307 2950 1352 et
2981 1290 3209 1352 sollici·

594 1398 792 1459 tudini
840 1399 1204 1480 pontificalis
1252 1397 1471 1459 favoris
1505 1414 1824 1478 expectant
1857 1398 2221 1460 remedium.
2286 1396 2692 1479 provinciales
2739 1417 2883 1457 vero
2930 1417 3076 1460 cure
3109 1398 3205 1457 vel

594 1524 842 1586 queque
907 1522 1053 1567 sunt
1103 1506 1364 1566 subinde
1417 1525 1737 1567 causarum
1807 1507 2061 1566 utilitate
2129 1503 2388 1586 perfecte
2451 1503 2822 1565 auctoritatis
2884 1522 3211 1566 censuram

594 1628 885 1692 expetunt
933 1629 990 1672 et
1052 1628 1387 1692 expectant.
1454 1612 2007 1694 propinquantium
2074 1629 2333 1693 quoque
2386 1610 2780 1671 inimicorum
2834 1610 3208 1671 ferocitatem

595 1738 783 1798 quant
835 1719 947 1779 nisi
996 1718 1124 1780 sola
1171 1718 1268 1779 dei
1302 1719 1492 1780 virtus
1524 1735 1706 1798 atque
1739 1719 2173 1800 apostolorum
2206 1717 2500 1799 principis
2534 1736 2641 1797 per
2671 1736 2858 1779 suum
2894 1717 3207 1794 vicarium,

594 1826 715 1885 hoc
767 1842 854 1886 est
921 1826 1201 1886 Romane
1268 1825 1433 1886 urbis
1495 1825 1868 1906 pontificem,
1933 1842 2000 1886 ut
2059 1825 2355 1886 omnibus
2419 1842 2638 1885 notum
2702 1840 2813 1901 est,
2875 1823 3209 1904 aliquando

595 1930 844 1992 monitis
891 1931 1240 2012 conprimit,
1279 1931 1613 2012 aliquando
1645 1950 1791 1993 vero
1825 1948 1884 1992 et
1917 1932 2100 1993 flectit
2132 1951 2198 1992 ac
2233 1932 2577 2011 modigerat
2609 1932 2905 2007 hortatus,
2936 1930 3205 2011 singula-

594 2057 724 2100 rem
773 2038 1184 2100 interventum
1220 2039 1550 2118 indigeant,
1602 2039 1780 2099 cuius
1812 2039 2008 2099 solius
2042 2038 2497 2119 pontificalibus
2529 2039 2778 2100 monitis
2810 2039 2892 2098 ob
2926 2055 3209 2098 reveren-

593 2147 739 2207 tiam
787 2148 1216 2229 apostolorum
1268 2146 1560 2227 principis
1606 2146 1966 2227 parientiam
2016 2147 2284 2208 offerunt
2333 2147 2744 2208 voluntariam
2796 2162 2854 2207 et
2886 2166 3047 2226 quos
3080 2164 3211 2206 non

593 2254 783 2315 virtus
829 2273 1145 2315 armorum
1189 2254 1491 2328 humiliat,
1540 2253 1907 2335 pontificalis
1941 2253 2276 2335 increpatio
2311 2273 2455 2315 cum
2488 2255 2906 2315 obsecratione
2941 2252 3209 2314 inclinat.

591 2380 735 2422 cum
771 2363 920 2422 haec
955 2361 1032 2422 ita
1065 2362 1205 2438 sint,
1240 2360 1462 2422 iterum
1495 2377 1678 2441 atque
1713 2361 1934 2421 iterum
1968 2361 2327 2443 impensius,
2359 2363 2630 2442 precelse
2665 2376 2725 2422 et
2755 2381 2789 2421 a
2823 2362 2942 2421 deo
2962 2378 3212 2420 conser-

594 2485 723 2529 vate
757 2469 1031 2544 domine,
1069 2468 1493 2549 supplicamus
1529 2484 1592 2530 ut
1629 2469 1905 2538 celerius,
1942 2470 2060 2529 deo
2094 2486 2465 2551 cooperante
2499 2469 2842 2548 vestrisque
2876 2468 3209 2549 precordiis

593 2575 948 2657 inspirante,
984 2575 1383 2657 apostolicam
1416 2575 1626 2635 sedem
1661 2576 1737 2635 de
1771 2575 2033 2657 perfecta
2068 2576 2349 2637 eiusdem
2380 2575 2570 2636 nostri
2604 2575 2787 2656 patris
2821 2573 3208 2635 ordinatione

592 2683 891 2745 adornare
926 2681 1283 2765 precipiatis,
1318 2697 1530 2764 utpote
1564 2701 1671 2764 per
1702 2683 1958 2763 gratiam
1994 2682 2223 2744 Christi
2257 2682 2670 2745 ministerium
2691 2680 3024 2765 imperialis
3047 2681 3207 2744 fasti-

590 2790 672 2868 gii
723 2791 969 2852 feliciter
1014 2807 1197 2871 atque
1234 2789 1490 2851 fideliter
1522 2807 1940 2871 peragentem,
1976 2807 2285 2871 quatenus
2319 2806 2377 2851 et
2410 2810 2526 2851 nos
2559 2790 2764 2870 exigui
2796 2788 3009 2851 famuli
3043 2790 3206 2850 desi-

592 2898 834 2958 derium
880 2914 1161 2959 nostrum
1209 2898 1511 2957 maturius
1556 2897 1780 2978 expleri
1829 2913 2147 2958 cernentes
2199 2896 2586 2959 incessabiles
2632 2896 2750 2958 deo
2802 2912 2860 2957 et
2908 2896 3209 2977 imperiali

592 3004 952 3064 clementiae
984 3020 1167 3083 atque
1200 3003 1421 3064 eximie
1453 3023 1524 3064 ac
1555 3003 1673 3063 deo
1708 3003 1923 3084 placite
1956 3003 2396 3065 dominationis
2418 3020 2644 3064 vestrae
2666 3003 2999 3085 gratiarum
3021 3003 3208 3064 actio-

594 3129 703 3170 nes
749 3110 1060 3170 valeamus
1105 3110 1416 3171 exsolvere
1463 3125 1520 3170 et
1553 3129 1696 3172 cum
1731 3128 2022 3191 promoto
2055 3111 2390 3193 apostolice
2422 3110 2584 3171 sedis
2617 3108 2924 3192 pontifice,
2958 3110 3211 3191 spiritali

596 3232 808 3278 nostro
842 3232 1099 3297 pastore,
1133 3218 1306 3295 iuges
1339 3235 1549 3298 preces
1583 3216 1902 3279 effundere
1935 3237 2048 3299 pro
2083 3218 2198 3278 vita
2231 3234 2414 3299 atque
2449 3217 2873 3278 incolumitate
2895 3216 3209 3298 perfectis-

594 3344 717 3404 que
765 3322 1028 3384 victoriis
1074 3322 1723 3402 tranquillissimorum
1757 3339 1942 3404 atque
1977 3324 2624 3386 christianissimorum
2659 3324 3062 3386 dominorum
3096 3344 3211 3385 no-

593 3449 861 3492 strorum
897 3429 979 3490 ill·
1017 3446 1075 3491 et
1107 3429 1188 3490 ill·
1222 3430 1461 3510 magnis
1493 3430 1831 3491 victoribus
1864 3431 2358 3511 imperatoribus,
2396 3446 2461 3491 ut
2494 3431 2802 3510 regalibus
2836 3450 3059 3492 eorum
3091 3431 3210 3492 vir-

594 3538 826 3599 tutibus
873 3538 1217 3599 misericors
1263 3538 1415 3598 deus
1463 3538 1834 3619 multiplices
1881 3539 2176 3599 concedat
2223 3538 2502 3599 victorias
2550 3555 2607 3599 et
2653 3538 2729 3599 de
2762 3538 3210 3600 subiectionem

594 3647 880 3707 omnium
914 3645 1195 3724 gentium
1231 3645 1621 3705 christianam
1657 3645 2101 3725 rempublicam
2139 3646 2313 3706 faciat
2346 3644 2722 3726 triumphare
2758 3647 2998 3725 dequae
3030 3645 3205 3707 resti-

595 3768 719 3813 tuta
754 3752 993 3833 plenius
1015 3752 1283 3813 Romani
1316 3752 1556 3831 imperii
1591 3752 1787 3833 prisca
1820 3752 2053 3813 ditione
2086 3752 2337 3814 letitiam
2373 3753 2577 3814 cordis
2613 3752 2932 3833 impertiat.
2973 3752 3206 3814 scimus

594 3861 764 3922 enim
811 3861 981 3940 quod
1033 3859 1228 3920 oratio
1262 3859 1394 3920 eius
1427 3878 1615 3939 quem
1649 3860 1724 3920 ad
1761 3858 2125 3940 pontificalis
2158 3859 2467 3939 dignitatis
2500 3858 2596 3919 dei
2631 3874 2788 3920 nutu
2824 3859 3070 3920 culmen
3104 3860 3209 3920 eli—

592 3968 817 4047 gimus,
872 3967 1146 4028 divinam
1212 3966 1732 4048 omnipotentiam
1785 3967 1984 4027 flectat
2033 3966 2160 4029 suis
2225 3967 2507 4047 precibus
2578 3982 2763 4046 atque
2816 3966 3210 4046 complaceat,

595 4091 874 4156 exoptate
910 4072 1207 4134 felicitatis
1240 4072 1614 4134 incrementa
1639 4074 1930 4134 Romano
1965 4073 2226 4153 imperio
2247 4073 2587 4155 preparavit
2610 4088 2996 4153 vestramque
3029 4094 3063 4134 a
3094 4074 3212 4134 deo

594 4181 1063 4243 custodiendam
1097 4195 1461 4261 potestatem
1493 4180 1568 4240 ad
1604 4179 2132 4261 dispensationem
2168 4180 2356 4241 huius
2389 4179 2620 4241 servilis
2644 4179 2843 4240 ltaliae
2866 4180 3213 4260 provinciae

597 4303 1082 4367 nostrorumque
1117 4286 1407 4348 omnium
1441 4286 1821 4348 famulorum
1857 4288 2195 4369 presidium
2219 4305 2275 4348 et
2297 4290 2671 4349 subventum
2706 4286 2984 4366 longevis
3016 4306 3212 4348 anno-

595 4413 733 4454 rum
785 4392 1096 4454 mentibus
1130 4394 1527 4454 conservabit.
1560 4428 1647 4438 —
1680 4395 2072 4475 Subscriptio
2105 4396 2505 4456 sac-ardonem.
2553 4396 2686 4474 Ego
2718 4394 2799 4455 ill·
2836 4394 3089 4455 humilis
3118 4412 3214 4454 ar-

596 4500 996 4581 chipresbiter
1027 4515 1269 4561 sanctae
1304 4502 1589 4562 Romane
1622 4502 1912 4563 ecclesiae
1946 4503 2091 4563 huic
2125 4502 2370 4563 decreto
2403 4524 2435 4563 a
2469 4502 2648 4564 nobis
2682 4500 2842 4562 facto
2876 4501 2937 4562 in
2972 4501 3215 4562 ill‘san-

595 4606 866 4667 ctissimo
898 4606 1331 4669 archidiacono
1365 4624 1421 4669 et
1454 4609 1648 4669 electo
1684 4626 1898 4671 nostro
1930 4610 2325 4671 consentiens
2372 4609 2724 4691 subscripsi.
2795 4643 2864 4652 —
2938 4608 3021 4670 Et
3061 4608 3213 4670 Sob-

594 4717 854 4796 scrtptio
887 4714 1198 4776 laicorum.
1253 4716 1388 4795 Ego
1423 4716 1503 4778 ill·
1542 4717 1603 4778 in
1637 4716 1736 4777 dei
1769 4717 2023 4778 nomine
2058 4718 2281 4779 consul
2314 4717 2457 4778 huic
2492 4717 2737 4778 decreto
2770 4738 2803 4778 a
2839 4718 3019 4779 nobis
3053 4716 3213 4807 facto

596 4823 660 4883 in
691 4821 769 4883 ill*
804 4822 1192 4885 sanctissimo
1224 4823 1660 4885 archidiacono
1694 4840 1752 4884 et
1785 4825 1981 4885 electo
2015 4842 2224 4886 nostro
2257 4824 2650 4886 consentiens
2682 4824 3030 4907 subscripsi.
3070 4822 3129 4903 [1.
3166 4844 3215 4885 c.

597 4949 733 5009 1³³8·
772 4928 1073 5009 50-54-l
