<?xml version="1.0" encoding="UTF-8"?>
<!DOCTYPE html PUBLIC "-//W3C//DTD XHTML 1.0 Transitional//EN"
    "http://www.w3.org/TR/xhtml1/DTD/xhtml1-transitional.dtd">
<html xmlns="http://www.w3.org/1999/xhtml" xml:lang="en" lang="en">
 <head>
  <title>
</title>
<meta http-equiv="Content-Type" content="text/html;charset=utf-8" />
  <meta name='ocr-system' content='tesseract 3.04.00' />
  <meta name='ocr-capabilities' content='ocr_page ocr_carea ocr_par ocr_line ocrx_word'/>
</head>
<body>
  <div class='ocr_page' id='page_1' title='image "./fontesiuriscano00unkngoog/fontesiuriscano00unkngoog_0168.png"; bbox 0 0 3684 5416; ppageno 0'>
   <div class='ocr_carea' id='block_1_1' title="bbox 546 1543 595 1576">
    <p class='ocr_par' dir='ltr' id='par_1_1' title="bbox 546 1543 595 1576">
     <span class='ocr_line' id='line_1_1' title="bbox 546 1543 595 1576; baseline -0.02 0"><span class='ocrx_word' id='word_1_1' title='bbox 546 1543 595 1576; x_wconf 82' lang='lat' dir='ltr'>to</span> 
     </span>
    </p>
   </div>
   <div class='ocr_carea' id='block_1_2' title="bbox 546 2078 591 2122">
    <p class='ocr_par' dir='ltr' id='par_1_2' title="bbox 546 2078 591 2122">
     <span class='ocr_line' id='line_1_2' title="bbox 546 2078 591 2122; baseline 0 0"><span class='ocrx_word' id='word_1_2' title='bbox 546 2078 591 2122; x_wconf 80' lang='lat'>¹5</span> 
     </span>
    </p>
   </div>
   <div class='ocr_carea' id='block_1_3' title="bbox 542 2618 596 2651">
    <p class='ocr_par' dir='ltr' id='par_1_3' title="bbox 542 2618 596 2651">
     <span class='ocr_line' id='line_1_3' title="bbox 542 2618 596 2651; baseline -0.019 0"><span class='ocrx_word' id='word_1_3' title='bbox 542 2618 596 2651; x_wconf 76' lang='lat'>20</span> 
     </span>
    </p>
   </div>
   <div class='ocr_carea' id='block_1_4' title="bbox 544 3154 593 3198">
    <p class='ocr_par' dir='ltr' id='par_1_4' title="bbox 544 3154 593 3198">
     <span class='ocr_line' id='line_1_4' title="bbox 544 3154 593 3198; baseline 0 0"><span class='ocrx_word' id='word_1_4' title='bbox 544 3154 593 3198; x_wconf 78' lang='lat'>²5</span> 
     </span>
    </p>
   </div>
   <div class='ocr_carea' id='block_1_5' title="bbox 547 3688 600 3733">
    <p class='ocr_par' dir='ltr' id='par_1_5' title="bbox 547 3688 600 3733">
     <span class='ocr_line' id='line_1_5' title="bbox 547 3688 600 3733; baseline 0 -13"><span class='ocrx_word' id='word_1_5' title='bbox 547 3688 600 3733; x_wconf 73' lang='grc'>30</span> 
     </span>
    </p>
   </div>
   <div class='ocr_carea' id='block_1_6' title="bbox 548 4222 596 4266">
    <p class='ocr_par' dir='ltr' id='par_1_6' title="bbox 548 4222 596 4266">
     <span class='ocr_line' id='line_1_6' title="bbox 548 4222 596 4266; baseline 0.021 -1"><span class='ocrx_word' id='word_1_6' title='bbox 548 4222 596 4266; x_wconf 70' lang='grc'>35</span> 
     </span>
    </p>
   </div>
   <div class='ocr_carea' id='block_1_7' title="bbox 546 4757 602 4799">
    <p class='ocr_par' dir='ltr' id='par_1_7' title="bbox 546 4757 602 4799">
     <span class='ocr_line' id='line_1_7' title="bbox 546 4757 602 4799; baseline 0 -10"><span class='ocrx_word' id='word_1_7' title='bbox 546 4757 602 4799; x_wconf 78' lang='lat'>40</span> 
     </span>
    </p>
   </div>
   <div class='ocr_carea' id='block_1_8' title="bbox 656 372 2613 443">
    <p class='ocr_par' dir='ltr' id='par_1_8' title="bbox 656 372 2613 443">
     <span class='ocr_line' id='line_1_8' title="bbox 656 372 2613 443; baseline -0.002 -15"><span class='ocrx_word' id='word_1_8' title='bbox 656 374 750 429; x_wconf 81' lang='lat'>128</span> <span class='ocrx_word' id='word_1_9' title='bbox 1277 375 1540 428; x_wconf 81' lang='lat' dir='ltr'>Potestas</span> <span class='ocrx_word' id='word_1_10' title='bbox 1580 372 1959 428; x_wconf 87' lang='lat' dir='ltr'>ecclesiastica</span> <span class='ocrx_word' id='word_1_11' title='bbox 2000 385 2057 427; x_wconf 95' lang='lat' dir='ltr'>et</span> <span class='ocrx_word' id='word_1_12' title='bbox 2094 372 2397 443; x_wconf 85' lang='lat' dir='ltr'>imperium</span> <span class='ocrx_word' id='word_1_13' title='bbox 2438 373 2613 428; x_wconf 86' lang='lat' dir='ltr'>civile.</span> 
     </span>
    </p>
   </div>
   <div class='ocr_carea' id='block_1_9' title="bbox 646 555 3259 4922">
    <p class='ocr_par' dir='ltr' id='par_1_9' title="bbox 646 555 3258 2246">
     <span class='ocr_line' id='line_1_9' title="bbox 648 555 3255 638; baseline 0.001 -23"><span class='ocrx_word' id='word_1_14' title='bbox 648 557 857 618; x_wconf 91' lang='lat' dir='ltr'>vivum</span> <span class='ocrx_word' id='word_1_15' title='bbox 878 578 990 620; x_wconf 87' lang='lat' dir='ltr'>vos</span> <span class='ocrx_word' id='word_1_16' title='bbox 1028 555 1288 634; x_wconf 86' lang='lat' dir='ltr'>conjuro</span> <span class='ocrx_word' id='word_1_17' title='bbox 1307 575 1415 616; x_wconf 75' lang='grc' dir='ltr'>-ε</span> <span class='ocrx_word' id='word_1_18' title='bbox 1449 555 1747 636; x_wconf 90' lang='lat' dir='ltr'>quoniam</span> <span class='ocrx_word' id='word_1_19' title='bbox 1781 572 1918 637; x_wconf 92' lang='lat' dir='ltr'>post</span> <span class='ocrx_word' id='word_1_20' title='bbox 1952 556 2155 617; x_wconf 89' lang='lat' dir='ltr'>Deum</span> <span class='ocrx_word' id='word_1_21' title='bbox 2189 574 2245 616; x_wconf 91' lang='lat' dir='ltr'>et</span> <span class='ocrx_word' id='word_1_22' title='bbox 2278 556 2410 618; x_wconf 88' lang='lat' dir='ltr'>eius</span> <span class='ocrx_word' id='word_1_23' title='bbox 2442 557 2781 638; x_wconf 84' lang='lat' dir='ltr'>principem</span> <span class='ocrx_word' id='word_1_24' title='bbox 2812 556 3255 638; x_wconf 90' lang='lat' dir='ltr'>apostolorum,</span> 
     </span>
     <span class='ocr_line' id='line_1_10' title="bbox 648 662 3256 745; baseline -0.001 -19"><span class='ocrx_word' id='word_1_25' title='bbox 648 680 890 726; x_wconf 90' lang='lat' dir='ltr'>nostrae</span> <span class='ocrx_word' id='word_1_26' title='bbox 938 664 1227 725; x_wconf 87' lang='lat' dir='ltr'>omnium</span> <span class='ocrx_word' id='word_1_27' title='bbox 1261 663 1697 724; x_wconf 87' lang='lat' dir='ltr'>Romanorum</span> <span class='ocrx_word' id='word_1_28' title='bbox 1744 662 1984 723; x_wconf 89' lang='lat' dir='ltr'>animae</span> <span class='ocrx_word' id='word_1_29' title='bbox 2020 664 2082 723; x_wconf 91' lang='lat' dir='ltr'>in</span> <span class='ocrx_word' id='word_1_30' title='bbox 2117 663 2293 724; x_wconf 87' lang='lat' dir='ltr'>vobis</span> <span class='ocrx_word' id='word_1_31' title='bbox 2327 663 2628 743; x_wconf 86' lang='lat' dir='ltr'>pendent;</span> <span class='ocrx_word' id='word_1_32' title='bbox 2665 681 2723 725; x_wconf 89' lang='lat' dir='ltr'>et</span> <span class='ocrx_word' id='word_1_33' title='bbox 2754 664 2803 725; x_wconf 91' lang='lat' dir='ltr'>si</span> <span class='ocrx_word' id='word_1_34' title='bbox 2836 665 3050 745; x_wconf 90' lang='lat' dir='ltr'>perire,</span> <span class='ocrx_word' id='word_1_35' title='bbox 3088 665 3256 744; x_wconf 89' lang='lat' dir='ltr'>quod</span> 
     </span>
     <span class='ocr_line' id='line_1_11' title="bbox 647 769 3253 852; baseline 0 -21"><span class='ocrx_word' id='word_1_36' title='bbox 647 770 818 848; x_wconf 90' lang='lat' dir='ltr'>absit,</span> <span class='ocrx_word' id='word_1_37' title='bbox 850 771 1187 850; x_wconf 88' lang='lat' dir='ltr'>contigerit,</span> <span class='ocrx_word' id='word_1_38' title='bbox 1221 786 1490 852; x_wconf 87' lang='lat' dir='ltr'>pensate,</span> <span class='ocrx_word' id='word_1_39' title='bbox 1523 770 1586 830; x_wconf 87' lang='lat' dir='ltr'>in</span> <span class='ocrx_word' id='word_1_40' title='bbox 1622 770 1798 831; x_wconf 89' lang='lat' dir='ltr'>cuius</span> <span class='ocrx_word' id='word_1_41' title='bbox 1830 769 2099 830; x_wconf 88' lang='lat' dir='ltr'>animam</span> <span class='ocrx_word' id='word_1_42' title='bbox 2123 769 2401 850; x_wconf 81' lang='lat' dir='ltr'>respiciat</span> <span class='ocrx_word' id='word_1_43' title='bbox 2421 770 2497 830; x_wconf 91' lang='lat' dir='ltr'>ad</span> <span class='ocrx_word' id='word_1_44' title='bbox 2521 785 2856 851; x_wconf 89' lang='lat' dir='ltr'>peccatum.</span> <span class='ocrx_word' id='word_1_45' title='bbox 2891 772 3071 833; x_wconf 88' lang='lat' dir='ltr'>Certe</span> <span class='ocrx_word' id='word_1_46' title='bbox 3092 770 3253 831; x_wconf 90' lang='lat' dir='ltr'>enim</span> 
     </span>
     <span class='ocr_line' id='line_1_12' title="bbox 647 879 3251 961; baseline 0 -20"><span class='ocrx_word' id='word_1_47' title='bbox 647 881 907 941; x_wconf 89' lang='lat' dir='ltr'>omnino</span> <span class='ocrx_word' id='word_1_48' title='bbox 957 881 1201 956; x_wconf 84' lang='lat' dir='ltr'>credite,</span> <span class='ocrx_word' id='word_1_49' title='bbox 1249 879 1753 952; x_wconf 81' lang='lat' dir='ltr'>christianissimi,</span> <span class='ocrx_word' id='word_1_50' title='bbox 1805 879 1855 942; x_wconf 90' lang='lat' dir='ltr'>si</span> <span class='ocrx_word' id='word_1_51' title='bbox 1906 879 2085 940; x_wconf 88' lang='lat' dir='ltr'>nobis</span> <span class='ocrx_word' id='word_1_52' title='bbox 2129 880 2334 960; x_wconf 89' lang='lat' dir='ltr'>aliqua</span> <span class='ocrx_word' id='word_1_53' title='bbox 2381 880 2650 940; x_wconf 84' lang='lat' dir='ltr'>evenerit</span> <span class='ocrx_word' id='word_1_54' title='bbox 2698 880 3026 956; x_wconf 77' lang='lat' dir='ltr'>calamitaS,</span> <span class='ocrx_word' id='word_1_55' title='bbox 3082 882 3251 961; x_wconf 90' lang='lat' dir='ltr'>quod</span> 
     </span>
     <span class='ocr_line' id='line_1_13' title="bbox 647 986 3254 1069; baseline 0 -22"><span class='ocrx_word' id='word_1_56' title='bbox 647 988 818 1062; x_wconf 90' lang='lat' dir='ltr'>absit,</span> <span class='ocrx_word' id='word_1_57' title='bbox 868 986 1261 1069; x_wconf 88' lang='lat' dir='ltr'>periclitandi,</span> <span class='ocrx_word' id='word_1_58' title='bbox 1312 1007 1422 1048; x_wconf 91' lang='lat' dir='ltr'>vos</span> <span class='ocrx_word' id='word_1_59' title='bbox 1471 987 1546 1048; x_wconf 88' lang='lat' dir='ltr'>de</span> <span class='ocrx_word' id='word_1_60' title='bbox 1593 986 1888 1049; x_wconf 89' lang='lat' dir='ltr'>omnibus</span> <span class='ocrx_word' id='word_1_61' title='bbox 1933 1002 2073 1047; x_wconf 90' lang='lat' dir='ltr'>ante</span> <span class='ocrx_word' id='word_1_62' title='bbox 2104 987 2372 1048; x_wconf 90' lang='lat' dir='ltr'>tribunal</span> <span class='ocrx_word' id='word_1_63' title='bbox 2408 987 2519 1047; x_wconf 92' lang='lat' dir='ltr'>Dei</span> <span class='ocrx_word' id='word_1_64' title='bbox 2552 987 2717 1049; x_wconf 91' lang='lat' dir='ltr'>eritis</span> <span class='ocrx_word' id='word_1_65' title='bbox 2749 987 3043 1049; x_wconf 89' lang='lat' dir='ltr'>reddituri</span> <span class='ocrx_word' id='word_1_66' title='bbox 3077 988 3254 1049; x_wconf 89' lang='lat' dir='ltr'>ratio-</span> 
     </span>
     <span class='ocr_line' id='line_1_14' title="bbox 647 1093 3255 1175; baseline 0 -21"><span class='ocrx_word' id='word_1_67' title='bbox 647 1113 808 1156; x_wconf 91' lang='lat' dir='ltr'>nem.</span> <span class='ocrx_word' id='word_1_68' title='bbox 886 1094 1008 1155; x_wconf 90' lang='lat' dir='ltr'>Sed</span> <span class='ocrx_word' id='word_1_69' title='bbox 1059 1094 1273 1173; x_wconf 76' lang='lat' dir='ltr'>magiS,</span> <span class='ocrx_word' id='word_1_70' title='bbox 1324 1093 1697 1155; x_wconf 85' lang='lat' dir='ltr'>dilectissimi</span> <span class='ocrx_word' id='word_1_71' title='bbox 1748 1094 1950 1172; x_wconf 87' lang='lat' dir='ltr'>nobis,</span> <span class='ocrx_word' id='word_1_72' title='bbox 2003 1093 2159 1172; x_wconf 84' lang='lat' dir='ltr'>agite</span> <span class='ocrx_word' id='word_1_73' title='bbox 2207 1107 2265 1154; x_wconf 91' lang='lat' dir='ltr'>et</span> <span class='ocrx_word' id='word_1_74' title='bbox 2295 1093 2544 1154; x_wconf 87' lang='lat' dir='ltr'>liberate</span> <span class='ocrx_word' id='word_1_75' title='bbox 2578 1110 2716 1175; x_wconf 91' lang='lat' dir='ltr'>post</span> <span class='ocrx_word' id='word_1_76' title='bbox 2752 1094 2954 1154; x_wconf 90' lang='lat' dir='ltr'>Deum</span> <span class='ocrx_word' id='word_1_77' title='bbox 2988 1095 3053 1154; x_wconf 90' lang='lat' dir='ltr'>in</span> <span class='ocrx_word' id='word_1_78' title='bbox 3085 1095 3255 1155; x_wconf 91' lang='lat' dir='ltr'>vobis</span> 
     </span>
     <span class='ocr_line' id='line_1_15' title="bbox 646 1199 3256 1280; baseline -0 -18"><span class='ocrx_word' id='word_1_79' title='bbox 646 1201 1092 1280; x_wconf 84' lang='lat' dir='ltr'>confugientes,</span> <span class='ocrx_word' id='word_1_80' title='bbox 1139 1216 1227 1278; x_wconf 90' lang='lat' dir='ltr'>ut,</span> <span class='ocrx_word' id='word_1_81' title='bbox 1273 1201 1540 1262; x_wconf 89' lang='lat' dir='ltr'>fructum</span> <span class='ocrx_word' id='word_1_82' title='bbox 1588 1204 1828 1262; x_wconf 88' lang='lat' dir='ltr'>bonum</span> <span class='ocrx_word' id='word_1_83' title='bbox 1876 1200 2194 1263; x_wconf 84' lang='lat' dir='ltr'>afferentes</span> <span class='ocrx_word' id='word_1_84' title='bbox 2240 1200 2302 1261; x_wconf 86' lang='lat' dir='ltr'>in</span> <span class='ocrx_word' id='word_1_85' title='bbox 2345 1199 2531 1261; x_wconf 89' lang='lat' dir='ltr'>futuri</span> <span class='ocrx_word' id='word_1_86' title='bbox 2565 1201 2864 1263; x_wconf 81' lang='lat' dir='ltr'>examinis</span> <span class='ocrx_word' id='word_1_87' title='bbox 2895 1201 2993 1262; x_wconf 90' lang='lat' dir='ltr'>die</span> <span class='ocrx_word' id='word_1_88' title='bbox 3027 1220 3256 1262; x_wconf 89' lang='lat' dir='ltr'>merea-</span> 
     </span>
     <span class='ocr_line' id='line_1_16' title="bbox 669 1307 3257 1390; baseline -0 -22"><span class='ocrx_word' id='word_1_89' title='bbox 669 1308 747 1368; x_wconf 91' lang='lat' dir='ltr'>tis</span> <span class='ocrx_word' id='word_1_90' title='bbox 799 1307 1032 1368; x_wconf 86' lang='lat' dir='ltr'>dicere:</span> <span class='ocrx_word' id='word_1_91' title='bbox 1093 1307 1405 1368; x_wconf 80' lang='lat' dir='ltr'>«Domine</span> <span class='ocrx_word' id='word_1_92' title='bbox 1457 1325 1664 1369; x_wconf 91' lang='lat' dir='ltr'>noster</span> <span class='ocrx_word' id='word_1_93' title='bbox 1716 1309 2001 1390; x_wconf 90' lang='lat' dir='ltr'>princeps</span> <span class='ocrx_word' id='word_1_94' title='bbox 2046 1307 2473 1389; x_wconf 86' lang='lat' dir='ltr'>apostolorum</span> <span class='ocrx_word' id='word_1_95' title='bbox 2522 1311 2691 1368; x_wconf 91' lang='lat' dir='ltr'>beate</span> <span class='ocrx_word' id='word_1_96' title='bbox 2727 1309 2920 1379; x_wconf 85' lang='lat' dir='ltr'>Petre,</span> <span class='ocrx_word' id='word_1_97' title='bbox 2970 1326 3108 1369; x_wconf 90' lang='lat' dir='ltr'>ecce</span> <span class='ocrx_word' id='word_1_98' title='bbox 3142 1327 3257 1368; x_wconf 91' lang='lat' dir='ltr'>nos</span> 
     </span>
     <span class='ocr_line' id='line_1_17' title="bbox 648 1414 3255 1490; baseline -0 -15"><span class='ocrx_word' id='word_1_99' title='bbox 648 1414 920 1476; x_wconf 87' lang='lat' dir='ltr'>clientuli</span> <span class='ocrx_word' id='word_1_100' title='bbox 969 1415 1078 1490; x_wconf 91' lang='lat' dir='ltr'>tui,</span> <span class='ocrx_word' id='word_1_101' title='bbox 1123 1433 1376 1476; x_wconf 91' lang='lat' dir='ltr'>cursum</span> <span class='ocrx_word' id='word_1_102' title='bbox 1424 1431 1949 1490; x_wconf 82' lang='lat' dir='ltr'>consummantes,</span> <span class='ocrx_word' id='word_1_103' title='bbox 1996 1415 2184 1476; x_wconf 85' lang='lat' dir='ltr'>fidem</span> <span class='ocrx_word' id='word_1_104' title='bbox 2215 1430 2524 1475; x_wconf 87' lang='lat' dir='ltr'>servantes</span> <span class='ocrx_word' id='word_1_105' title='bbox 2555 1415 2680 1486; x_wconf 91' lang='lat' dir='ltr'>tibi,</span> <span class='ocrx_word' id='word_1_106' title='bbox 2713 1415 3045 1476; x_wconf 84' lang='lat' dir='ltr'>Ecclesiam</span> <span class='ocrx_word' id='word_1_107' title='bbox 3083 1414 3191 1475; x_wconf 91' lang='lat' dir='ltr'>Dei</span> <span class='ocrx_word' id='word_1_108' title='bbox 3221 1435 3255 1474; x_wconf 90' lang='lat' dir='ltr'>a</span> 
     </span>
     <span class='ocr_line' id='line_1_18' title="bbox 646 1522 3258 1605; baseline 0 -22"><span class='ocrx_word' id='word_1_109' title='bbox 646 1540 913 1602; x_wconf 89' lang='lat' dir='ltr'>superna</span> <span class='ocrx_word' id='word_1_110' title='bbox 946 1522 1267 1583; x_wconf 87' lang='lat' dir='ltr'>clementia</span> <span class='ocrx_word' id='word_1_111' title='bbox 1301 1523 1406 1583; x_wconf 92' lang='lat' dir='ltr'>tibi</span> <span class='ocrx_word' id='word_1_112' title='bbox 1443 1525 1942 1584; x_wconf 89' lang='lat' dir='ltr'>commendatam</span> <span class='ocrx_word' id='word_1_113' title='bbox 1976 1525 2051 1584; x_wconf 91' lang='lat' dir='ltr'>de</span> <span class='ocrx_word' id='word_1_114' title='bbox 2086 1523 2373 1584; x_wconf 90' lang='lat' dir='ltr'>manibus</span> <span class='ocrx_word' id='word_1_115' title='bbox 2392 1523 2902 1605; x_wconf 89' lang='lat' dir='ltr'>persequentium</span> <span class='ocrx_word' id='word_1_116' title='bbox 2921 1524 3258 1584; x_wconf 88' lang='lat' dir='ltr'>defenden-</span> 
     </span>
     <span class='ocr_line' id='line_1_19' title="bbox 647 1628 3255 1710; baseline 0.001 -23"><span class='ocrx_word' id='word_1_117' title='bbox 647 1646 733 1688; x_wconf 90' lang='lat' dir='ltr'>tes</span> <span class='ocrx_word' id='word_1_118' title='bbox 777 1628 1170 1690; x_wconf 88' lang='lat' dir='ltr'>liberavimus</span> <span class='ocrx_word' id='word_1_119' title='bbox 1220 1645 1298 1706; x_wconf 91' lang='lat' dir='ltr'>et,</span> <span class='ocrx_word' id='word_1_120' title='bbox 1342 1629 1696 1692; x_wconf 84' lang='lat' dir='ltr'>adsistentes</span> <span class='ocrx_word' id='word_1_121' title='bbox 1741 1629 2093 1691; x_wconf 90' lang='lat' dir='ltr'>inmaculati</span> <span class='ocrx_word' id='word_1_122' title='bbox 2139 1649 2346 1691; x_wconf 89' lang='lat' dir='ltr'>coram</span> <span class='ocrx_word' id='word_1_123' title='bbox 2398 1646 2475 1706; x_wconf 85' lang='lat' dir='ltr'>te,</span> <span class='ocrx_word' id='word_1_124' title='bbox 2509 1630 2830 1693; x_wconf 82' lang='lat' dir='ltr'>offerimus</span> <span class='ocrx_word' id='word_1_125' title='bbox 2875 1630 2982 1691; x_wconf 83' lang='lat' dir='ltr'>tibi</span> <span class='ocrx_word' id='word_1_126' title='bbox 3016 1648 3255 1710; x_wconf 88' lang='lat' dir='ltr'>pueros,</span> 
     </span>
     <span class='ocr_line' id='line_1_20' title="bbox 647 1735 3255 1818; baseline 0.001 -23"><span class='ocrx_word' id='word_1_127' title='bbox 647 1754 809 1816; x_wconf 89' lang='lat' dir='ltr'>quos</span> <span class='ocrx_word' id='word_1_128' title='bbox 842 1735 1023 1796; x_wconf 92' lang='lat' dir='ltr'>nobis</span> <span class='ocrx_word' id='word_1_129' title='bbox 1054 1735 1412 1797; x_wconf 88' lang='lat' dir='ltr'>commisisti</span> <span class='ocrx_word' id='word_1_130' title='bbox 1444 1737 1519 1797; x_wconf 90' lang='lat' dir='ltr'>de</span> <span class='ocrx_word' id='word_1_131' title='bbox 1554 1736 1839 1798; x_wconf 89' lang='lat' dir='ltr'>manibus</span> <span class='ocrx_word' id='word_1_132' title='bbox 1872 1736 2268 1798; x_wconf 89' lang='lat' dir='ltr'>inimicorum</span> <span class='ocrx_word' id='word_1_133' title='bbox 2299 1738 2627 1809; x_wconf 88' lang='lat' dir='ltr'>eruendos,</span> <span class='ocrx_word' id='word_1_134' title='bbox 2650 1736 2915 1818; x_wconf 88' lang='lat' dir='ltr'>sospites</span> <span class='ocrx_word' id='word_1_135' title='bbox 2946 1753 3130 1817; x_wconf 92' lang='lat' dir='ltr'>atque</span> <span class='ocrx_word' id='word_1_136' title='bbox 3165 1737 3255 1797; x_wconf 86' lang='lat' dir='ltr'>in·</span> 
     </span>
     <span class='ocr_line' id='line_1_21' title="bbox 646 1841 3256 1924; baseline 0 -22"><span class='ocrx_word' id='word_1_137' title='bbox 646 1843 921 1903; x_wconf 88' lang='lat' dir='ltr'>colomes</span> <span class='ocrx_word' id='word_1_138' title='bbox 941 1841 1322 1904; x_wconf 74' lang='lat' dir='ltr'>existentes.»</span> <span class='ocrx_word' id='word_1_139' title='bbox 1359 1843 1541 1905; x_wconf 88' lang='lat' dir='ltr'>Tunc</span> <span class='ocrx_word' id='word_1_140' title='bbox 1575 1859 1632 1905; x_wconf 92' lang='lat' dir='ltr'>et</span> <span class='ocrx_word' id='word_1_141' title='bbox 1664 1843 1728 1904; x_wconf 91' lang='lat' dir='ltr'>in</span> <span class='ocrx_word' id='word_1_142' title='bbox 1763 1845 2061 1924; x_wconf 84' lang='lat' dir='ltr'>praesenti</span> <span class='ocrx_word' id='word_1_143' title='bbox 2097 1845 2216 1905; x_wconf 90' lang='lat' dir='ltr'>vita</span> <span class='ocrx_word' id='word_1_144' title='bbox 2248 1861 2306 1905; x_wconf 91' lang='lat' dir='ltr'>et</span> <span class='ocrx_word' id='word_1_145' title='bbox 2338 1845 2400 1905; x_wconf 90' lang='lat' dir='ltr'>in</span> <span class='ocrx_word' id='word_1_146' title='bbox 2434 1844 2644 1906; x_wconf 87' lang='lat' dir='ltr'>futuro</span> <span class='ocrx_word' id='word_1_147' title='bbox 2677 1846 2923 1905; x_wconf 87' lang='lat' dir='ltr'>saeculo</span> <span class='ocrx_word' id='word_1_148' title='bbox 2944 1843 3256 1906; x_wconf 87' lang='lat' dir='ltr'>celestium</span> 
     </span>
     <span class='ocr_line' id='line_1_22' title="bbox 648 1948 3253 2032; baseline 0 -23"><span class='ocrx_word' id='word_1_149' title='bbox 648 1948 1067 2030; x_wconf 90' lang='lat' dir='ltr'>praemiorum</span> <span class='ocrx_word' id='word_1_150' title='bbox 1097 1950 1322 2029; x_wconf 92' lang='lat' dir='ltr'>gaudia</span> <span class='ocrx_word' id='word_1_151' title='bbox 1354 1950 1605 2032; x_wconf 85' lang='lat' dir='ltr'>adipisci</span> <span class='ocrx_word' id='word_1_152' title='bbox 1639 1951 2017 2024; x_wconf 84' lang='lat' dir='ltr'>mereamini,</span> <span class='ocrx_word' id='word_1_153' title='bbox 2062 1952 2381 2014; x_wconf 85' lang='lat' dir='ltr'>audientes</span> <span class='ocrx_word' id='word_1_154' title='bbox 2415 1966 2729 2031; x_wconf 92' lang='lat' dir='ltr'>paternam</span> <span class='ocrx_word' id='word_1_155' title='bbox 2764 1951 3253 2013; x_wconf 88' lang='lat' dir='ltr'>desiderabilem-</span> 
     </span>
     <span class='ocr_line' id='line_1_23' title="bbox 647 2056 3253 2140; baseline 0 -24"><span class='ocrx_word' id='word_1_156' title='bbox 647 2076 772 2136; x_wconf 91' lang='lat' dir='ltr'>que</span> <span class='ocrx_word' id='word_1_157' title='bbox 806 2075 1023 2117; x_wconf 90' lang='lat' dir='ltr'>vocem</span> <span class='ocrx_word' id='word_1_158' title='bbox 1056 2056 1222 2117; x_wconf 92' lang='lat' dir='ltr'>illam</span> <span class='ocrx_word' id='word_1_159' title='bbox 1255 2057 1625 2137; x_wconf 88' lang='lat' dir='ltr'>inquientis:</span> <span class='ocrx_word' id='word_1_160' title='bbox 1677 2058 1904 2133; x_wconf 82' lang='lat' dir='ltr'>Venite,</span> <span class='ocrx_word' id='word_1_161' title='bbox 1937 2060 2244 2120; x_wconf 82' lang='lat' dir='ltr'>benedicti</span> <span class='ocrx_word' id='word_1_162' title='bbox 2272 2058 2488 2119; x_wconf 84' lang='lat' dir='ltr'>Patris</span> <span class='ocrx_word' id='word_1_163' title='bbox 2519 2060 2655 2135; x_wconf 84' lang='lat' dir='ltr'>mei,</span> <span class='ocrx_word' id='word_1_164' title='bbox 2676 2061 2987 2140; x_wconf 71' lang='lat' dir='ltr'>perczpite</span> <span class='ocrx_word' id='word_1_165' title='bbox 3007 2076 3253 2138; x_wconf 80' lang='lat' dir='ltr'>regnum</span> 
     </span>
     <span class='ocr_line' id='line_1_24' title="bbox 646 2163 2238 2246; baseline 0.001 -23"><span class='ocrx_word' id='word_1_166' title='bbox 646 2163 810 2245; x_wconf 86' lang='lat' dir='ltr'>quod</span> <span class='ocrx_word' id='word_1_167' title='bbox 836 2163 1005 2224; x_wconf 80' lang='lat' dir='ltr'>vobis</span> <span class='ocrx_word' id='word_1_168' title='bbox 1022 2171 1467 2246; x_wconf 82' lang='lat' dir='ltr'>praeparatum</span> <span class='ocrx_word' id='word_1_169' title='bbox 1503 2171 1597 2226; x_wconf 85' lang='lat' dir='ltr'>est</span> <span class='ocrx_word' id='word_1_170' title='bbox 1623 2164 1703 2225; x_wconf 85' lang='lat' dir='ltr'>ab</span> <span class='ocrx_word' id='word_1_171' title='bbox 1735 2167 1977 2245; x_wconf 80' lang='lat' dir='ltr'>origine</span> <span class='ocrx_word' id='word_1_172' title='bbox 2008 2166 2238 2225; x_wconf 85' lang='lat' dir='ltr'>mundi.</span> 
     </span>
    </p>

    <p class='ocr_par' dir='ltr' id='par_1_10' title="bbox 647 2268 3259 4811">
     <span class='ocr_line' id='line_1_25' title="bbox 827 2268 3256 2352; baseline -0 -23"><span class='ocrx_word' id='word_1_173' title='bbox 827 2268 1032 2350; x_wconf 87' lang='lat' dir='ltr'>Opere</span> <span class='ocrx_word' id='word_1_174' title='bbox 1054 2289 1322 2350; x_wconf 87' lang='lat' dir='ltr'>namque</span> <span class='ocrx_word' id='word_1_175' title='bbox 1343 2271 1679 2332; x_wconf 87' lang='lat' dir='ltr'>direximus</span> <span class='ocrx_word' id='word_1_176' title='bbox 1701 2286 2083 2352; x_wconf 86' lang='lat' dir='ltr'>praesentem</span> <span class='ocrx_word' id='word_1_177' title='bbox 2108 2288 2391 2332; x_wconf 89' lang='lat' dir='ltr'>nostrum</span> <span class='ocrx_word' id='word_1_178' title='bbox 2411 2271 2670 2332; x_wconf 88' lang='lat' dir='ltr'>missum</span> <span class='ocrx_word' id='word_1_179' title='bbox 2694 2269 3059 2351; x_wconf 79' lang='lat' dir='ltr'>Georgium,</span> <span class='ocrx_word' id='word_1_180' title='bbox 3094 2288 3256 2329; x_wconf 85' lang='lat' dir='ltr'>reve-</span> 
     </span>
     <span class='ocr_line' id='line_1_26' title="bbox 647 2375 3255 2459; baseline -0.001 -23"><span class='ocrx_word' id='word_1_181' title='bbox 647 2375 1065 2437; x_wconf 89' lang='lat' dir='ltr'>rentissimum</span> <span class='ocrx_word' id='word_1_182' title='bbox 1098 2397 1167 2438; x_wconf 90' lang='lat' dir='ltr'>ac</span> <span class='ocrx_word' id='word_1_183' title='bbox 1198 2376 1654 2438; x_wconf 88' lang='lat' dir='ltr'>sanctissimum</span> <span class='ocrx_word' id='word_1_184' title='bbox 1686 2376 1932 2438; x_wconf 90' lang='lat' dir='ltr'>fratrem</span> <span class='ocrx_word' id='word_1_185' title='bbox 1962 2392 2021 2436; x_wconf 91' lang='lat' dir='ltr'>et</span> <span class='ocrx_word' id='word_1_186' title='bbox 2052 2376 2492 2459; x_wconf 89' lang='lat' dir='ltr'>coepiscopum</span> <span class='ocrx_word' id='word_1_187' title='bbox 2527 2392 2830 2449; x_wconf 87' lang='lat' dir='ltr'>nostrum,</span> <span class='ocrx_word' id='word_1_188' title='bbox 2863 2392 3045 2455; x_wconf 91' lang='lat' dir='ltr'>atque</span> <span class='ocrx_word' id='word_1_189' title='bbox 3082 2375 3255 2433; x_wconf 87' lang='lat' dir='ltr'>War-</span> 
     </span>
     <span class='ocr_line' id='line_1_27' title="bbox 647 2482 3255 2563; baseline -0.001 -19"><span class='ocrx_word' id='word_1_190' title='bbox 647 2482 972 2545; x_wconf 88' lang='lat' dir='ltr'>neharium</span> <span class='ocrx_word' id='word_1_191' title='bbox 992 2484 1343 2563; x_wconf 91' lang='lat' dir='ltr'>religiosum</span> <span class='ocrx_word' id='word_1_192' title='bbox 1366 2488 1645 2545; x_wconf 84' lang='lat' dir='ltr'>abbatem</span> <span class='ocrx_word' id='word_1_193' title='bbox 1669 2484 1929 2545; x_wconf 88' lang='lat' dir='ltr'>missum</span> <span class='ocrx_word' id='word_1_194' title='bbox 1943 2501 2234 2562; x_wconf 90' lang='lat' dir='ltr'>vestrum,</span> <span class='ocrx_word' id='word_1_195' title='bbox 2255 2504 2363 2546; x_wconf 90' lang='lat' dir='ltr'>seu</span> <span class='ocrx_word' id='word_1_196' title='bbox 2380 2483 2831 2545; x_wconf 87' lang='lat' dir='ltr'>Thomaricum</span> <span class='ocrx_word' id='word_1_197' title='bbox 2849 2499 2906 2545; x_wconf 91' lang='lat' dir='ltr'>et</span> <span class='ocrx_word' id='word_1_198' title='bbox 2926 2483 3255 2558; x_wconf 88' lang='lat' dir='ltr'>Comitam,</span> 
     </span>
     <span class='ocr_line' id='line_1_28' title="bbox 649 2590 3256 2674; baseline -0.002 -21"><span class='ocrx_word' id='word_1_199' title='bbox 649 2593 1030 2674; x_wconf 81' lang='lat' dir='ltr'>magnificos,</span> <span class='ocrx_word' id='word_1_200' title='bbox 1066 2593 1229 2654; x_wconf 91' lang='lat' dir='ltr'>idem</span> <span class='ocrx_word' id='word_1_201' title='bbox 1264 2609 1508 2654; x_wconf 87' lang='lat' dir='ltr'>nostros</span> <span class='ocrx_word' id='word_1_202' title='bbox 1540 2592 1776 2655; x_wconf 59' lang='lat' dir='ltr'>missos</span> <span class='ocrx_word' id='word_1_203' title='bbox 1841 2593 1970 2669; x_wconf 90' lang='lat' dir='ltr'>Qui</span> <span class='ocrx_word' id='word_1_204' title='bbox 2005 2593 2176 2655; x_wconf 87' lang='lat' dir='ltr'>vobis</span> <span class='ocrx_word' id='word_1_205' title='bbox 2207 2612 2429 2654; x_wconf 83' lang='lat' dir='ltr'>omnes</span> <span class='ocrx_word' id='word_1_206' title='bbox 2460 2608 2704 2653; x_wconf 87' lang='lat' dir='ltr'>nostros</span> <span class='ocrx_word' id='word_1_207' title='bbox 2736 2590 2986 2652; x_wconf 85' lang='lat' dir='ltr'>dolores</span> <span class='ocrx_word' id='word_1_208' title='bbox 3017 2605 3077 2650; x_wconf 89' lang='lat' dir='ltr'>et</span> <span class='ocrx_word' id='word_1_209' title='bbox 3109 2607 3256 2650; x_wconf 89' lang='lat' dir='ltr'>cun-</span> 
     </span>
     <span class='ocr_line' id='line_1_29' title="bbox 649 2699 3257 2782; baseline -0.001 -21"><span class='ocrx_word' id='word_1_210' title='bbox 649 2717 771 2762; x_wconf 91' lang='lat' dir='ltr'>ctas</span> <span class='ocrx_word' id='word_1_211' title='bbox 818 2699 1266 2778; x_wconf 74' lang='lat' dir='ltr'>dissolutioneS,</span> <span class='ocrx_word' id='word_1_212' title='bbox 1315 2720 1469 2781; x_wconf 88' lang='lat' dir='ltr'>quas</span> <span class='ocrx_word' id='word_1_213' title='bbox 1515 2722 1548 2762; x_wconf 91' lang='lat' dir='ltr'>a</span> <span class='ocrx_word' id='word_1_214' title='bbox 1584 2701 2140 2781; x_wconf 86' lang='lat' dir='ltr'>Langobardorum</span> <span class='ocrx_word' id='word_1_215' title='bbox 2187 2718 2366 2779; x_wconf 82' lang='lat' dir='ltr'>gente</span> <span class='ocrx_word' id='word_1_216' title='bbox 2414 2716 2472 2761; x_wconf 89' lang='lat' dir='ltr'>et</span> <span class='ocrx_word' id='word_1_217' title='bbox 2518 2720 2741 2763; x_wconf 90' lang='lat' dir='ltr'>eorum</span> <span class='ocrx_word' id='word_1_218' title='bbox 2788 2716 3074 2782; x_wconf 89' lang='lat' dir='ltr'>protervo</span> <span class='ocrx_word' id='word_1_219' title='bbox 3120 2716 3257 2780; x_wconf 90' lang='lat' dir='ltr'>rege</span> 
     </span>
     <span class='ocr_line' id='line_1_30' title="bbox 652 2804 3257 2889; baseline -0.002 -21"><span class='ocrx_word' id='word_1_220' title='bbox 652 2807 810 2889; x_wconf 89' lang='lat' dir='ltr'>passi</span> <span class='ocrx_word' id='word_1_221' title='bbox 842 2826 1063 2867; x_wconf 90' lang='lat' dir='ltr'>sumus</span> <span class='ocrx_word' id='word_1_222' title='bbox 1095 2824 1152 2867; x_wconf 91' lang='lat' dir='ltr'>et</span> <span class='ocrx_word' id='word_1_223' title='bbox 1183 2807 1422 2868; x_wconf 89' lang='lat' dir='ltr'>assidue</span> <span class='ocrx_word' id='word_1_224' title='bbox 1457 2806 1741 2887; x_wconf 90' lang='lat' dir='ltr'>patimur,</span> <span class='ocrx_word' id='word_1_225' title='bbox 1776 2808 1952 2868; x_wconf 87' lang='lat' dir='ltr'>vobis</span> <span class='ocrx_word' id='word_1_226' title='bbox 1986 2807 2195 2869; x_wconf 90' lang='lat' dir='ltr'>subtili</span> <span class='ocrx_word' id='word_1_227' title='bbox 2230 2807 2608 2868; x_wconf 81' lang='lat' dir='ltr'>enarratione</span> <span class='ocrx_word' id='word_1_228' title='bbox 2643 2827 2764 2887; x_wconf 90' lang='lat' dir='ltr'>que</span> <span class='ocrx_word' id='word_1_229' title='bbox 2786 2805 3048 2888; x_wconf 83' lang='lat' dir='ltr'>propriis</span> <span class='ocrx_word' id='word_1_230' title='bbox 3067 2804 3257 2867; x_wconf 88' lang='lat' dir='ltr'>oculis</span> 
     </span>
     <span class='ocr_line' id='line_1_31' title="bbox 651 2912 3257 2994; baseline -0 -21"><span class='ocrx_word' id='word_1_231' title='bbox 651 2914 952 2987; x_wconf 85' lang='lat' dir='ltr'>viderunt,</span> <span class='ocrx_word' id='word_1_232' title='bbox 984 2914 1116 2974; x_wconf 92' lang='lat' dir='ltr'>viva</span> <span class='ocrx_word' id='word_1_233' title='bbox 1149 2933 1299 2975; x_wconf 93' lang='lat' dir='ltr'>voce</span> <span class='ocrx_word' id='word_1_234' title='bbox 1330 2914 1568 2975; x_wconf 90' lang='lat' dir='ltr'>edicere</span> <span class='ocrx_word' id='word_1_235' title='bbox 1600 2915 1881 2975; x_wconf 88' lang='lat' dir='ltr'>debeant.</span> <span class='ocrx_word' id='word_1_236' title='bbox 1924 2912 2173 2988; x_wconf 89' lang='lat' dir='ltr'>Quibus</span> <span class='ocrx_word' id='word_1_237' title='bbox 2205 2930 2262 2974; x_wconf 92' lang='lat' dir='ltr'>et</span> <span class='ocrx_word' id='word_1_238' title='bbox 2295 2915 2356 2974; x_wconf 91' lang='lat' dir='ltr'>in</span> <span class='ocrx_word' id='word_1_239' title='bbox 2389 2914 2679 2974; x_wconf 89' lang='lat' dir='ltr'>omnibus</span> <span class='ocrx_word' id='word_1_240' title='bbox 2698 2929 3016 2994; x_wconf 89' lang='lat' dir='ltr'>tamquam</span> <span class='ocrx_word' id='word_1_241' title='bbox 3052 2912 3257 2973; x_wconf 90' lang='lat' dir='ltr'>nobis-</span> 
     </span>
     <span class='ocr_line' id='line_1_32' title="bbox 648 3019 3253 3099; baseline -0.001 -18"><span class='ocrx_word' id='word_1_242' title='bbox 648 3036 773 3082; x_wconf 93' lang='lat' dir='ltr'>met</span> <span class='ocrx_word' id='word_1_243' title='bbox 833 3021 1076 3081; x_wconf 85' lang='lat' dir='ltr'>credere</span> <span class='ocrx_word' id='word_1_244' title='bbox 1125 3021 1400 3091; x_wconf 89' lang='lat' dir='ltr'>iubeatis,</span> <span class='ocrx_word' id='word_1_245' title='bbox 1451 3036 1509 3081; x_wconf 93' lang='lat' dir='ltr'>et</span> <span class='ocrx_word' id='word_1_246' title='bbox 1558 3037 1832 3082; x_wconf 89' lang='lat' dir='ltr'>nostram</span> <span class='ocrx_word' id='word_1_247' title='bbox 1884 3020 2306 3083; x_wconf 87' lang='lat' dir='ltr'>liberationem</span> <span class='ocrx_word' id='word_1_248' title='bbox 2358 3021 2543 3081; x_wconf 90' lang='lat' dir='ltr'>nimis</span> <span class='ocrx_word' id='word_1_249' title='bbox 2608 3019 2966 3082; x_wconf 84' lang='lat' dir='ltr'>festinanter</span> <span class='ocrx_word' id='word_1_250' title='bbox 3029 3037 3253 3099; x_wconf 89' lang='lat' dir='ltr'>procu-</span> 
     </span>
     <span class='ocr_line' id='line_1_33' title="bbox 650 3123 3257 3208; baseline -0.001 -21"><span class='ocrx_word' id='word_1_251' title='bbox 650 3147 800 3188; x_wconf 88' lang='lat' dir='ltr'>rare.</span> <span class='ocrx_word' id='word_1_252' title='bbox 868 3128 943 3188; x_wconf 83' lang='lat' dir='ltr'>Et</span> <span class='ocrx_word' id='word_1_253' title='bbox 987 3126 1249 3207; x_wconf 89' lang='lat' dir='ltr'>conjuro</span> <span class='ocrx_word' id='word_1_254' title='bbox 1282 3147 1393 3188; x_wconf 90' lang='lat' dir='ltr'>vos</span> <span class='ocrx_word' id='word_1_255' title='bbox 1427 3147 1533 3208; x_wconf 88' lang='lat' dir='ltr'>per</span> <span class='ocrx_word' id='word_1_256' title='bbox 1568 3127 1770 3188; x_wconf 89' lang='lat' dir='ltr'>Deum</span> <span class='ocrx_word' id='word_1_257' title='bbox 1804 3127 2035 3205; x_wconf 87' lang='lat' dir='ltr'>vivum,</span> <span class='ocrx_word' id='word_1_258' title='bbox 2085 3142 2152 3189; x_wconf 91' lang='lat' dir='ltr'>ut</span> <span class='ocrx_word' id='word_1_259' title='bbox 2185 3146 2585 3207; x_wconf 89' lang='lat' dir='ltr'>nequaquam</span> <span class='ocrx_word' id='word_1_260' title='bbox 2616 3125 2882 3207; x_wconf 90' lang='lat' dir='ltr'>amplius</span> <span class='ocrx_word' id='word_1_261' title='bbox 2913 3123 3257 3186; x_wconf 86' lang='lat' dir='ltr'>discredatis</span> 
     </span>
     <span class='ocr_line' id='line_1_34' title="bbox 651 3232 3255 3315; baseline -0.001 -19"><span class='ocrx_word' id='word_1_262' title='bbox 651 3250 892 3296; x_wconf 90' lang='lat' dir='ltr'>nostras</span> <span class='ocrx_word' id='word_1_263' title='bbox 924 3234 1284 3296; x_wconf 88' lang='lat' dir='ltr'>afflictiones</span> <span class='ocrx_word' id='word_1_264' title='bbox 1317 3250 1375 3295; x_wconf 90' lang='lat' dir='ltr'>et</span> <span class='ocrx_word' id='word_1_265' title='bbox 1408 3234 1761 3314; x_wconf 88' lang='lat' dir='ltr'>neglectum</span> <span class='ocrx_word' id='word_1_266' title='bbox 1796 3235 2040 3315; x_wconf 90' lang='lat' dir='ltr'>ponatis</span> <span class='ocrx_word' id='word_1_267' title='bbox 2071 3235 2148 3295; x_wconf 91' lang='lat' dir='ltr'>ad</span> <span class='ocrx_word' id='word_1_268' title='bbox 2183 3233 2569 3296; x_wconf 88' lang='lat' dir='ltr'>liberandum</span> <span class='ocrx_word' id='word_1_269' title='bbox 2607 3254 2741 3311; x_wconf 90' lang='lat' dir='ltr'>nos,</span> <span class='ocrx_word' id='word_1_270' title='bbox 2775 3254 2874 3312; x_wconf 90' lang='lat' dir='ltr'>ne,</span> <span class='ocrx_word' id='word_1_271' title='bbox 2894 3234 3067 3313; x_wconf 94' lang='lat' dir='ltr'>quod</span> <span class='ocrx_word' id='word_1_272' title='bbox 3088 3232 3255 3310; x_wconf 89' lang='lat' dir='ltr'>absit,</span> 
     </span>
     <span class='ocr_line' id='line_1_35' title="bbox 651 3340 3253 3423; baseline -0.001 -19"><span class='ocrx_word' id='word_1_273' title='bbox 651 3343 700 3404; x_wconf 90' lang='lat' dir='ltr'>si</span> <span class='ocrx_word' id='word_1_274' title='bbox 748 3343 1013 3423; x_wconf 91' lang='lat' dir='ltr'>amplius</span> <span class='ocrx_word' id='word_1_275' title='bbox 1059 3342 1305 3402; x_wconf 89' lang='lat' dir='ltr'>credere</span> <span class='ocrx_word' id='word_1_276' title='bbox 1352 3341 1722 3411; x_wconf 86' lang='lat' dir='ltr'>distuleritis,</span> <span class='ocrx_word' id='word_1_277' title='bbox 1769 3357 1828 3402; x_wconf 89' lang='lat' dir='ltr'>et</span> <span class='ocrx_word' id='word_1_278' title='bbox 1874 3341 2254 3422; x_wconf 83' lang='lat' dir='ltr'>neglexeritis</span> <span class='ocrx_word' id='word_1_279' title='bbox 2301 3360 2416 3402; x_wconf 91' lang='lat' dir='ltr'>nos</span> <span class='ocrx_word' id='word_1_280' title='bbox 2449 3341 2815 3418; x_wconf 87' lang='lat' dir='ltr'>eruendum,</span> <span class='ocrx_word' id='word_1_281' title='bbox 2851 3340 3050 3418; x_wconf 87' lang='lat' dir='ltr'>nobis,</span> <span class='ocrx_word' id='word_1_282' title='bbox 3085 3341 3253 3421; x_wconf 92' lang='lat' dir='ltr'>quod</span> 
     </span>
     <span class='ocr_line' id='line_1_36' title="bbox 652 3447 3257 3530; baseline -0.002 -18"><span class='ocrx_word' id='word_1_283' title='bbox 652 3466 875 3512; x_wconf 89' lang='lat' dir='ltr'>avertat</span> <span class='ocrx_word' id='word_1_284' title='bbox 909 3449 1216 3521; x_wconf 90' lang='lat' dir='ltr'>divinitas,</span> <span class='ocrx_word' id='word_1_285' title='bbox 1260 3447 1447 3508; x_wconf 89' lang='lat' dir='ltr'>irruat</span> <span class='ocrx_word' id='word_1_286' title='bbox 1492 3447 1803 3509; x_wconf 83' lang='lat' dir='ltr'>calamitas</span> <span class='ocrx_word' id='word_1_287' title='bbox 1851 3449 2168 3530; x_wconf 84' lang='lat' dir='ltr'>pereundi,</span> <span class='ocrx_word' id='word_1_288' title='bbox 2218 3465 2277 3509; x_wconf 94' lang='lat' dir='ltr'>et</span> <span class='ocrx_word' id='word_1_289' title='bbox 2321 3448 2496 3509; x_wconf 92' lang='lat' dir='ltr'>vobis</span> <span class='ocrx_word' id='word_1_290' title='bbox 2529 3447 2824 3529; x_wconf 89' lang='lat' dir='ltr'>pertineat</span> <span class='ocrx_word' id='word_1_291' title='bbox 2853 3448 2930 3507; x_wconf 92' lang='lat' dir='ltr'>ad</span> <span class='ocrx_word' id='word_1_292' title='bbox 2961 3466 3257 3528; x_wconf 88' lang='lat' dir='ltr'>magnum</span> 
     </span>
     <span class='ocr_line' id='line_1_37' title="bbox 652 3556 3253 3638; baseline -0.001 -19"><span class='ocrx_word' id='word_1_293' title='bbox 652 3558 1094 3619; x_wconf 90' lang='lat' dir='ltr'>detrimentum</span> <span class='ocrx_word' id='word_1_294' title='bbox 1139 3571 1198 3617; x_wconf 95' lang='lat' dir='ltr'>et</span> <span class='ocrx_word' id='word_1_295' title='bbox 1244 3572 1583 3637; x_wconf 89' lang='lat' dir='ltr'>peccatum,</span> <span class='ocrx_word' id='word_1_296' title='bbox 1617 3576 1799 3638; x_wconf 90' lang='lat' dir='ltr'>atque</span> <span class='ocrx_word' id='word_1_297' title='bbox 1831 3557 2460 3637; x_wconf 89' lang='lat' dir='ltr'>condempnationem</span> <span class='ocrx_word' id='word_1_298' title='bbox 2493 3556 2558 3617; x_wconf 90' lang='lat' dir='ltr'>in</span> <span class='ocrx_word' id='word_1_299' title='bbox 2592 3556 2892 3637; x_wconf 89' lang='lat' dir='ltr'>praesenti</span> <span class='ocrx_word' id='word_1_300' title='bbox 2925 3574 2985 3617; x_wconf 91' lang='lat' dir='ltr'>et</span> <span class='ocrx_word' id='word_1_301' title='bbox 3017 3573 3253 3618; x_wconf 89' lang='lat' dir='ltr'>aeterna</span> 
     </span>
     <span class='ocr_line' id='line_1_38' title="bbox 652 3662 3257 3745; baseline -0.002 -18"><span class='ocrx_word' id='word_1_302' title='bbox 652 3665 791 3742; x_wconf 91' lang='lat' dir='ltr'>vita,</span> <span class='ocrx_word' id='word_1_303' title='bbox 840 3665 984 3745; x_wconf 91' lang='lat' dir='ltr'>quia</span> <span class='ocrx_word' id='word_1_304' title='bbox 1029 3665 1205 3726; x_wconf 91' lang='lat' dir='ltr'>vobis</span> <span class='ocrx_word' id='word_1_305' title='bbox 1251 3665 1489 3725; x_wconf 89' lang='lat' dir='ltr'>animas</span> <span class='ocrx_word' id='word_1_306' title='bbox 1522 3665 1804 3726; x_wconf 87' lang='lat' dir='ltr'>omnium</span> <span class='ocrx_word' id='word_1_307' title='bbox 1841 3681 2196 3726; x_wconf 89' lang='lat' dir='ltr'>nostrorum</span> <span class='ocrx_word' id='word_1_308' title='bbox 2233 3665 2668 3726; x_wconf 86' lang='lat' dir='ltr'>Romanorum</span> <span class='ocrx_word' id='word_1_309' title='bbox 2707 3664 3087 3725; x_wconf 86' lang='lat' dir='ltr'>tradidimus.</span> <span class='ocrx_word' id='word_1_310' title='bbox 3141 3662 3257 3725; x_wconf 90' lang='lat' dir='ltr'>Sed</span> 
     </span>
     <span class='ocr_line' id='line_1_39' title="bbox 654 3770 3257 3853; baseline -0.002 -19"><span class='ocrx_word' id='word_1_311' title='bbox 654 3773 847 3853; x_wconf 89' lang='lat' dir='ltr'>magis</span> <span class='ocrx_word' id='word_1_312' title='bbox 895 3773 1214 3853; x_wconf 85' lang='lat' dir='ltr'>magisque</span> <span class='ocrx_word' id='word_1_313' title='bbox 1260 3793 1391 3850; x_wconf 78' lang='lat' dir='ltr'>vOS,</span> <span class='ocrx_word' id='word_1_314' title='bbox 1438 3788 1505 3832; x_wconf 94' lang='lat' dir='ltr'>ut</span> <span class='ocrx_word' id='word_1_315' title='bbox 1551 3774 1854 3853; x_wconf 91' lang='lat' dir='ltr'>prelatum</span> <span class='ocrx_word' id='word_1_316' title='bbox 1900 3789 2005 3845; x_wconf 87' lang='lat' dir='ltr'>est,</span> <span class='ocrx_word' id='word_1_317' title='bbox 2050 3772 2471 3850; x_wconf 87' lang='lat' dir='ltr'>coniuramus,</span> <span class='ocrx_word' id='word_1_318' title='bbox 2508 3791 2617 3852; x_wconf 91' lang='lat' dir='ltr'>per</span> <span class='ocrx_word' id='word_1_319' title='bbox 2650 3787 2903 3853; x_wconf 89' lang='lat' dir='ltr'>patrem,</span> <span class='ocrx_word' id='word_1_320' title='bbox 2952 3786 3011 3830; x_wconf 95' lang='lat' dir='ltr'>et</span> <span class='ocrx_word' id='word_1_321' title='bbox 3043 3770 3257 3845; x_wconf 76' lang='lat' dir='ltr'>silium,</span> 
     </span>
     <span class='ocr_line' id='line_1_40' title="bbox 653 3877 3254 3963; baseline -0.001 -23"><span class='ocrx_word' id='word_1_322' title='bbox 653 3895 711 3940; x_wconf 92' lang='lat' dir='ltr'>et</span> <span class='ocrx_word' id='word_1_323' title='bbox 755 3880 1035 3961; x_wconf 89' lang='lat' dir='ltr'>spiritum</span> <span class='ocrx_word' id='word_1_324' title='bbox 1080 3896 1382 3943; x_wconf 82' lang='lat' dir='ltr'>sanctum.</span> <span class='ocrx_word' id='word_1_325' title='bbox 1431 3880 1760 3941; x_wconf 87' lang='lat' dir='ltr'>trinitatem</span> <span class='ocrx_word' id='word_1_326' title='bbox 1806 3880 2149 3963; x_wconf 80' lang='lat' dir='ltr'>indivisam,</span> <span class='ocrx_word' id='word_1_327' title='bbox 2198 3897 2265 3940; x_wconf 92' lang='lat' dir='ltr'>ut</span> <span class='ocrx_word' id='word_1_328' title='bbox 2310 3895 2548 3940; x_wconf 86' lang='lat' dir='ltr'>nostras</span> <span class='ocrx_word' id='word_1_329' title='bbox 2580 3877 3023 3954; x_wconf 86' lang='lat' dir='ltr'>tribulationes,</span> <span class='ocrx_word' id='word_1_330' title='bbox 3055 3893 3115 3938; x_wconf 89' lang='lat' dir='ltr'>et</span> <span class='ocrx_word' id='word_1_331' title='bbox 3147 3896 3254 3937; x_wconf 89' lang='lat' dir='ltr'>an·</span> 
     </span>
     <span class='ocr_line' id='line_1_41' title="bbox 653 3984 3256 4068; baseline -0.002 -21"><span class='ocrx_word' id='word_1_332' title='bbox 653 3986 901 4066; x_wconf 87' lang='lat' dir='ltr'>gustias,</span> <span class='ocrx_word' id='word_1_333' title='bbox 953 4003 1136 4066; x_wconf 91' lang='lat' dir='ltr'>atque</span> <span class='ocrx_word' id='word_1_334' title='bbox 1182 3987 1446 4063; x_wconf 89' lang='lat' dir='ltr'>dolores,</span> <span class='ocrx_word' id='word_1_335' title='bbox 1495 4004 1552 4047; x_wconf 91' lang='lat' dir='ltr'>et</span> <span class='ocrx_word' id='word_1_336' title='bbox 1602 3986 2032 4063; x_wconf 89' lang='lat' dir='ltr'>desolationes,</span> <span class='ocrx_word' id='word_1_337' title='bbox 2084 3987 2329 4047; x_wconf 87' lang='lat' dir='ltr'>credere</span> <span class='ocrx_word' id='word_1_338' title='bbox 2382 3986 2512 4047; x_wconf 90' lang='lat' dir='ltr'>sine</span> <span class='ocrx_word' id='word_1_339' title='bbox 2566 3985 2838 4066; x_wconf 90' lang='lat' dir='ltr'>qualibet</span> <span class='ocrx_word' id='word_1_340' title='bbox 2868 3984 3256 4068; x_wconf 87' lang='lat' dir='ltr'>ambiguitate</span> 
     </span>
     <span class='ocr_line' id='line_1_42' title="bbox 655 4089 3257 4176; baseline -0 -25"><span class='ocrx_word' id='word_1_341' title='bbox 655 4090 931 4169; x_wconf 86' lang='lat' dir='ltr'>jubeatis,</span> <span class='ocrx_word' id='word_1_342' title='bbox 966 4109 1024 4153; x_wconf 93' lang='lat' dir='ltr'>et</span> <span class='ocrx_word' id='word_1_343' title='bbox 1059 4094 1236 4154; x_wconf 73' lang='lat' dir='ltr'>nobis</span> <span class='ocrx_word' id='word_1_344' title='bbox 1272 4111 1519 4176; x_wconf 87' lang='lat' dir='ltr'>propter</span> <span class='ocrx_word' id='word_1_345' title='bbox 1552 4094 1755 4154; x_wconf 88' lang='lat' dir='ltr'>Deum</span> <span class='ocrx_word' id='word_1_346' title='bbox 1787 4093 2133 4170; x_wconf 85' lang='lat' dir='ltr'>subvenire,</span> <span class='ocrx_word' id='word_1_347' title='bbox 2182 4110 2239 4154; x_wconf 89' lang='lat' dir='ltr'>et</span> <span class='ocrx_word' id='word_1_348' title='bbox 2271 4095 2348 4154; x_wconf 85' lang='lat' dir='ltr'>ad</span> <span class='ocrx_word' id='word_1_349' title='bbox 2383 4093 2771 4154; x_wconf 89' lang='lat' dir='ltr'>liberandum</span> <span class='ocrx_word' id='word_1_350' title='bbox 2803 4111 2919 4154; x_wconf 88' lang='lat' dir='ltr'>nos</span> <span class='ocrx_word' id='word_1_351' title='bbox 2952 4092 3027 4152; x_wconf 92' lang='lat' dir='ltr'>de</span> <span class='ocrx_word' id='word_1_352' title='bbox 3063 4089 3257 4152; x_wconf 91' lang='lat' dir='ltr'>mani-</span> 
     </span>
     <span class='ocr_line' id='line_1_43' title="bbox 656 4199 3258 4278; baseline 0 -20"><span class='ocrx_word' id='word_1_353' title='bbox 656 4199 770 4258; x_wconf 90' lang='lat' dir='ltr'>bus</span> <span class='ocrx_word' id='word_1_354' title='bbox 821 4199 1395 4278; x_wconf 88' lang='lat' dir='ltr'>Longabardorum,</span> <span class='ocrx_word' id='word_1_355' title='bbox 1443 4200 1837 4261; x_wconf 87' lang='lat' dir='ltr'>inimicorum</span> <span class='ocrx_word' id='word_1_356' title='bbox 1889 4217 2243 4261; x_wconf 90' lang='lat' dir='ltr'>nostrorum</span> <span class='ocrx_word' id='word_1_357' title='bbox 2297 4201 2481 4262; x_wconf 88' lang='lat' dir='ltr'>nimis</span> <span class='ocrx_word' id='word_1_358' title='bbox 2533 4200 2889 4265; x_wconf 85' lang='lat' dir='ltr'>festinanter</span> <span class='ocrx_word' id='word_1_359' title='bbox 2939 4216 3258 4260; x_wconf 89' lang='lat' dir='ltr'>occurrere</span> 
     </span>
     <span class='ocr_line' id='line_1_44' title="bbox 655 4304 3257 4389; baseline 0 -25"><span class='ocrx_word' id='word_1_360' title='bbox 655 4304 926 4382; x_wconf 83' lang='lat' dir='ltr'>iubeatis,</span> <span class='ocrx_word' id='word_1_361' title='bbox 977 4322 1043 4366; x_wconf 91' lang='lat' dir='ltr'>ut</span> <span class='ocrx_word' id='word_1_362' title='bbox 1094 4306 1362 4367; x_wconf 89' lang='lat' dir='ltr'>fructum</span> <span class='ocrx_word' id='word_1_363' title='bbox 1413 4306 1735 4368; x_wconf 87' lang='lat' dir='ltr'>afferentes</span> <span class='ocrx_word' id='word_1_364' title='bbox 1772 4307 2119 4389; x_wconf 89' lang='lat' dir='ltr'>copiosum,</span> <span class='ocrx_word' id='word_1_365' title='bbox 2155 4307 2271 4368; x_wconf 88' lang='lat' dir='ltr'>vita</span> <span class='ocrx_word' id='word_1_366' title='bbox 2311 4322 2571 4384; x_wconf 90' lang='lat' dir='ltr'>aeterna,</span> <span class='ocrx_word' id='word_1_367' title='bbox 2620 4306 3030 4367; x_wconf 90' lang='lat' dir='ltr'>intercedente</span> <span class='ocrx_word' id='word_1_368' title='bbox 3083 4308 3257 4366; x_wconf 91' lang='lat' dir='ltr'>beato</span> 
     </span>
     <span class='ocr_line' id='line_1_45' title="bbox 656 4410 3256 4495; baseline -0 -23"><span class='ocrx_word' id='word_1_369' title='bbox 656 4412 833 4473; x_wconf 87' lang='lat' dir='ltr'>Petro</span> <span class='ocrx_word' id='word_1_370' title='bbox 869 4412 1095 4494; x_wconf 87' lang='lat' dir='ltr'>perfrui</span> <span class='ocrx_word' id='word_1_371' title='bbox 1131 4413 1508 4475; x_wconf 85' lang='lat' dir='ltr'>mereamini.</span> <span class='ocrx_word' id='word_1_372' title='bbox 1545 4415 1857 4476; x_wconf 87' lang='lat' dir='ltr'>Praefatus</span> <span class='ocrx_word' id='word_1_373' title='bbox 1876 4434 2023 4476; x_wconf 89' lang='lat' dir='ltr'>vero</span> <span class='ocrx_word' id='word_1_374' title='bbox 2056 4415 2501 4475; x_wconf 85' lang='lat' dir='ltr'>Warneharius</span> <span class='ocrx_word' id='word_1_375' title='bbox 2534 4434 2646 4495; x_wconf 91' lang='lat' dir='ltr'>pro</span> <span class='ocrx_word' id='word_1_376' title='bbox 2676 4432 2885 4474; x_wconf 91' lang='lat' dir='ltr'>amore</span> <span class='ocrx_word' id='word_1_377' title='bbox 2907 4412 3063 4473; x_wconf 91' lang='lat' dir='ltr'>beati</span> <span class='ocrx_word' id='word_1_378' title='bbox 3085 4410 3256 4479; x_wconf 83' lang='lat' dir='ltr'>Petri,</span> 
     </span>
     <span class='ocr_line' id='line_1_46' title="bbox 654 4519 3259 4603; baseline 0 -24"><span class='ocrx_word' id='word_1_379' title='bbox 654 4519 910 4581; x_wconf 90' lang='lat' dir='ltr'>loricam</span> <span class='ocrx_word' id='word_1_380' title='bbox 955 4539 1019 4580; x_wconf 92' lang='lat' dir='ltr'>se</span> <span class='ocrx_word' id='word_1_381' title='bbox 1064 4519 1347 4598; x_wconf 91' lang='lat' dir='ltr'>induens,</span> <span class='ocrx_word' id='word_1_382' title='bbox 1401 4541 1510 4603; x_wconf 85' lang='lat' dir='ltr'>per</span> <span class='ocrx_word' id='word_1_383' title='bbox 1557 4541 1770 4583; x_wconf 88' lang='lat' dir='ltr'>muros</span> <span class='ocrx_word' id='word_1_384' title='bbox 1817 4521 1992 4583; x_wconf 90' lang='lat' dir='ltr'>istius</span> <span class='ocrx_word' id='word_1_385' title='bbox 2052 4520 2269 4582; x_wconf 88' lang='lat' dir='ltr'>afflicte</span> <span class='ocrx_word' id='word_1_386' title='bbox 2324 4521 2605 4582; x_wconf 85' lang='lat' dir='ltr'>Romane</span> <span class='ocrx_word' id='word_1_387' title='bbox 2656 4519 2925 4598; x_wconf 90' lang='lat' dir='ltr'>civitatis,</span> <span class='ocrx_word' id='word_1_388' title='bbox 2981 4519 3259 4599; x_wconf 88' lang='lat' dir='ltr'>vigilabat</span> 
     </span>
     <span class='ocr_line' id='line_1_47' title="bbox 656 4625 3259 4710; baseline 0.001 -25"><span class='ocrx_word' id='word_1_389' title='bbox 656 4625 753 4686; x_wconf 94' lang='lat' dir='ltr'>die</span> <span class='ocrx_word' id='word_1_390' title='bbox 789 4641 1124 4707; x_wconf 89' lang='lat' dir='ltr'>noctuque,</span> <span class='ocrx_word' id='word_1_391' title='bbox 1160 4643 1219 4688; x_wconf 93' lang='lat' dir='ltr'>et</span> <span class='ocrx_word' id='word_1_392' title='bbox 1251 4647 1362 4710; x_wconf 88' lang='lat' dir='ltr'>pro</span> <span class='ocrx_word' id='word_1_393' title='bbox 1397 4644 1603 4691; x_wconf 89' lang='lat' dir='ltr'>nostra</span> <span class='ocrx_word' id='word_1_394' title='bbox 1636 4629 1921 4690; x_wconf 88' lang='lat' dir='ltr'>omnium</span> <span class='ocrx_word' id='word_1_395' title='bbox 1958 4629 2395 4690; x_wconf 84' lang='lat' dir='ltr'>Romanorum</span> <span class='ocrx_word' id='word_1_396' title='bbox 2428 4626 2792 4690; x_wconf 89' lang='lat' dir='ltr'>defensione</span> <span class='ocrx_word' id='word_1_397' title='bbox 2826 4643 3012 4707; x_wconf 90' lang='lat' dir='ltr'>atque</span> <span class='ocrx_word' id='word_1_398' title='bbox 3042 4626 3259 4688; x_wconf 89' lang='lat' dir='ltr'>libera-</span> 
     </span>
     <span class='ocr_line' id='line_1_48' title="bbox 655 4732 2986 4811; baseline 0 -18"><span class='ocrx_word' id='word_1_399' title='bbox 655 4732 844 4810; x_wconf 85' lang='lat' dir='ltr'>tione,</span> <span class='ocrx_word' id='word_1_400' title='bbox 892 4748 961 4794; x_wconf 92' lang='lat' dir='ltr'>ut</span> <span class='ocrx_word' id='word_1_401' title='bbox 1003 4735 1210 4796; x_wconf 81' lang='lat' dir='ltr'>bonus</span> <span class='ocrx_word' id='word_1_402' title='bbox 1260 4736 1455 4796; x_wconf 89' lang='lat' dir='ltr'>adleta</span> <span class='ocrx_word' id='word_1_403' title='bbox 1502 4736 1749 4811; x_wconf 84' lang='lat' dir='ltr'>Christi,</span> <span class='ocrx_word' id='word_1_404' title='bbox 1798 4736 2126 4797; x_wconf 90' lang='lat' dir='ltr'>decertavit</span> <span class='ocrx_word' id='word_1_405' title='bbox 2172 4735 2315 4797; x_wconf 89' lang='lat' dir='ltr'>totis</span> <span class='ocrx_word' id='word_1_406' title='bbox 2365 4735 2492 4797; x_wconf 88' lang='lat' dir='ltr'>suis</span> <span class='ocrx_word' id='word_1_407' title='bbox 2541 4754 2684 4796; x_wconf 91' lang='lat' dir='ltr'>cum</span> <span class='ocrx_word' id='word_1_408' title='bbox 2736 4735 2986 4795; x_wconf 88' lang='lat' dir='ltr'>viribus.</span> 
     </span>
    </p>

    <p class='ocr_par' dir='ltr' id='par_1_11' title="bbox 869 4839 2003 4922">
     <span class='ocr_line' id='line_1_49' title="bbox 869 4839 2003 4922; baseline 0.003 -21"><span class='ocrx_word' id='word_1_409' title='bbox 869 4842 1037 4901; x_wconf 90' lang='lat' dir='ltr'>Bene</span> <span class='ocrx_word' id='word_1_410' title='bbox 1070 4843 1277 4902; x_wconf 89' lang='lat' dir='ltr'>valete.</span> <span class='ocrx_word' id='word_1_411' title='bbox 1343 4840 1398 4921; x_wconf 92' lang='lat'>[1.</span> <span class='ocrx_word' id='word_1_412' title='bbox 1433 4861 1481 4904; x_wconf 92' lang='lat' dir='ltr'>c.</span> <span class='ocrx_word' id='word_1_413' title='bbox 1516 4861 1574 4922; x_wconf 92' lang='lat' dir='ltr'>p.</span> <span class='ocrx_word' id='word_1_414' title='bbox 1609 4839 2003 4922; x_wconf 83' lang='lat'><strong>498—500.]</strong></span> 
     </span>
    </p>
   </div>
  </div>
 </body>
</html>
