3684 5416
343 1561 400 1594 10

1102 391 1365 446 Potestas
1405 389 1780 446 ecclesiastica
1821 404 1878 446 et
1914 389 2218 463 imperium
2257 389 2432 447 civile.
2970 411 3074 465 ¹73

459 576 732 657 possidet
776 581 1081 657 regnum?
1132 575 1308 637 cuius
1353 575 1623 654 legitima
1671 575 1977 657 possessio
2010 574 2418 638 iustissimum
2451 577 2666 640 habuit
2699 578 2963 656 initium,
2996 593 3071 639 ut

457 681 556 743 avi
601 682 732 744 eius
763 680 1076 762 C[onradi]
1123 682 1510 763 imperatoris
1556 683 1730 744 divae
1778 683 2108 745 memoriae
2140 684 2257 744 alta
2290 704 2406 764 pax
2438 685 2612 766 regni
2646 702 2705 746 et
2734 684 3071 765 tranquilla

456 804 726 866 testatur,
772 789 880 869 qui
927 808 1071 850 cum
1118 788 1247 870 ipsa
1280 788 1707 851 benedictione
1741 790 2095 871 apostolica,
2131 809 2254 870 qua
2287 809 2553 870 regnum
2585 791 2835 872 accepit,
2870 789 3099 871 H[en-‚

458 893 607 976 rico]
643 895 770 956 filio
801 914 919 956 suo
950 898 1158 957 beatae
1190 896 1524 958 memoriae
1555 897 2009 958 successionem
2042 896 2173 959 eius
2205 896 2467 978 reliquit.
2500 897 2784 959 Tandem
2819 913 3065 978 paterna

454 1001 729 1082 legitima
775 1003 1166 1063 successione
1213 1022 1358 1064 cum
1404 1003 1618 1064 eadem
1653 1004 1988 1085 apostolica
2022 1004 2452 1066 benedictione
2484 1006 2559 1066 ad
2596 1003 2932 1065 Hearicum
2970 1022 3071 1064 re-

453 1128 599 1189 gem
649 1109 937 1191 pervenit.
999 1108 1128 1185 Qui
1180 1130 1326 1171 cum
1376 1111 1575 1171 bonae
1626 1109 1768 1172 fidei
1819 1130 2137 1192 possessor
2180 1110 2353 1190 regni
2400 1130 2473 1173 ex
2504 1128 2628 1172 tam
2659 1110 2822 1172 iusto
2854 1111 3071 1173 existat

451 1216 650 1289 initio,
684 1215 938 1297 insuper
968 1234 1114 1276 cum
1147 1217 1223 1275 ab
1258 1214 1352 1276 his
1383 1215 1578 1277 tribus
1612 1217 1893 1298 personis
1925 1234 2049 1278 tam
2082 1217 2342 1294 idoneis,
2377 1232 2500 1278 tam
2534 1216 2893 1298 magnificae
2926 1217 3064 1298 opi-

456 1322 680 1401 nionis,
725 1323 789 1383 in
835 1322 1214 1404 possidendo
1261 1342 1526 1402 regnum
1560 1323 1694 1384 sine
1728 1324 2161 1401 controversia,
2194 1324 2324 1385 sine
2357 1323 2533 1384 omni
2565 1323 2685 1385 litis
2717 1323 3063 1406 interpella-

450 1429 644 1506 tione,
678 1445 744 1490 ut
764 1429 929 1509 leges
949 1429 1189 1507 volunt,
1223 1428 1464 1509 legibus
1484 1445 1761 1511 patenter
1780 1430 2155 1491 satisfactum
2179 1450 2311 1491 esse
2332 1447 2757 1511 cognoscatur,
2777 1431 3073 1492 videntur

451 1535 774 1597 manifeste
806 1536 1098 1596 adversus
1130 1555 1260 1614 vos,
1283 1536 1579 1614 SaxoneS,
1613 1537 1779 1617 leges
1813 1537 1980 1618 ipsae
2013 1537 2330 1618 conqueri,
2372 1538 2544 1618 quod
2566 1538 2750 1600 unius
2773 1536 3073 1599 monachi.

452 1642 764 1704 vesaniam
809 1657 1137 1723 sequentes
1184 1658 1396 1704 contra
1443 1643 1680 1705 divinas
1721 1660 1778 1705 et
1824 1644 2131 1706 humanas
2173 1644 2360 1725 leges,
2394 1644 2732 1707 contraius
2763 1643 3061 1723 gentium,

454 1766 667 1811 contra
697 1750 794 1811 ius
825 1749 1017 1825 civile,
1054 1764 1268 1811 contra
1301 1753 1502 1812 bonos
1534 1770 1756 1828 moreS,
1791 1767 1999 1812 contra
2034 1751 2342 1813 humanae
2373 1751 2528 1813 vitae
2561 1769 2820 1813 omnem
2851 1750 3071 1832 aequi-

451 1871 639 1917 tatem
686 1871 916 1917 armata
949 1856 1006 1917 vi
1036 1857 1209 1937 regni
1245 1856 1629 1919 invasionem
1663 1856 1902 1919 fecistis.
1966 1858 2127 1919 Nam
2160 1858 2224 1918 in
2257 1858 2409 1919 sexti
2439 1857 2574 1919 libri
2606 1857 3068 1920 constitutioni-

453 1966 571 2024 bus
616 1963 874 2024 habetur
920 1965 1031 2025 ita:
1083 1963 1286 2045 Longi
1331 1967 1621 2046 temporis
1651 1967 2074 2046 praescriptio
2120 1965 2240 2038 his,
2285 1969 2396 2047 qui
2437 1966 2592 2027 bona
2615 1966 2762 2044 fide
2792 1972 3063 2047 coeptam

341 2095 395 2140 ¹5
437 2072 889 2151 possessionem
922 2091 1033 2130 nec
1063 2072 1468 2152 interruptam
1502 2072 1928 2152 inquietudine
1962 2071 2094 2131 litis
2116 2077 2461 2145 tenuerunt,
2467 2075 2870 2153 patrocinari
2882 2072 3063 2133 solet.v

337 3164 398 3209 ²5

340 4235 398 4281 35

453 2178 529 2237 Et
558 2177 701 2238 item
738 2176 896 2238 inter
928 2193 1223 2239 caeteras:
1271 2177 1709 2239 Diuturnitate
1727 2180 2148 2258 possessionis
2164 2184 2420 2259 partam
2451 2181 2839 2238 securitatem
2872 2177 3069 2238 male-

447 2285 665 2358 ficium
710 2283 972 2345 alterius
1004 2285 1255 2345 turbare
1284 2305 1404 2346 non
1421 2291 1646 2366 potest.
1710 2284 2092 2345 Intellexistis
2126 2285 2329 2363 igitur,
2362 2299 2589 2365 quanta
2623 2283 2834 2344 fraude
2868 2300 3058 2344 extre-

451 2409 591 2451 mae
638 2391 982 2453 monachus
1026 2390 1370 2452 dementiae
1417 2407 1627 2452 contra
1673 2391 1837 2470 leges
1885 2409 2001 2472 pro
2046 2391 2221 2453 vobis
2266 2390 2412 2471 ipsis
2458 2390 2735 2452 conditas
2766 2390 3075 2451 violenter

451 2497 825 2559 contendere
871 2496 1046 2558 vobis
1092 2497 1422 2579 persuasit?
1486 2498 1728 2580 Nempe
1776 2516 1922 2558 curn
1955 2498 2021 2558 in
2053 2498 2285 2559 iudicio
2321 2498 2678 2559 diuturnam
2711 2497 2884 2576 regni
2916 2517 3061 2579 pos-

450 2604 793 2665 sessionem
838 2603 1191 2665 nullatenus
1235 2605 1580 2685 inquietare
1625 2605 1905 2686 possetiS,
1954 2605 2140 2667 armis
2186 2625 2321 2666 eam
2369 2606 2531 2667 iusto
2564 2604 2901 2686 possessori
2934 2621 3067 2664 tur-

451 2710 622 2772 batis.
686 2710 950 2772 Abolitis
995 2711 1163 2773 enim
1208 2712 1469 2792 legibus,
1518 2731 1732 2773 nonne
1778 2731 1999 2794 parum
2045 2714 2246 2774 vivere
2279 2734 2312 2774 a
2344 2713 2536 2775 brutis
2569 2711 2935 2773 animalibus
2968 2731 3073 2773 re-

451 2817 852 2897 darguimur?
916 2818 1210 2893 Quorum
1256 2839 1398 2880 cum
1447 2838 1556 2901 par
1586 2819 1706 2881 vita
1736 2820 1830 2892 sit,
1868 2820 2110 2881 nullum
2146 2835 2236 2881 est
2265 2820 2550 2903 superius
2581 2839 2694 2881 nec
2724 2819 2788 2881 in
2820 2819 3075 2900 pascuis·

454 2924 765 3006 pascendo
811 2925 1134 3007 proprium
1173 2926 1404 2987 obtinet
1435 2926 1663 2987 locum.
1729 2926 1851 2988 Sed
1885 2945 2030 2988 cum
2061 2927 2206 3007 sitis,
2241 2926 2533 3007 Saxones,
2565 2925 2902 3008 prudentes
2932 2925 3075 3002 viri,.

454 3030 710 3093 rationis
755 3031 953 3109 amici,
1009 3051 1138 3093 non
1184 3048 1274 3093 est
1318 3048 1522 3094 tutum
1571 3033 1956 3094 committere
2002 3052 2112 3094 vos
2146 3050 2391 3108 nautae,
2424 3034 2531 3115 qui
2564 3050 2818 3117 portum
2850 3051 3077 3113 capere·

455 3138 807 3218 navigando
854 3139 987 3200 sine
1038 3139 1220 3201 remis
1269 3140 1643 3201 contendere
1676 3188 2043 3203 ........
2109 3141 2269 3216 Quis
2315 3142 2480 3203 enim
2529 3144 2605 3203 ab
2650 3140 2885 3205 insania
2933 3139 3076 3200 eius-

455 3265 589 3306 non
622 3245 963 3321 abhorreat,
995 3243 1103 3325 qui
1136 3244 1267 3305 sine
1298 3244 1538 3324 legibus
1570 3260 1780 3306 contra
1813 3245 2013 3325 legem
2049 3246 2355 3327 praedicat
2386 3246 2783 3328 imperatores
2815 3262 2871 3306 et
2892 3263 3079 3323 reges

455 3351 815 3433 progenitos
847 3373 879 3412 a
912 3371 978 3412 se
1010 3352 1266 3413 heredes
1298 3352 1469 3431 regni
1504 3353 1727 3413 habere
1762 3370 1893 3412 non
1927 3358 2145 3433 posse?
2197 3351 2504 3413 Consules
2538 3353 2686 3413 olim
2721 3372 2851 3414 non
2887 3366 3065 3433 pote-

455 3473 609 3538 rant,
655 3459 764 3520 sed
809 3458 1281 3540 imperatoribus
1328 3474 1388 3519 et
1420 3458 1667 3537 regibus
1700 3459 1851 3519 haec
1881 3478 2127 3539 semper
2159 3458 2401 3519 licentia
2436 3458 2564 3519 fuit.
2628 3460 2711 3521 Ut
2743 3460 2818 3519 de
2852 3458 3077 3519 multis-

457 3585 650 3646 pauca
696 3585 1207 3643 commemorem,
1255 3564 1631 3627 Octavianus
1677 3565 1920 3643 Caesar,
1973 3565 2081 3645 qui
2112 3565 2459 3647 Tyberium
2492 3564 2845 3646 privignum
2876 3584 3075 3625 suum,

457 3673 631 3753 regni
695 3673 978 3735 heredem
1039 3672 1371 3751 constituit,
1421 3688 1742 3754 poteratne
1794 3671 1994 3732 filium
2042 3672 2376 3749 instituere,
2429 3670 2477 3731 si
2531 3671 2727 3731 filium
2778 3672 3063 3733 haberet?

458 3779 672 3856 Quid?
721 3779 1048 3861 Tyberim,
1100 3779 1208 3860 qui
1255 3798 1399 3840 cum
1448 3778 1553 3838 filii
1586 3778 1680 3838 sui
1715 3777 1899 3838 Drusi
1932 3776 2131 3837 filium
2164 3776 2339 3857 regni
2374 3777 2664 3837 heredem
2698 3779 2921 3838 habere
2954 3796 3075 3837 vo-

457 3887 687 3965 luisset,
719 3887 943 3949 Caium
975 3886 1319 3966 Caligulam
1355 3886 1550 3947 fratris
1582 3885 1678 3946 sui
1713 3883 1911 3945 filium
1943 3884 2203 3945 errando
2237 3884 2527 3945 heredem
2557 3883 2833 3945 instituit.
2880 3883 3064 3946 Unde

458 3994 754 4075 Iosephus
799 3994 864 4055 in
907 3992 1160 4054 historia
1205 3993 1386 4054 refert
1430 3993 1669 4054 dicens:
1740 3990 2024 4074 Tyberius
2070 3997 2294 4065 autem,
2340 3998 2408 4052 ut
2449 3992 2607 4051 vidit
2637 3990 2885 4064 Caium,
2919 3996 3077 4050 tunc·

441 4104 724 4184 primum
757 4101 1062 4162 intellexit
1089 4103 1427 4161 maiestatis
1460 4109 1757 4181 supernae
1779 4100 2139 4181 potentiam,
2172 4105 2232 4158 et
2248 4099 2413 4179 quod
2428 4118 2545 4158 non
2566 4100 2732 4159 sitin
2753 4098 3075 4159 hominum·

443 4215 753 4292 potestate
800 4209 873 4269 de
924 4209 1175 4289 imperii
1218 4210 1652 4268 constitutione
1701 4208 2038 4267 decernere.
2129 4206 2442 4266 Attendite
2491 4206 2715 4286 itaque,
2769 4189 3063 4283 SaxoneS,

460 4336 652 4397 quam
698 4314 1018 4377 manifeste
1065 4315 1440 4376 declaratum
1487 4314 1561 4375 sit
1608 4314 1668 4375 in
1702 4312 2091 4393 l[ldebrandi]
2127 4313 2418 4375 monachi
2451 4329 2508 4374 et
2540 4327 2734 4373 vestra
2768 4326 3075 4392 potestate

461 4442 594 4485 non
625 4443 755 4484 esse
789 4423 865 4484 de
897 4440 1092 4501 regno
1125 4418 1440 4501 H[enrico]
1476 4420 1602 4502 regi
1634 4420 1921 4481 divinitus
1955 4420 2097 4481 dato
2129 4420 2473 4481 decernere.
2509 4418 2818 4495 Quocirca
2850 4418 3076 4481 divino-

463 4545 622 4592 nutu
675 4548 1012 4611 regnorum
1064 4529 1517 4590 ordinationem
1564 4528 1694 4589 fieri
1741 4527 1893 4589 nulli
1941 4528 2205 4589 dubium
2250 4547 2380 4588 esse
2414 4543 2667 4589 constat.
2732 4527 2851 4589 Sed
2886 4543 2954 4588 ut
2985 4529 3061 4589 ad

459 4636 699 4717 incepta
745 4637 1009 4713 redeam,
1055 4635 1193 4717 quis
1238 4636 1427 4697 nescit
1460 4636 1945 4697 Constantinum
1990 4634 2422 4715 imperatorem
2470 4655 2656 4715 regna
2704 4634 2841 4695 filiis
2885 4650 3065 4696 testa-

343 4768 405 4811 40
463 4759 675 4806 mento
705 4743 895 4805 divisa
928 4743 1282 4824 reliquisse?
1315 4743 1644 4806 Gratianus
1676 4758 1900 4821 autem,
1933 4741 2041 4822 qui
2059 4742 2497 4803 Theodosium
2519 4742 2691 4823 regni
2714 4757 3074 4803 consortem

463 4852 701 4927 fecerat,
735 4867 1048 4934 poteratne
1079 4851 1296 4924 filium,
1315 4851 1364 4912 si
1398 4853 1664 4925 haberet,
1687 4851 1861 4932 regni
1895 4851 2183 4911 heredem
2219 4850 2455 4910 facere?
2485 4850 2571 4912 Ut
2589 4849 2854 4931 antiquis
2875 4850 3065 4911 omis-

463 4960 546 5021 sis
576 4959 653 5020 ad
686 4974 930 5020 nostros
964 4958 1224 5037 veniam,
1260 4959 1481 5038 legitur
1511 4959 1586 5019 ad
1618 4958 1919 5019 Carolum
1951 4957 2122 5038 regni
2153 4957 2645 5036 gubernaculum
2676 4976 2788 5037 pro
2822 4973 3077 5018 sanctae
