3684 5416
1055 433 1314 488 Potestas
1353 433 1732 490 ecclesiastica
1771 449 1829 491 et
1866 435 2168 508 imperium
2206 435 2382 491 civile.
2927 455 3024 511 137

413 630 481 675 ut
528 616 895 694 monachus,
944 617 994 678 si
1039 618 1117 678 ad
1163 619 1517 681 clericatum
1548 634 1895 701 proveatur,
1930 621 2322 703 propositum
2353 620 2752 683 monachicae
2785 621 3020 703 profes-

413 720 609 782 sionis
641 741 773 785 non
804 724 1119 785 ammittat.
1184 723 1415 805 [Innoc.
1448 747 1496 787 c.
1541 725 1653 807 17.]

631 830 734 891 28.
782 829 1193 894 Omnibus,
1255 833 1403 895 Item
1436 833 1497 895 in
1530 836 1755 897 eodem
1786 834 2074 915 concili0,
2109 850 2197 911 ut,
2230 835 2281 896 si
2314 835 2513 897 clerici
2546 834 2702 897 inter
2732 853 2798 896 se
2829 853 3022 914 nego·

405 933 569 996 tium
613 936 868 1018 aliquod
914 937 1260 1018 habuerint,
1306 960 1340 1000 a
1384 959 1500 1001 suo
1546 940 1838 1022 episcopo
1884 941 2314 1017 diiudicentur,
2363 961 2492 1004 non
2542 963 2577 1004 a
2626 941 3018 1003 secularibus.

329 1061 353 1105 5
411 1039 629 1121 [Cone.
662 1043 874 1106 Chalc.
909 1064 957 1107 c.
992 1043 1070 1124 9.]

630 1169 731 1228 29.
782 1149 1190 1214 Omnibus.
1253 1154 1401 1215 Item
1448 1154 1509 1217 in
1539 1155 1763 1216 eodem
1796 1155 2079 1232 concili0‚
2114 1170 2181 1216 ut
2214 1174 2326 1217 nec
2357 1154 2558 1217 clerici
2588 1175 2702 1218 nec
2734 1155 3020 1217 monachi

406 1256 894 1337 conspirationes
926 1260 1024 1321 vel
1047 1259 1295 1321 insidias
1319 1275 1529 1323 contra
1555 1277 1863 1342 pastorem
1878 1280 2063 1322 suum
2082 1261 2320 1324 faciant.
2355 1262 2577 1340 [Cone.
2593 1262 2804 1325 Chalc.
2825 1282 2873 1323 c.
2904 1282 2925 1323 t
2942 1259 3019 1342 8.]

629 1384 726 1445 30.
774 1364 1185 1429 Omnibus,
1251 1367 1402 1430 Item
1446 1369 1513 1429 in
1558 1368 1780 1430 eodem
1827 1368 2112 1448 concilio,
2144 1384 2213 1430 ut
2246 1368 2380 1430 laici
2410 1368 2732 1452 episcopos
2764 1385 2870 1430 aut
2899 1368 3021 1430 cle-

404 1469 567 1531 ricos
600 1490 730 1533 non
762 1490 1069 1551 accusent,
1105 1474 1221 1536 nisi
1253 1476 1424 1557 prius
1443 1495 1664 1538 eorum
1683 1476 2039 1538 discutiatur
2057 1476 2521 1539 existimationis
2541 1476 2770 1558 opinio,
2805 1474 3019 1556 [Cone.

301 1594 351 1628 ¹⁰
405 1577 621 1641 Chalc.
655 1598 703 1639 c.
741 1578 859 1660 21.]

629 1707 728 1767 3¹·
778 1686 1189 1750 Omnibus.
1267 1689 1416 1751 Item
1464 1688 1527 1749 in
1573 1688 1816 1767 eodem,
1862 1704 1932 1749 ut
1974 1688 2109 1750 loca
2154 1708 2312 1769 quae
2357 1687 2548 1749 semel
2583 1688 2718 1749 Deo
2748 1687 3020 1748 dedicata

403 1809 556 1855 sunt
604 1808 675 1855 ut
724 1796 1095 1857 monasteria
1145 1795 1281 1875 sint,
1332 1809 1623 1857 maneant
1668 1810 1967 1877 perpetuo
2013 1795 2399 1873 monasteria,
2446 1812 2560 1855 nec
2592 1794 2833 1876 possint
2863 1793 3022 1854 ultra

401 1900 539 1962 fieri
569 1902 898 1963 saecularia
931 1903 1292 1964 habitacula.
1360 1901 1576 1984 [Cone.
1609 1902 1819 1965 Chalc.
1856 1922 1905 1965 c.
1942 1900 2065 1982 24]

627 2028 726 2089 32.
777 2008 1186 2070 Omnibus.
1248 2010 1318 2072 In
1364 2009 1626 2071 concilio
1660 2009 2134 2092 Cartaginense:
2190 2009 2392 2090 primo
2437 2008 2723 2069 omnium
2768 2022 2837 2067 ut
2868 2005 3022 2068 fides

297 2136 344 2181 ¹5
401 2129 653 2177 sanctae
683 2114 998 2178 Trinitatis
1029 2131 1090 2178 et
1119 2115 1549 2180 incarnationis
1570 2116 1816 2194 Christi,
1854 2117 2152 2198 passionis
2172 2132 2231 2177 et
2249 2114 2710 2177 resurrectionis
2730 2129 2789 2174 et
2806 2132 3020 2175 ascen·

400 2221 598 2284 sionis
629 2221 692 2283 in
723 2223 889 2284 celos
920 2223 1242 2304 diligenter
1271 2225 1569 2286 omnibus
1601 2222 1967 2305 predicetur.
2017 2221 2233 2303 [Cone.
2252 2223 2463 2285 Carth.
2495 2219 2804 2282 Professio
2837 2216 3015 2299 fidei.]

628 2349 728 2410 33.
778 2328 1185 2392 Omnibus.
1247 2313 1514 2392 Item‘in
1564 2331 1786 2392 eodem
1836 2331 1917 2392 de
1968 2331 2352 2412 prohibenda
2397 2328 2661 2406 avaritia,
2709 2342 2777 2388 ut
2808 2327 3020 2388 nullus

400 2436 642 2498 alienos
673 2435 827 2498 fines
861 2453 1114 2519 usurpet
1143 2437 1241 2499 vel
1269 2439 1568 2500 terminos
1600 2452 1842 2519 patrum
1879 2437 2284 2499 transcendat.
2352 2434 2604 2516 [Ibidem
2636 2454 2689 2495 c.
2731 2431 2803 2514 5.]

626 2564 725 2624 34.
777 2543 1189 2606 Omnibus.
1254 2545 1401 2605 Item
1455 2544 1522 2605 in
1572 2545 1796 2606 eodem
1849 2545 1926 2606 de
1978 2545 2076 2606 his
2121 2544 2231 2625 qui
2276 2543 2342 2605 in
2389 2541 2664 2625 periculo
2708 2539 3018 2603 constituti

291 2677 347 2712 20
399 2665 551 2713 sunt
593 2665 654 2713 et
697 2666 1064 2714 convertunt
1094 2671 1159 2714 se
1191 2651 1268 2713 ad
1303 2653 1527 2732 Deum,
1565 2666 1636 2714 ut
1667 2652 1961 2714 canonice
1995 2651 2305 2734 requirant
2337 2649 2926 2726 reconciliacionem,
2961 2663 3019 2711 et

397 2758 704 2820 canonice
736 2760 1226 2821 reconcilientur.
1299 2758 1553 2840 [Ibidem
1586 2780 1634 2823 c.
1670 2757 1747 2839 7.]

626 2885 723 2946 35.
773 2865 1185 2929 Omnibus.
1248 2867 1400 2929 Item
1443 2867 1505 2930 in
1536 2867 1783 2944 eodem,
1827 2883 1898 2930 ut
1928 2866 2013 2928 illi
2047 2866 2155 2947 qui
2187 2885 2318 2927 non
2351 2881 2495 2927 sunt
2528 2867 2729 2927 bonae
2760 2882 3017 2926 conver·

393 2971 663 3033 sationis
694 2988 755 3033 et
784 2992 1004 3034 eorum
1034 2974 1153 3035 vita
1185 2989 1276 3035 est
1308 2974 1682 3053 accusabilis,
1713 2991 1783 3035 ut
1814 2992 1943 3035 non
1975 2973 2239 3035 audeant
2269 2972 2596 3055 episcopos
2624 2971 2723 3031 vel
2755 2969 3018 3032 maiores

399 3095 554 3142 natu
586 3098 888 3140 accusare.
951 3079 1206 3160 [Ibidem
1241 3099 1292 3142 c.
1330 3078 1406 3160 8.]
2119 3090 2122 3094 ’

292 3212 343 3258 ²5
626 3188 726 3267 36.
779 3186 1189 3249 Omnibus.
1252 3188 1403 3249 Item
1451 3188 1515 3248 in
1561 3188 1805 3258 eodem,
1856 3202 1924 3249 ut
1969 3187 2080 3269 qui
2124 3186 2663 3250 excommunicato
2697 3202 3016 3266 praesum·

400 3294 561 3356 tiose
593 3294 1142 3356 communicaverit
1173 3295 1743 3358 excommunicetur
1774 3308 1833 3355 et
1867 3294 2014 3376 ipse.
2064 3292 2319 3374 [Ibidem
2352 3312 2402 3357 c.
2436 3290 2513 3373 9.]

625 3421 727 3481 37.
780 3399 1377 3464 Sacerdotibus.
1437 3402 1588 3463 Item
1636 3402 1698 3463 in
1730 3403 1955 3463 eodem
1987 3400 2254 3463 concilio
2285 3400 2441 3461 infra
2474 3399 2604 3461 duo
2636 3398 2917 3479 capitula,
2953 3412 3019 3458 ut

401 3507 618 3571 nullus
663 3511 974 3590 presbyter
1019 3524 1231 3570 contra
1281 3528 1469 3570 suum
1501 3508 1860 3590 episcopum
1893 3507 2208 3590 superbire
2239 3507 2476 3568 audeat.
2557 3504 2772 3585 [Cone.
2807 3503 3016 3567 Carth.

400 3635 453 3677 c.
502 3635 599 3693 10,
645 3634 750 3692 11;
801 3616 955 3678 Can.
989 3620 1205 3697 Apost.
1239 3614 1362 3697 32]

292 3748 348 3794 30
629 3723 728 3803 38.
778 3721 1068 3784 Omnib
1089 3743 1128 3784 u
1147 3744 1194 3784 s,
1274 3723 1424 3784 Item
1471 3723 1534 3784 in
1580 3721 1821 3798 eodem,
1869 3738 1937 3782 ut
1966 3720 2166 3782 clerici
2199 3736 2255 3781 et
2287 3719 2636 3781 eclesiastici
2668 3719 2935 3789 ordines,
2967 3718 3016 3779 si

402 3829 653 3910 culpam
700 3827 1096 3904 incurrerint,
1132 3845 1201 3889 ut
1232 3829 1395 3911 apud
1429 3828 1865 3890 ecclesiasticos
1899 3827 2265 3905 iudicentur,
2299 3845 2429 3889 non
2461 3827 2625 3908 apud
2658 3825 3015 3886 saeculares.

401 3933 626 4015 [Cone.
656 3936 862 3999 Carth.
894 3954 943 3996 c.
988 3933 1099 4015 15·]
1351 3944 1355 3946 ’

624 4063 725 4123 39.
776 4042 1187 4105 Omnibus.
1249 4043 1402 4105 Item
1448 4043 1513 4103 in
1559 4043 1805 4119 eodem,
1854 4057 1938 4121 ut,
1985 4040 2094 4121 qui
2139 4039 2625 4101 commodaverit
2670 4038 3010 4121 pecuniam.

404 4148 734 4232 pecuniam
784 4149 1068 4231 accipiat;
1133 4150 1183 4211 si
1232 4150 1501 4231 speciem
1553 4150 1753 4227 aliam,
1803 4149 2064 4210 eandem
2116 4146 2385 4228 speciem
2430 4161 2737 4226 quantum
2784 4144 3018 4206 dederit

295 4283 347 4329 35
403 4255 680 4338 accipiat.
749 4254 965 4336 [Cone.
996 4258 1203 4319 Carth.
1237 4276 1286 4320 c.
1330 4254 1441 4335 16.]

620 4382 728 4444 40.
774 4362 1184 4425 Omnibus.
1231 4364 1296 4424 In
1326 4362 1594 4425 concilio
1625 4363 1939 4443 Africano,
1975 4377 2044 4424 ut
2073 4361 2340 4442 virgines
2374 4362 2512 4422 Deo
2542 4375 2808 4421 sacratae
2827 4379 2860 4419 a
2880 4378 3017 4439 gra·

404 4469 681 4531 vioribus
712 4472 993 4551 personis
1024 4472 1301 4553 diligenti
1333 4473 1613 4534 custodia
1644 4488 1981 4534 serventur.
2045 4469 2261 4551 [Cone.
2292 4470 2478 4532 Afric.
2509 4489 2559 4533 c.
2602 4490 2622 4530 1
2647 4467 2714 4549 t.]

622 4593 727 4657 41.
760 4579 1206 4661 Episcopis.
1272 4580 1419 4641 Item
1451 4580 1515 4641 in
1548 4581 1790 4657 eodem,
1825 4596 1896 4640 ut
1928 4598 2055 4641 non
2087 4577 2262 4639 liceat
2294 4577 2587 4659 episcopo
2621 4574 3018 4658 principalem

407 4684 760 4746 cathedram
789 4704 936 4747 suae
969 4685 1324 4768 parrochiae
1358 4686 1680 4765 neglegere
1716 4701 1775 4747 et
1806 4686 1883 4746 ad
1916 4686 2182 4766 aliquam
2220 4674 2538 4746 ecclesiam
2560 4683 2623 4744 in
2643 4703 2753 4744 sua
2776 4683 3017 4744 diocese

298 4817 355 4857 40
409 4792 604 4872 magis
636 4791 1043 4873 frequentare.
1107 4791 1358 4871 [Ibidem
1391 4811 1441 4856 c.
1480 4789 1597 4873 38.]

622 4919 726 4978 42.
772 4898 1217 4981 Episcopis.
1279 4898 1423 4962 Item
1471 4899 1537 4960 in
1583 4898 1820 4969 eodem,
1871 4914 1938 4959 ut
1984 4898 2129 4959 falsa
2175 4897 2426 4959 nomina
2460 4912 2799 4977 martyrum
2832 4911 2891 4956 et
2923 4896 3018 4957 in-

411 5021 605 5069 certae
638 5022 994 5068 sanctorum
1026 5005 1361 5068 memoriae
1395 5024 1523 5067 non
1554 5022 1943 5068 venerentur.
2011 5002 2262 5083 [Ibidem
2309 5024 2357 5064 c.
2398 5001 2515 5083 5o.]
