3684 5416
287 1532 334 1566 to

287 2068 330 2113 ι5

285 2602 334 2634 ²0

286 3136 332 3181 ²5

288 3669 338 3715 30

291 4203 339 4249 35

1023 362 1289 416 Potestas
1329 359 1712 416 ecclesiastica
1751 373 1809 416 et
1845 359 2149 433 imperium
2190 360 2369 416 civile.
2901 378 2996 433 ¹50

387 563 500 607 nec
531 545 778 607 aliunde
810 545 1050 627 copiam
1084 545 1162 607 ad
1193 566 1305 608 vos
1335 544 1701 607 transeundi
1730 545 2136 621 haberemus-{3
2186 563 2316 607 non
2350 547 2530 627 parva
2562 545 2992 623 sollicitudine,

385 650 536 730 quid
567 651 961 733 potissimum
995 653 1174 715 nobis
1202 653 1517 733 agendum
1550 652 1726 730 foret,
1756 652 2163 716 circumventi·
2189 671 2429 715 sumuS.

596 759 846 821 Interim
878 780 1044 836 vere,
1076 780 1289 841 regem
1323 761 1671 839 adventare,
1702 775 1866 823 certe
1899 759 2331 840 cognovimus.
2397 757 2525 834 Qui
2557 758 2761 837 etiam,
2796 760 2995 841 prius-

384 883 571 944 quam
618 865 899 930 intrasset
927 867 1177 945 Italiam,
1223 868 1531 950 supplices
1569 868 1646 929 ad
1680 886 1798 929 nos
1826 867 2067 945 legatos
2098 866 2513 948 praemittens,
2547 885 2658 948 per
2687 867 2899 928 omnia
2931 886 2995 928 se

383 972 833 1035 satisfacturum
880 975 999 1037 deo
1035 990 1109 1036 ¹et
1151 990 1366 1036 sancto
1398 976 1579 1037 Petro
1625 994 1695 1036 ac
1728 974 1927 1052 nobis,
1960 974 2216 1048 obtulit;
2278 988 2360 1051 et,
2384 975 2466 1035 'ad
2499 973 2995 1035 emendationem

382 1078 538 1140 vitae
570 1099 717 1141 suae
750 1101 1004 1144 omnem
1034 1101 1100 1143 se
1131 1096 1520 1144 servaturum
1553 1080 2031 1159 oboedientiam,
2049 1079 2397 1161 repromisit
2409 1083 2431 1155 ;’
2460 1080 2810 1142 dummodo
2829 1081 2997 1162 apud

385 1204 501 1247 nos
545 1187 953 1251 absolutionis
997 1204 1057 1250 et
1101 1189 1480 1270 apostolicae
1512 1187 1961 1250 benedictionis
1991 1186 2248 1266 gratiam
2282 1187 2609 1268 impetrare
2642 1202 2994 1248 mereretur.

384 1291 578 1368 Quod
626 1313 769 1358 cum
818 1296 923 1357 diu
972 1296 1182 1357 multis
1215 1294 1769 1357 consultationibus
1789 1293 2171 1372 differentes,
2201 1292 2416 1355 acriter
2446 1313 2592 1356 eum
2622 1294 2702 1355 de
2734 1293 2860 1355 suis
2894 1314 2997 1355 ex-

384 1400 656 1462 cessibus
691 1420 800 1482 per
831 1421 1052 1465 omnes
1085 1403 1184 1465 cui
1218 1403 1704 1465 intercurrebant
1733 1401 2001 1463 nuncios
2032 1401 2575 1480 redargueremus3
2610 1400 2859 1463 tandem
2891 1421 2999 1483 per

382 1523 579 1569 semet
610 1507 834 1589 ipsum,
869 1508 1308 1572 nichil'host‘tle
1340 1524 1447 1571 aut
1476 1507 1873 1571 temerarium
1904 1512 2239 1585 ostentans,
2276 1508 2355 1569 ad
2387 1507 2688 1590 oppidum
2721 1507 2995 1584 Canusii,

383 1615 446 1677 in
478 1634 612 1696 quo
643 1614 866 1676 morati
898 1634 1137 1693 sumus,
1168 1635 1314 1678 cum
1339 1615 1555 1698 'paucis
1586 1614 1853 1677 advenit.
1892 1614 2107 1696 Ibique
2134 1634 2248 1698 per
2275 1615 2556 1678 triduum
2586 1631 2725 1678 ante
2757 1633 2995 1698 portam

382 1721 574 1799 castri,
609 1720 894 1802 deposito
928 1741 1115 1784 omne
1150 1722 1320 1803 regio
1352 1722 1542 1799 cultu,
1578 1721 2023 1803 miserabiliter,
2057 1737 2271 1804 utpote
2304 1722 2686 1785 discalciatus
2717 1739 2777 1785 et
2807 1723 2998 1786 laneis

383 1827 662 1907 indutus,
697 1828 1042 1910 persistens,
1088 1848 1219 1892 non
1251 1829 1419 1911 prius
1453 1848 1597 1890 curn
1630 1828 1832 1892 multo
1864 1828 2014 1891 fletu
2044 1828 2418 1911 apostolicae
2448 1829 2858 1891 miserationis
2888 1849 3000 1892 au-

381 1935 597 1999 xilium
631 1945 690 1998 et
721 1936 1215 1999 consolationem
1246 1936 1578 2018 implorare
1608 1935 1855 2014 destitit,
1902 1956 2093 2017 quam
2126 1936 2512 2017 omnes‚'qui
2544 1936 2911 2024 ibiade'rant
2941 1953 3000 1999 et

383 2042 459 2106 ad
490 2052 657 2125 quos
690 2052 909 2106 rut‘nor
940 2043 1043 2106 ille
1074 2044 1369 2126 pervenit,
1399 2043 1478 2105 ad
1506 2059 1739 2105 tantam
1772 2043 2062 2126 pietatem
2092 2059 2153 2104 et
2185 2043 2633 2126 compassionis
2652 2044 2998 2106 misericor-

383 2150 547 2212 diam
598 2150 825 2214 movit:
878 2167 965 2230 ut,
1015 2171 1127 2233 pro
1172 2171 1248 2214 eo
1291 2151 1499 2232 multis
1546 2151 1831 2233 precibus
1876 2166 1937 2212 et
1979 2150 2245 2212 lacrimis
2288 2149 2748 2229 intercedentes,
2779 2155 3000 2212 omnes

382 2257 642 2338 quidem
692 2258 1002 2321 insolitam
1043 2275 1291 2321 nostrae
1311 2313 1318 2318 .
1341 2258 1560 2320 mentis
1606 2258 1896 2320 duritiam
1948 2258 2334 2335 mirarentur,
2379 2257 2668 2319 nonnulli
2712 2277 2880 2336 ver0,
2934 2259 2998 2320 in

383 2364 568 2427 nobis
615 2385 744 2429 non
791 2365 1159 2447 apostolicae
1206 2365 1539 2428 severitatis
1587 2365 1947 2447 gravitatem
1991 2365 2102 2427 sed
2146 2363 2324 2446 quasi
2367 2362 2719 2447 tyrannicae
2752 2364 3001 2425 feritatis

383 2471 809 2534 crudelitatem
841 2492 992 2550 esse,
1024 2473 1368 2535 clamarent.
2022 2534 2026 2538 .

601 2580 889 2660 Denique
921 2579 1206 2641 instantia
1239 2578 1737 2661 compunctionis
1769 2578 1905 2640 eius
1936 2593 1997 2639 et
2026 2592 2191 2639 tanta
2210 2575 2499 2639 omnium
2522 2576 2628 2656 qui
2649 2575 2732 2636 ibi
2751 2576 3000 2637 aderant

383 2686 831 2771 supplicatione
863 2687 1100 2764 devicti,
1131 2687 1380 2750 tandem
1409 2705 1579 2766 eum,
1613 2687 1884 2749 relaxato
1914 2684 2317 2749 anathematis
2336 2683 2610 2763 vincu10,
2631 2683 2694 2746 in
2713 2702 2998 2746 commu-

383 2794 589 2856 nionis
633 2794 889 2874 gratiam
923 2810 981 2856 et
1013 2795 1497 2857 sinum-sanctae
1527 2795 1738 2856 matris
1769 2793 2059 2856 ecclesiae
2090 2792 2468 2874 recepimus;
2523 2791 2783 2873 acceptis
2814 2794 2890 2852 ab
2924 2811 3000 2854 eo

384 2901 829 2979 securitatibus,
879 2921 1038 2982 quae
1085 2901 1340 2963 inferius
1385 2902 1642 2983 scriptae
1689 2916 1851 2964 sunt.
1904 2900 2200 2977 ‘Quarum
2248 2898 2428 2960 etiam
2464 2897 2999 2960 confirmationem

385 3027 494 3090 per
538 3028 765 3070 manus
810 3009 1046 3071 abbatis
1077 3008 1504 3070 Cluniacensis
1551 3009 1652 3085 (sc.
1689 3009 2001 3089 Hugonis)
2048 3022 2109 3069 et
2152 3007 2417 3069 filiarum
2465 3022 2819 3069 nostrarum
2866 3006 2998 3067 Ma-

383 3115 592 3177 thildis
625 3132 683 3177 et
714 3104 1057 3177 comitissae
1078 3116 1366 3177 Adelaiae
1388 3131 1447 3176 et
1466 3116 1731 3177 aliorum
1753 3115 2123 3198 principum,
2144 3104 2583 3197 episcoporum
2602 3129 2661 3175 et
2677 3113 2997 3191 laicorum,

386 3222 494 3302 qui
526 3223 709 3285 nobis
742 3216 820 3284 ad
853 3224 976 3284 hoc
1005 3222 1187 3285 utiles
1215 3223 1330 3284 visi
1355 3234 1522 3300 sunt,
1554 3223 1919 3304 recepimus

603 3329 715 3392 His
747 3330 954 3410 itaque
985 3331 1082 3391 sic‘-
1104 3331 1377 3412 peractis,
1401 3346 1467 3392 ut
1485 3331 1564 3392 ad
1586 3349 1797 3411 pacem
1819 3330 2107 3393 ecclesiae
2125 3344 2186 3392 et
2204 3328 2600 3392 concordiam
2620 3328 2812 3409 regni,
2844 3328 3000 3389 sicut

387 3437 492 3498 diu
547 3436 1049 3516 desideravimuS,
1102 3436 1310 3498 omnia
1358 3438 1602 3519 plenius
1664 3438 1786 3499 deo
1836 3438 2166 3499 adiuvante
2212 3452 2493 3518 coaptare
2539 3436 2871 3517 possimus,
2923 3434 2999 3494 ad

386 3532 587 3627 partes
621 3534 862 3607 'vestras
908 3547 1045 3607 data
1077 3545 1350 3628 primum
1381 3546 1838 3627 opportunitate
1869 3546 2127 3608 transire
2158 3545 2463 3626 cupimus.
2527 3544 2666 3605 Hoc
2705 3543 2870 3604 enim
2904 3543 2999 3604 di·-

386 3654 722 3716 lectionem
767 3668 1034 3715 vestram
1077 3653 1495 3714 indubitanter
1526 3653 1680 3714 scire
1709 3653 2023 3729 volumuS,
2054 3651 2374 3733 quoniam,
2404 3651 2562 3712 sicut
2593 3649 2656 3712 in
2687 3649 3001 3731 descriptis

388 3761 815 3825 securitatibus
861 3779 1237 3840 cognoscere
1281 3758 1555 3841 potestis,
1604 3759 1683 3821 ita
1728 3760 1936 3821 adhuc
1982 3758 2169 3821 totius
2214 3756 2455 3837 negocii
2486 3777 2669 3818 causa
2700 3776 3000 3837 suspensa

389 3886 495 3948 est,
545 3884 617 3930 ut
648 3884 706 3930 et
736 3862 1038 3929 adventus
1070 3882 1278 3929 noster
1310 3882 1368 3927 et
1399 3865 1806 3927 consiliorum
1841 3881 2190 3927 vestrorum
2223 3862 2594 3926 unanimitas
2628 3856 2999 3945 permaxime

389 3975 726 4038 necessaria
774 3993 907 4036 esse
950 3974 1291 4035 videantur.
1356 3972 1752 4055 Quapropter
1797 3972 1860 4034 in
1906 3993 1977 4034 ea
2009 3971 2130 4033 fide
2162 3990 2353 4052 quam
2386 3970 2671 4051 coepistis
2701 3986 2759 4030 et
2790 3987 3000 4030 amore

391 4082 655 4144 iustitiae
701 4100 921 4143 omnes
967 4099 1325 4163 permanere
1372 4081 1645 4155 studete;
1697 4081 1993 4142 scientes:
2028 4099 2146 4141 nos
2176 4098 2306 4140 non
2336 4077 2507 4139 aliter
2537 4076 2665 4157 regi
2698 4075 3000 4157 obligatos

393 4209 543 4267 esse,
580 4184 695 4250 nisi
730 4190 901 4269 quod
934 4208 1094 4270 puro
1126 4208 1412 4250 sermone
1443 4179 1533 4233 -’-
1562 4190 1720 4251 sicut
1750 4178 1940 4250 michi
1975 4207 2111 4249 mos
2131 4204 2220 4248 est
2239 4186 2411 4247 ——in
2431 4185 2527 4247 his
2545 4205 2693 4248 eum
2726 4186 2801 4247 de
2822 4184 3001 4246 nobis

391 4316 633 4378 sperare
679 4296 1034 4375 dixerimus,
1080 4296 1146 4356 in
1191 4295 1420 4375 quibus
1466 4315 1612 4357 eum
1647 4297 1722 4357 ad
1755 4297 2018 4357 salutem
2051 4309 2108 4356 et
2142 4295 2450 4356 honorem
2481 4312 2688 4371 suum,
2719 4306 2824 4353 aut
2855 4310 3001 4352 cum

394 4404 618 4466 iustitia
648 4419 753 4466 aut
784 4422 932 4464 cum
962 4394 1400 4482 misericordia,
1434 4403 1565 4464 sine
1600 4419 1846 4465 nostrae
1880 4418 1941 4464 et
1971 4401 2136 4463 illius
2156 4401 2396 4463 animae
2417 4399 2692 4483 periculo
2713 4400 3000 4461 adiuvare

395 4512 721 4592 possimus.
784 4504 849 4592 [Ι.Δ
878 4530 927 4572 c.
953 4509 1024 4572 Ἠ.
1060 4530 1195 4591 pag.
1237 4509 1627 4591 256—258.]
1743 4500 1748 4503 ’
2486 4496 2491 4499 Δ

572 4619 744 4699 (Reg.
764 4619 863 4682 IV.
894 4639 988 4681 12.
1011 4618 1083 4696 a.)
1116 4618 1636 4680 iusiurandum
1674 4616 1978 4680 Henrici
2011 4617 2204 4697 regis
2224 4606 2834 4678 Teutonicoru'm.
2868 4612 3000 4691 Ego

299 4744 350 4785 ⁴0
397 4720 701 4788 Henricus
732 4745 834 4788 rex
865 4726 943 4787 de
975 4715 1466 4787 murmuratione
1497 4741 1556 4787 et
1587 4724 1993 4802 dissensione,
2028 4742 2218 4805 quarn
2237 4741 2404 4784 nunc
2426 4722 2652 4783 habent
2670 4733 2881 4780 contra
2902 4737 3001 4779 me

393 4833 853 4916 archiepiscopi,
885 4834 1076 4895 duces
1108 4833 1362 4894 comites
1395 4832 1702 4911 ceterique
1735 4830 2042 4913 principes
2075 4829 2245 4910 regni
2264 4827 2759 4890 Teutonicorum
2794 4841 2851 4886 et
2883 4824 3002 4895 alii,

404 4939 510 5019 qui
541 4961 647 5002 eos
678 4941 741 5003 in
773 4942 989 5002 eadem
1021 4940 1421 5002 dissensionis
1453 4959 1634 5000 causa
1655 4953 2027 5019 sequuntur,
2061 4936 2213 4998 infra
2234 4926 2587 5011 terminum,
2611 4926 2800 5014 quem
2820 4931 3001 4994 dom-
