3684 5416
663 388 723 441 16

655 568 977 641 δέξωνται
1066 568 1285 645 ἕτεροι
1372 567 1935 649 δεδοκιμασμένοι

658 674 912 752 ἄνδρες
944 675 1062 753 τὴν
1094 674 1520 753 λειτουργίαν
1552 675 1791 737 αὐτῶν.
1881 699 1934 757 3.

655 781 815 859 τοὺς
862 781 987 844 οὖν
1032 782 1591 858 κατασταθέντας
1627 781 1730 843 ὑπ’
1768 781 1937 844 ὑκεί-

652 910 786 950 νων
817 889 858 968 ἢ
888 887 1136 972 μεταξὺ
1164 890 1273 970 ὑφ’
1300 889 1551 966 ἑτέρων
1571 887 1938 970 ἐλλογίμων

575 1023 593 1064 5
656 996 929 1074 ἀνδρῶν
979 995 1595 1076 συνευδοκησάσης
1654 998 1771 1073 τῆς
1836 997 1934 1057 ἐκ-

554 1557 599 1586 10

552 2091 596 2133 ¹5

550 2627 601 2657 20

553 4233 599 4275 ‘35

655 1104 942 1181 κλησίας
973 1105 1220 1180 πάσης,
1263 1102 1376 1164 καὶ
1415 1101 1933 1180 λειτουργήσαν-

655 1232 778 1288 τας
812 1212 1163 1293 ἀμέμπτως
1196 1211 1286 1291 τῷ
1319 1209 1591 1291 ποιμνίῳ
1626 1212 1745 1271 τοῦ
1780 1211 1933 1286 Χρι-

656 1321 824 1380 στοῦ
871 1319 1038 1399 μετὰ
1083 1315 1732 1397 ταπεινοφροσύνης,
1779 1315 1933 1394 ἡσύ-

655 1446 789 1503 χως
820 1424 932 1487 καὶ
968 1423 1405 1509 ἀβαναύσως,
1440 1424 1932 1506 μεμαρτυρημέ-

654 1553 818 1608 νους
834 1551 907 1594 τε
918 1532 1165 1594 πωλλοῐ
1169 1553 1207 1608 ς
1222 1531 1494 1610 χρόνοις
1506 1529 1636 1593 ὑπὸ
1648 1531 1931 1602 πάντων,

656 1637 943 1715 τούτους
974 1641 1060 1701 ot’)
1093 1637 1370 1716 δικαίως
1401 1638 1754 1719 νομίζομεν
1776 1640 1932 1701 ἀπο-

661 1746 1034 1830 βάλλεσθαι
1050 1747 1169 1822 τῆς
1187 1744 1629 1824 λειτουργίας.
1650 1768 1710 1825 4.
1728 1747 1934 1825 ἁμαρ·

662 1853 768 1915 τία
817 1853 955 1931 γὰρ
1004 1855 1085 1913 οὺ
1135 1853 1337 1933 μικρὰ
1370 1853 1518 1934 ἡμῖν
1552 1850 1760 1924 ἔσται,
1813 1852 1937 1912 ἐὰν

658 1958 818 2037 τοὺς
840 1959 1194 2041 ἀμέμπτως
1214 1958 1325 2021 καὶ
1344 1958 1553 2036 ὁσίως
1573 1974 1933 2036 προσενεγ-

661 2068 914 2144 κόντας
974 2067 1060 2128 τὰ
1121 2063 1316 2142 δῶρα
1382 2067 1502 2142 τῆς
1568 2065 1936 2141 ἐπισκοπῆς

658 2175 1127 2259 ἀποβάλωμεν.
1187 2196 1237 2255 5.
1289 2174 1607 2255 μακάριοι
1640 2172 1703 2234 οἱ
1735 2192 1934 2250 προο-

657 2280 1198 2360 δοιπορήσαντες
1246 2279 1718 2364 πρεσβύτεροι,
1784 2280 1935 2341 οἵτι-

653 2410 769 2466 νες
803 2387 1149 2468 ἔγκαρπον
1180 2388 1291 2450 καὶ
1312 2386 1575 2450 τελείαν
1594 2386 1798 2465 ἔσχον
1818 2385 1937 2464 τὴν

657 2495 1015 2557 ἀνάλυσιν*
1065 2499 1146 2557 οὐ
1182 2496 1318 2573 γὰρ
1353 2496 1802 2579 εὐλαβοῦνται
1851 2493 1935 2575 μή

657 2624 756 2679 τις
778 2600 1032 2678 αὐτοὺς
1053 2600 1436 2684 μεταστήσῃ
1460 2600 1597 2663 ἀπὸ
1619 2604 1738 2664 τοῦ
1758 2600 1935 2677 ιδρυ·

660 2712 864 2791 μένου
899 2713 1134 2787 αὐτοῖς
1164 2708 1396 2771 τόπου.
1434 2714 1489 2774 6.
1512 2708 1778 2791 ὁρῶμεν
1798 2710 1937 2787 γὰρ

662 2818 761 2877 ὃτι
796 2815 1020 2892 ἐνίους
1051 2815 1242 2895 ὑμεῖς
1274 2814 1689 2896 μετηγάγετε
1708 2815 1938 2893 καλῶς

659 2923 1275 3002 πολιτευσαμένους
1324 2923 1401 2982 ἐκ
1432 2924 1552 2999 τῆς
1585 2922 1938 3003 ἀμέμπτως

662 3030 895 3106 αὐτοῖς
928 3029 1354 3110 τετιμημένης
1387 3028 1832 3105 λειτουργίας.

1615 385 1865 442 Ecclesia
1894 386 2303 458 antiquissima.

1994 572 2104 632 viri
2139 571 2375 652 probati
2410 571 2776 651 exciperent.
2830 589 2884 649 3.
2918 569 3122 649 itaque
3156 569 3264 648 qui

1993 678 2308 740 constituti
2342 693 2488 739 sunt
2520 679 2595 738 ab
2628 676 2745 738 illis
2766 676 2864 737 vel
2883 674 3170 756 deinceps
3190 677 3265 735 ab

1993 786 2122 847 aliis
2142 785 2286 847 viris
2308 785 2513 846 electis
2535 783 2960 846 consentiente
2981 782 3265 843 universa

1992 892 2262 968 ecclesia,
2295 892 2529 972 quique
2566 890 2874 971 inculpate
2894 890 3064 970 gregi
3085 889 3265 950 Chri-

1990 1000 2063 1061 sti
2086 999 2507 1060 deservierunt
2525 1016 2668 1059 cum
2703 998 3069 1075 humilitate,
3092 995 3266 1075 quie-

1991 1123 2069 1182 te,
2106 1126 2219 1167 nec
2253 1105 2637 1184 illiberaliter,
2673 1120 2733 1164 et
2763 1104 2954 1184 longo
2987 1119 3266 1185 tempore

1991 1217 2066 1275 ab
2099 1213 2395 1275 omnibus
2425 1211 2850 1273 testimonium
2887 1211 3263 1291 praeclarum

1991 1335 2405 1402 reportarunt,
2453 1319 2570 1380 hos
2614 1318 2959 1379 iudicamus
3007 1336 3267 1378 munere

1990 1447 2108 1489 suo
2142 1446 2274 1488 non
2309 1427 2463 1488 iuste
2498 1426 2671 1488 deici.
2704 1446 2764 1504 4.
2790 1445 2904 1486 nec
2935 1424 3105 1486 enim
3138 1424 3267 1485 leve

1991 1536 2102 1596 erit
2154 1550 2472 1616 peccatum
2524 1549 2829 1609 nostrum,
2889 1532 2939 1593 si
2990 1551 3098 1593 eos
3160 1529 3267 1611 qui

1990 1658 2196 1703 sancte
2239 1658 2297 1702 et
2329 1642 2461 1702 sine
2494 1640 2978 1722 reprehensione
3012 1658 3267 1700 munera

1991 1750 2353 1811 obtulerunt
2387 1748 2744 1829 episcopatu
2767 1746 3042 1807 eicimuS.
3084 1767 3137 1824 5.
3161 1748 3265 1805 be·

1990 1856 2071 1917 ati
2121 1856 2392 1917 seniores
2439 1855 2600 1915 viam
2648 1854 2817 1935 prius
2849 1853 3105 1929 emensi,
3158 1852 3264 1932 qui

1993 1963 2372 2025 fructuosam
2420 1962 2879 2043 perfectamque
2912 1958 3266 2021 dissolutio—

1993 2090 2134 2131 nem
2187 2068 2503 2130 consecuti
2554 2084 2730 2137 sum:
2785 2087 2915 2128 non
2963 2067 3133 2128 enim
3164 2085 3266 2126 ve-

1992 2191 2204 2238 rentur
2237 2196 2314 2236 ne
2350 2175 2493 2255 quis
2524 2195 2632 2236 eos
2664 2174 2986 2235 transferat
3018 2174 3093 2233 de
3126 2172 3266 2233 loco

1990 2284 2137 2365 ipsis
2171 2282 2525 2345 constituto.
2561 2283 2619 2342 6.
2643 2281 2926 2343 videmus
2958 2281 3127 2342 enim
3158 2299 3266 2340 vos

1992 2390 2334 2451 nonnullos
2386 2391 2576 2470 probe
2634 2388 3133 2449 administrantes
3193 2388 3266 2446 ab

1992 2496 2201 2558 officio
2249 2516 2377 2576 quo
2420 2495 2867 2577 inculpabiliter
2897 2512 2967 2553 ac
2997 2492 3266 2572 legitime

1995 2604 2282 2665 honorati
2315 2618 2488 2663 erant
2521 2602 2873 2663 removisse.

590 3733 603 3754 η
661 3702 717 3752 d'
730 3700 1016 3754 Anttoclu’:
1044 3719 1131 3753 ses
1167 3701 1367 3770 c'pitres
1405 3717 1470 3752 sa
1508 3702 1604 3765 tie,
1644 3717 1708 3751 sa
1750 3699 2031 3768 theologie.

1437 3269 1495 3322 3.
1534 3265 1892 3322 IGNATIUS
1932 3267 2484 3323 ANTIOCHENUS.

871 3377 899 3406 '⁵
928 3377 1076 3430 Patr.
1109 3380 1206 3449 Ap.
1229 3379 1437 3448 Opera,
1464 3377 1524 3430 11.
1553 3376 1595 3431 F
1613 3394 1648 3431 u
1668 3393 1702 3430 n
1722 3377 1756 3430 k
1775 3417 1789 3444 ,
1815 3378 1885 3430 0.
1908 3378 1963 3432 Ρ.
1986 3377 2246 3430 .›1.Tom.
2275 3376 2310 3429 1.
2344 3393 2455 3447 ¹73·
2485 3373 2824 3445 Lightfoo
2841 3385 2885 3439 t,
2913 3374 3097 3444 Apost.
3120 3370 3272 3424 Fath.

659 3460 720 3512 11.
772 3458 1151 3527 Harnack‚
1207 3458 1422 3512 Altclzr.
1449 3459 1610 3511 Liier.
1641 3458 1702 3511 11.
1739 3474 1778 3510 ι.
1808 3455 2112 3528 381-406.
2156 3456 2733 3522 Bardenhewer‚
2774 3455 2809 3522 g·
2835 3471 2889 3524 9.
2939 3450 3273 3518 Nirschl‚

658 3540 1072 3608 D12÷771eologoe
1109 3539 1204 3592 des
1241 3538 1366 3591 hetssl
1394 3540 1661 3608 Ignatius.
1710 3537 1896 3591 Mainz
1933 3536 2404 3604 1880.Goltz‚
2445 3538 2696 3606 Ignattus
2722 3552 2819 3588 von
2847 3533 3161 3587 Antiochien
3187 3534 3274 3586 als

661 3621 849 3674 Christ
883 3621 998 3673 und
1030 3619 1306 3688 Theologe.
1361 3617 1593 3690 Leipzig
1639 3616 1787 3689 1894.
1845 3618 2029 3688 (Texte
2067 3637 2117 3671 u.
2152 3619 2364 3671 Untcrs.
2395 3616 2509 3671 ΧΠ.
2540 3617 2607 3687 3).
2675 3615 3039 3681 Bruston‚
3080 3614 3275 3683 Ignace

2094 3697 2250 3752 Paris
2287 3696 2434 3768 1897.
2488 3695 2811 3758 Reville
2851 3682 3048 3747 Iztudes
3074 3710 3173 3746 sur
3197 3693 3275 3745 les

660 3784 898 3850 origines
935 3781 1003 3833 de
1040 3783 1079 3833 l’
1095 3781 1391 3859 spise-opat.
1422 3781 1498 3832 La
1525 3781 1712 3832 valeur
1737 3780 1811 3831 du
1838 3782 2183 3849 temozgmage
2221 3781 2277 3831 d’
2298 3781 2496 3848 Ignace
2535 3779 2591 3829 d'
2603 3776 2879 3831 Anttoche.
2931 3773 3089 3827 Paris
3128 3771 3274 3842 1891.

658 3860 878 3928 Idem,
917 3861 1179 3930 Orzgrmes
1204 3861 1335 3913 del’
1348 3862 1652 3931 Episcopat,
1694 3859 1731 3913 1.
1756 3877 1934 3928 442——
1941 3878 2059 3930 5²0·
2113 3859 2481 3926 Mariano,
2521 3858 2575 3911 in
2604 3859 2797 3912 Sentit
2816 3859 2949 3917 vari,
2990 3855 3060 3910 T.
3089 3854 3157 3920 V,
3185 3851 3273 3907 Fi-

660 3957 826 3995 renze
861 3957 1009 4010 1902,
1038 3956 1089 4010 p.
1121 3956 1423 4012 390—403.

1421 4083 1502 4157 a)
1550 4082 1916 4162 Epistula
1965 4082 2053 4142 ad
2102 4081 2513 4162 Ephesios·

750 4208 846 4268 IV.
873 4202 1095 4266 “Οθεν
1128 4204 1359 4280 πρέπει
1381 4204 1529 4285 ὑμῖν
1549 4204 1938 4281 συντρέχειν
2078 4207 2178 4268 IV.
2254 4206 2434 4267 Unde
2501 4206 2674 4266 decet
2737 4220 2846 4263 vos
2910 4218 3273 4262 concurrere

660 4313 735 4390 τῇ
773 4313 892 4372 τοῦ
927 4310 1298 4371 ἐπισκόπου
1332 4308 1577 4390 γνώμῃ,
1623 4311 1794 4387 ὅπερ
1824 4309 1937 4371 καὶ
1994 4313 2262 4394 episcopi
2317 4312 2671 4388 sententiae,
2726 4311 2899 4390 quod
2951 4325 3011 4371 et
3061 4307 3272 4375 facitiS,

659 4421 922 4481 ποιεῖτε.
972 4416 1048 4477 τὸ
1081 4417 1219 4494 γὰρ
1239 4415 1736 4496 ἀξιονόμαστον
1758 4417 1940 4497 ὑμῶν
1996 4421 2183 4502 digne
2219 4418 2599 4481 nominabile
2624 4418 2789 4478 enim
2813 4434 3085 4478 vestrum
3107 4435 3277 4495 pres-

662 4524 1171 4608 πρεσβυτέριον,
1207 4527 1325 4585 τοῦ
1373 4525 1543 4585 θεοῦ
1577 4524 1790 4596 ἄξιον,
1831 4522 1938 4585 οὕ·
1997 4527 2301 4608 byterium
2338 4526 2457 4586 deo
2492 4526 2776 4604 dignum,
2815 4525 2902 4585 sic
2936 4524 3275 4585 concorda-

662 4653 791 4707 τως
824 4629 1285 4711 συνήρμοσται
1318 4631 1407 4710 τῷ
1442 4629 1803 4710 έπισκόπῳ,
1846 4629 1941 4705 ὡς
1997 4650 2130 4694 tum
2165 4649 2253 4694 est
2285 4634 2578 4714 episcopo
2611 4647 2681 4691 ut
2709 4632 2975 4693 chordae
2996 4632 3276 4693 citharae.

592 4768 606 4790 ι
661 4737 904 4817 χορδαὶ
966 4737 1238 4814 κιθάρα.
1309 4735 1424 4797 διὰ
1484 4738 1685 4797 τοῦτο
1736 4739 1810 4797 έν
1861 4737 1937 4814 τῇ
1999 4756 2248 4822 propter
2270 4741 2474 4802 hocin
2495 4758 2802 4800 consensu
2825 4755 3027 4799 vestro
3049 4754 3272 4799 etcon-

663 4845 949 4928 ὁμονοίᾳ
981 4844 1162 4924 ὑμῶν
1193 4843 1305 4904 καὶ
1339 4841 1673 4923 συμφώνῳ
1709 4845 1939 4922 ἀγάπῃ
1999 4867 2149 4909 sona
2198 4847 2439 4908 caritate
2488 4847 2654 4907 lesus
2687 4845 2973 4906 Christus
3020 4844 3275 4904 canitur.

666 4956 932 5032 Ἰησοῦς
968 4951 1267 5030 Χριστὸς
1313 4950 1571 5031 ᾄδεται.
1625 4975 1679 5014 2.
1732 4952 1844 5013 καὶ
1880 4951 1942 5012 οἱ
2004 4975 2058 5015 2.
2092 4954 2198 5015 sed
2234 4970 2289 5014 et
2323 4953 2550 5032 singuli
2586 4953 2815 5013 chorus
2852 4951 2986 5012 facti
3019 4950 3178 5024 estis,
3211 4965 3277 5009 ut
