3684 5416
1402 398 1652 454 Ecclesia
1680 397 2092 470 antiquissima.

2999 417 3055 453 ιθ

3026 438 3058 471 3

440 582 848 660 τευομένους
893 583 1034 656 τοῖς
1073 580 1475 660 ἡγουμένοις
1516 581 1718 660 ἡμῶν,
1777 602 1969 665 quam
2030 582 2329 657 ordinate,
2395 603 2585 663 quam
2634 583 3056 647 oboedienter.

442 689 580 764 πῶς
614 688 977 762 εὐτάκτως,
1024 687 1165 764 πῶς
1197 686 1532 762 εὖείκτως,
1579 688 1719 766 πῶς

443 794 996 874 ὑποτεταγμένους
1029 795 1449 856 ἐπιτελοῦσιν
1480 795 1564 856 τὰ
1584 793 1719 856 δια-

441 901 852 982 τασσόμενα.
894 924 949 983 3.
970 903 1052 963 οὑ
1072 901 1319 978 πάντες
1341 901 1507 963 εἰσὶν
1523 900 1719 979 ἕπαρ·

364 1035 383 1078 5
440 1027 540 1084 χοι
576 1005 745 1070 οὐδὲ
775 1006 1096 1085 χιλίαρχοι
1128 1005 1297 1068 οὐδὲ
1319 1007 1718 1084 ἑκατόνταρ-

340 1569 386 1597 10

339 2102 382 2144 ¹5

334 2635 385 2666 20

330 3705 382 3747 30

440 1134 541 1193 χοι
592 1112 760 1177 οὐδὲ
810 1112 1375 1192 πεντηκόνταρχοι
1427 1113 1595 1176 οὐδὲ
1640 1114 1718 1176 τὸ

438 1221 757 1298 καθεξῆς,
807 1220 951 1282 ἀλλ’
990 1218 1283 1296 ἕκαστος
1333 1222 1406 1282 ἐν
1443 1221 1534 1300 τῷ
1576 1220 1718 1303 ἰδίῳ

440 1328 719 1408 τάγματι
768 1328 851 1388 τὰ
899 1326 1399 1407 ἐπιτασσόμενα
1429 1327 1563 1389 ὑπὸ
1597 1330 1719 1390 τοῦ

445 1434 778 1518 βασιλέως
820 1434 934 1495 καὶ
981 1435 1112 1495 τῶν
1158 1434 1551 1515 ἡγουμένων
1593 1437 1717 1497 ἐπι·

440 1542 613 1603 τελεῖ
622 1590 633 1603 .
669 1566 730 1622 4.
755 1540 818 1602 οἱ
840 1541 1119 1622 μεγάλοι
1141 1539 1297 1619 δίχα
1316 1542 1447 1602 τῶν
1469 1543 1718 1623 μικρῶν

440 1649 524 1710 οὑ
574 1646 900 1709 δύνανται
950 1646 1138 1720 εἶναι,
1190 1645 1351 1709 οὔτε
1395 1648 1459 1709 οἱ
1499 1647 1715 1730 μικροὶ

440 1752 593 1832 δίχα
639 1755 770 1815 τῶν
814 1755 1158 1834 μεγάλων·
1209 1754 1589 1833 σύγκρασίς
1621 1776 1718 1831 τις

441 1861 620 1922 ἐστὶν
654 1862 728 1923 ἐν
759 1863 980 1934 πᾶσιν,
1014 1861 1125 1923 καὶ
1161 1863 1235 1922 ἐν
1268 1861 1531 1939 τούτοις
1563 1864 1715 1942 χρῆ-

441 1983 571 2044 σις·
630 1992 681 2050 5.
718 1968 1059 2051 Λάβωμεν
1091 1968 1168 2030 τὸ
1203 1969 1397 2050 σῶμα
1430 1970 1640 2050 ἡμῶν·
1676 1970 1715 2047 ἡ

437 2074 700 2154 κεφαλὴ
724 2074 879 2153 δίχα
896 2076 1028 2136 τῶν
1044 2072 1273 2136 ποδῶν
1289 2074 1496 2138 οὐδέν
1513 2078 1714 2149 ἐστιν,

440 2181 657 2258 οὕτως
735 2181 902 2244 οὐδὲ
977 2181 1039 2242 οἱ
1106 2180 1317 2258 πόδες
1381 2181 1535 2262 δίχα
1600 2186 1719 2262 τῆς

439 2290 773 2368 κεφαλῆς·
820 2290 906 2351 τὰ
936 2287 1016 2350 δὲ
1050 2290 1369 2367 ἐλάχιστα
1400 2290 1562 2371 μέλη
1596 2292 1717 2352 τοῦ

441 2393 755 2477 σώματος
824 2396 1008 2477 ἡμῶν
1059 2398 1403 2473 ἀναγκαῖα
1450 2397 1562 2458 καὶ
1618 2395 1715 2459 εὔ-

440 2504 698 2580 χρηστά
746 2504 913 2564 εἰσιν
959 2503 1097 2583 ὅλῳ
1136 2503 1228 2583 τῷ
1260 2501 1542 2585 σώματί·
1610 2505 1713 2565 ἀλ-

438 2609 529 2670 λὰ
557 2610 776 2671 πάντα
813 2614 1088 2671 συνπνεί
1119 2609 1230 2672 καὶ
1266 2611 1569 2689 ὑποταγῇ
1604 2611 1719 2690 μιᾲ

439 2719 671 2795 χρῆται
735 2718 832 2793 εἰς
879 2717 956 2779 τὸ
1005 2716 1346 2792 σώζεσθαι
1409 2718 1575 2780 ὅλον
1636 2717 1715 2781 τὸ

440 2825 653 2905 σῶμα.

528 2935 653 2995 XL.
704 2931 1085 3009 ΙΙροδήλων
1129 2932 1254 2994 οὖν
1300 2933 1449 3014 ἡμῖν
1495 2931 1709 2994 ὄντων

437 3037 719 3112 τούτων,
780 3038 892 3100 καὶ
955 3039 1415 3120 ἐγκεκυφότες
1475 3040 1574 3116 εἰς
1633 3039 1719 3101 τὰ

360 3170 379 3200 z
444 3145 622 3229 βάθη
676 3147 793 3223 τῆς
843 3146 1043 3222 θείας
1107 3143 1447 3224 γνώσεως,
1498 3147 1718 3208 πάντα

437 3252 620 3325 τάξει
642 3256 854 3314 ποιεῖν
873 3252 1233 3335 ὀφείλομεν
1255 3253 1395 3315 ὅσα
1415 3254 1455 3313 ὸ
1477 3252 1715 3316 δεσπό-

437 3379 556 3437 της
607 3360 925 3421 ἐπιτελεῖν
973 3361 1333 3422 ἐκέλευσεν
1377 3359 1556 3423 κατὰ
1582 3380 1716 3420 και-

438 3463 610 3542 ροὺς
642 3467 1124 3546 τεταγμένους·
1167 3490 1221 3530 2.
1257 3467 1381 3543 τάς
1412 3487 1485 3528 τε
1516 3482 1717 3543 προσ-

436 3572 664 3652 φορὰς
683 3573 793 3634 καὶ
814 3571 1239 3650 λειτουργίας
1257 3575 1721 3649 ἐπιτελεῖσθαι,

434 3680 548 3741 καὶ
594 3679 722 3742 οὐκ
761 3681 901 3760 εἰκή
938 3681 976 3757 ἢ
1011 3681 1322 3757 ἀτάκτως
1354 3681 1719 3742 ἐκέλευσεν

434 3786 762 3866 γίνεσθαι,
811 3788 953 3850 ἀλλ’
1006 3787 1405 3868 ὡρισμένοις
1449 3791 1717 3863 καιροῖς

436 3893 547 3954 καὶ
571 3892 817 3971 ὥραις·
874 3918 927 3977 3.
961 3896 1092 3955 ποῦ
1125 3913 1198 3955 τε
1228 3892 1340 3954 καὶ
1377 3892 1492 3955 διὰ
1524 3893 1716 3955 τίνων

438 4002 881 4064 ἐπιτελεῖσθαι
902 4001 1103 4073 θέλει,
1139 3999 1351 4076 αὐτὸς
1370 3998 1616 4076 ὥρισεν
1636 4002 1714 4079 τῇ

433 4108 787 4190 ὑπερτάτῳ
809 4109 1021 4170 αὐτοῦ
1043 4108 1382 4191 βουλήσει,
1404 4108 1484 4168 ἵν’
1507 4108 1716 4185 ὁσίως

359 4242 376 4268 2
434 4218 656 4278 πάντα
705 4215 1025 4297 γινόμενα
1075 4217 1149 4277 ἐν
1200 4214 1560 4294 εὖδοκήσει
1615 4213 1713 4276 ευ-

433 4321 831 4400 πρόσδεκτα
863 4321 966 4400 εἴη
999 4323 1089 4402 τῷ
1122 4320 1444 4402 θελήματι
1476 4323 1710 4384 αὑτοῦ.

436 4453 495 4511 4.
522 4429 607 4492 Oi
628 4429 753 4490 οὖν
784 4434 926 4506 τοῖς
944 4429 1558 4509 προστεταγμένοις
1577 4448 1713 4490 και-

435 4542 585 4614 ροίς
616 4539 969 4613 ποιοῦντες
1001 4537 1123 4612 τὰς
1156 4537 1567 4615 προσφορὰς
1601 4538 1712 4598 αὒ-

436 4645 568 4705 τὼν
598 4642 1090 4720 εὐπρόσδεκτοί
1121 4663 1195 4704 τε
1224 4641 1336 4703 καὶ
1370 4644 1711 4723 μακάριοι·

333 4776 384 4816 ⁴0
435 4754 577 4828 τοῖς
638 4749 774 4827 γὰρ
834 4749 1134 4831 νομίμοις
1198 4752 1317 4810 τοῦ
1365 4747 1709 4812 δεσπότου

438 4857 987 4934 ἀκολουθοῦντες
1006 4858 1091 4919 οὐ
1112 4855 1709 4937 διαμαρτάνουσιν.

1776 710 1967 772 quam
1987 690 2289 752 submisse
2311 690 2604 771 imperata
2625 705 3057 771 exsequantur.

1781 818 1835 878 3.
1891 817 2021 859 non
2071 816 2293 859 omnes
2339 813 2486 859 sunt
2532 796 2815 878 praefecti
2850 816 3056 877 neque

1775 905 2138 967 chiliarchae
2177 924 2382 985 neque
2416 905 2814 966 centuriones
2848 923 3052 984 neque

1774 1011 2294 1092 quinquagenarii
2328 1011 2489 1072 etsie
2510 1011 2821 1092 deinceps,
2859 1030 3052 1071 unus-

1775 1119 2044 1200 quisque
2096 1139 2243 1179 vero
2294 1119 2357 1179 in
2409 1138 2526 1179 suo
2576 1118 2795 1180 ordine
2842 1134 2899 1178 et
2930 1133 3050 1177 sta-

1773 1227 1940 1288 tione
1986 1245 2145 1307 quae
2193 1247 2226 1286 a
2273 1245 2412 1305 rege
2461 1242 2519 1285 et
2564 1226 2827 1286 ducibus
2859 1224 3054 1305 impe-

1774 1348 1986 1394 rantur
2018 1332 2266 1412 peragit.
2331 1352 2395 1411 4.
2449 1331 2656 1412 magni
2690 1331 2820 1392 sine
2854 1330 3060 1411 parvis

1773 1455 1831 1499 et
1877 1439 2044 1519 parvi
2091 1439 2223 1499 sine
2271 1438 2512 1516 magnis
2558 1436 2890 1499 consistere
2946 1456 3053 1497 ne·

1773 1562 2038 1626 queunt;
2108 1544 2279 1606 mixti
2329 1561 2473 1605 sunt
2518 1564 2755 1620 omnes,
2808 1560 2865 1606 et
2912 1543 3057 1604 inde

1776 1652 2022 1714 utilitas,
2080 1673 2131 1731 5.
2173 1651 2475 1733 Exemplo
2510 1652 2690 1713 nobis
2721 1651 2796 1712 sit
2827 1669 3059 1732 corpus

1774 1776 2075 1821 nostrum.
2107 1775 2292 1841 caput
2322 1759 2454 1820 sine
2487 1760 2750 1839 pedibus
2771 1758 2923 1819 nihil
2944 1774 3054 1825 est,

1774 1884 1958 1948 prout
2005 1886 2209 1945 neque
2257 1866 2445 1946 pedes
2491 1865 2621 1927 sine
2654 1865 2881 1946 capite;
2937 1865 3051 1925 mi-

1773 1973 1940 2035 nima
1988 1989 2194 2034 autem
2240 1973 2520 2053 corporis
2553 1973 2743 2034 nostri
2778 1976 3054 2034 membra

1776 2080 2068 2142 universo
2116 2079 2360 2160 corpori
2408 2080 2744 2140 necessaria
2789 2094 2846 2139 et
2885 2079 3054 2139 utilia

1773 2203 1951 2262 sunt;
1988 2187 2183 2248 immo
2216 2202 2434 2246 cuncta
2457 2186 2811 2266 conspirant
2842 2202 2901 2246 et
2932 2205 3053 2246 una

1774 2315 1837 2355 se
1901 2294 2235 2367 subiciunt,
2301 2308 2368 2353 ut
2427 2293 2663 2353 salvum
2716 2292 2790 2352 sit
2852 2308 3053 2353 totum

1775 2419 2019 2482 corpus,

1863 2937 1990 2999 XL.
2052 2937 2218 2998 Cum
2283 2934 2463 3013 igitur
2514 2934 2663 2994 haec
2709 2932 2888 2994 nobis
2934 2933 3053 2993 sint

1774 3043 2094 3105 manifesta
2137 3058 2196 3102 et
2227 3042 2292 3103 in
2327 3040 2637 3121 profunda
2670 3039 2911 3100 divinae
2945 3059 3050 3100 co-

1772 3151 2068 3231 gnitionis
2102 3169 2217 3210 nos
2239 3147 2808 3230 introspexerimu5‚
2832 3161 3050 3207 cuncta

1772 3258 1990 3320 ordine
2038 3257 2336 3317 debemus
2371 3255 2563 3315 facere
2595 3274 2755 3334 quae
2790 3273 2906 3315 nos
2939 3254 3054 3313 do-

1774 3365 1984 3427 minus
2033 3363 2269 3426 statutis
2318 3361 2702 3441 temporibus
2767 3378 3053 3442 peragere

1776 3472 1979 3533 iussit:
2035 3491 2090 3532 2.
2125 3468 2470 3530 oblationes
2505 3467 2727 3528 scilicet
2759 3481 2819 3529 et
2851 3466 3052 3528 officia

1774 3598 1940 3640 sacra
1975 3577 2297 3657 diligenter
2329 3574 2553 3656 perfici,
2587 3593 2790 3655 neque
2823 3590 3054 3635 temere

1776 3685 1869 3745 vel
1903 3684 2248 3746 inordinate
2280 3682 2410 3743 fieri
2443 3681 2769 3763 praecepit,
2803 3682 2911 3741 sed
2932 3696 3051 3742 sta-

1773 3792 1918 3853 tutis
1949 3790 2334 3872 temporibus
2366 3807 2423 3850 et
2458 3789 2645 3850 horis.
2686 3808 2740 3868 3.
2761 3789 2925 3849 idem
2948 3788 3054 3848 ubi

1773 3920 1874 3960 eas
1925 3914 1983 3960 et
2030 3920 2060 3957 a
2110 3898 2338 3977 quibus
2384 3897 2670 3957 celebrari
2717 3896 2867 3958 vult.
2922 3895 3051 3976 ipse

1773 4004 2178 4067 excelsissima
2227 4024 2338 4064 sua
2384 4003 2697 4064 voluntate
2761 4000 3054 4078 definivit,

1774 4128 1840 4173 ut
1874 4111 2155 4190 religiose
2190 4110 2400 4171 omnia
2423 4110 2771 4170 secundum
2792 4108 2925 4169 eius
2946 4110 3051 4168 be-

1772 4218 2148 4301 neplacitum
2197 4217 2526 4297 adimpleta
2571 4232 2812 4297 accepta
2851 4231 3055 4275 essent

1771 4325 2072 4388 voluntati
2106 4324 2256 4385 eius.
2290 4344 2350 4403 4.
2376 4322 2505 4398 Qui
2538 4342 2685 4402 ergo
2718 4322 3055 4402 adsignatis

1770 4432 2157 4514 temporibus
2218 4431 2559 4492 oblationes
2609 4451 2750 4490 suas
2799 4429 3049 4498 faciunt,

1769 4539 2000 4620 accepti
2049 4556 2106 4600 et
2158 4538 2315 4600 beati
2368 4553 2544 4612 sunt;
2611 4536 2850 4598 domini
2884 4536 3053 4597 enim

1772 4648 2060 4709 mandata
2095 4662 2426 4726 sequentes
2461 4664 2591 4706 non
2623 4647 2922 4705 aberrant.
2996 4663 3049 4722 5.

1770 4773 2020 4814 summo
2054 4753 2287 4835 quippe
2322 4752 2620 4814 sacerdoti
2653 4772 2762 4812 sua
2794 4769 3056 4821 munera*

1769 4861 1993 4921 tributa
2038 4876 2203 4932 sunt,
2249 4859 2667 4920 sacerdotibus
2698 4857 2873 4918 locus
2908 4875 3052 4936 pro-

428 4961 497 5047 ’5.
551 4965 643 5044 τῷ
688 4964 826 5042 γὰρ
872 4967 1170 5043 ἀρχιερεῖ
1216 4961 1378 5024 ἴδιαι
1410 4964 1712 5040 λειτουρ-
1772 4967 1943 5047 prius
1998 4966 2354 5045 adsignatus
2406 4982 2514 5042 est,
2569 4982 2625 5026 et
2669 4963 2891 5025 Levitis
2942 4982 3053 5022 sua
