3684 5416
427 1546 472 1576 lo

428 2081 471 2123 ¹5

425 2626 478 2657 20

426 3162 476 3205 25

429 3697 482 3741 '30

434 4233 482 4276 35

433 4770 487 4808 40

1166 372 1437 426 Potestas
1479 371 1859 427 ecclesiastica
1900 385 1958 426 et
1994 372 2296 444 imperium
2335 372 2512 428 civile.
3036 372 3130 427 281

526 558 747 620 fratris
768 558 982 638 Ignatii
1007 557 1326 619 Raczinski
1363 556 1561 618 ultimi
1595 556 1754 618 illius
1776 557 2242 639 Archiepiscopi
2277 558 2338 618 in
2371 558 2658 619 manibus
2677 558 2919 620 Nostris
2951 556 3136 618 libere

525 666 765 743 factam,
800 681 857 726 et
891 684 998 745 per
1033 664 1167 726 Nos
1199 664 1530 725 admissam
1563 666 1640 725 ad
1673 683 1963 745 praesens
1996 665 2252 741 vacanti,
2295 684 2492 745 aeque
2544 664 2950 746 principaliter
3001 682 3138 744 per-

524 788 712 852 petuo
763 772 1034 847 unimus,
1087 787 1144 832 et
1188 790 1612 852 aggregamuS‚
1659 792 1729 832 ac
1777 772 2124 833 Venerabili
2172 773 2360 833 Fratri
2393 772 2731 834 Timotheo
2766 771 3140 834 Gorszenski

524 879 829 940 moderno
862 878 1171 960 Episcopo
1205 877 1607 940 Posnaniensi
1639 898 1873 955 curam,
1907 878 2200 958 regimen,
2236 894 2295 939 et
2327 879 2918 940 administrationem
2950 877 3141 958 ipsius

524 986 826 1047 Ecclesiae
878 985 1259 1047 Gnesnensis
1306 985 1572 1066 plenarie
1624 986 2093 1060 committimuS‚
2142 987 2541 1067 eundemque
2587 985 3141 1066 Archiepiscopum

526 1092 957 1155 Gnesnensem
992 1114 1060 1155 ac
1094 1092 1579 1155 posnaniensem
1616 1093 2068 1169 constituimus,
2100 1109 2157 1154 et
2189 1093 2578 1173 deputamus,
2612 1112 2681 1153 ac
2713 1091 3139 1173 Archiepisco-

528 1220 680 1281 pum
711 1199 1145 1262 Gnesnensem
1199 1219 1268 1260 ac
1318 1200 1802 1261 posnaniensem
1852 1219 2094 1281 semper
2138 1219 2288 1276 esse,
2334 1216 2393 1261 et
2424 1199 2714 1281 appellari
2748 1199 3139 1273 mandamus,

527 1306 783 1387 eiusque
819 1306 931 1381 juri
975 1307 1428 1387 Metropolitico
1448 1307 1879 1389 Episcopalem
1903 1306 2232 1368 Ecclesiam
2253 1306 2658 1369 Culmensem
2681 1306 3143 1385 Suffraganeam

527 1414 927 1494 assignamus.

742 1521 902 1598 (vll.)
968 1520 1367 1600 Episcopales
1413 1538 1558 1580 vero
1606 1521 1908 1582 Ecclesias
1942 1522 2639 1595 Wratislaviensem,·ac
2686 1521 3140 1582 Warmiensem

527 1629 674 1690 huic
709 1628 967 1690 Sanctae
1002 1626 1145 1689 Sedi
1195 1642 1496 1708 perpetuo
1545 1626 1896 1688 immediate
1941 1626 2244 1705 subjectas
2289 1649 2439 1703 esse,
2473 1649 2541 1689 ac
2575 1647 2889 1689 remanere
2922 1629 3143 1689 debere

527 1736 915 1798 declaramus.

742 1843 932 1919 (vul.)
996 1841 1267 1921 Singulis
1313 1857 1520 1902 autem
1567 1841 2065 1922 Archiepiscopis
2110 1857 2167 1901 et
2200 1842 2523 1923 Episcopis
2567 1843 2781 1903 omnia
2811 1857 2870 1902 et
2901 1841 3144 1923 singula

531 1953 676 2029 jura,
724 1950 1253 2033 praeeminentias,
1302 1949 1767 2031 praerogativas,
1813 1969 1882 2010 ac
1930 1949 2241 2030 privilegia
2289 1950 2419 2011 aliis
2453 1950 2695 2011 illarum
2731 1949 2993 2031 partium
3027 1953 3145 2009 Ar-

530 2060 933 2141 chiepiscopis
980 2073 1038 2119 et
1070 2057 1389 2138 Episcopis
1435 2058 1705 2137 legitime
1752 2057 2162 2137 competentia
2196 2058 2546 2132 tribuimus,
2594 2073 2653 2118 et
2686 2056 3144 2118 confirmamus.

741 2169 882 2245 (lx.)
948 2166 1143 2241 Quod
1189 2182 1420 2247 spectat
1453 2166 1814 2247 Capitulum
1852 2166 2360 2248 Metropolitanae
2397 2166 2696 2227 Ecclesiae
2730 2164 3142 2239 Coloniensis,

530 2277 590 2337 in
642 2296 717 2338 eo
768 2275 923 2336 duas
972 2274 1272 2353 erigimus
1307 2273 1671 2354 Dignitates,
1725 2275 2213 2355 Praeposituram
2264 2274 2559 2335 videlicet.
2608 2294 2765 2353 quae
2812 2274 3008 2333 maior
3039 2273 3148 2334 erit

531 2400 668 2464 post
703 2383 1152 2455 pontificalem,
1198 2401 1267 2442 ac
1303 2381 1688 2443 Decanatum
1734 2383 2092 2453 secundam,
2140 2384 2356 2444 decem
2388 2380 2809 2442 Canonicatus
2842 2381 3145 2442 Numera-

533 2494 674 2563 rios,
728 2506 787 2551 et
838 2506 1111 2571 quatuor
1150 2488 1572 2550 Canonicatus
1605 2490 1993 2551 Honorarios
2043 2511 2112 2551 ac
2164 2505 2468 2571 praeterea
2519 2504 2662 2550 octo
2708 2488 2994 2563 Vicarias,
3039 2506 3148 2548 seu

533 2598 1006 2662 PraebendatuS.

745 2704 858 2782 (X.)
927 2702 1495 2785 Archiepiscopalis
1542 2703 1845 2766 Ecclesiae
1892 2703 2273 2767 Gnesnensis
2306 2705 2662 2787 Capitulum
2712 2702 3011 2764 constabit
3055 2700 3150 2762 in-

533 2829 848 2894 posterum
898 2831 971 2872 ex
1022 2811 1203 2871 unica
1237 2811 1554 2872 dumtaxat
1587 2812 1920 2893 Praepositi
1956 2812 2279 2892 Dignitate,
2315 2829 2373 2873 et
2405 2832 2476 2873 ex
2511 2829 2777 2873 numero
2809 2829 2911 2870 sex
2944 2810 3151 2871 Cano-

531 2921 867 2989 nicatuum‚
916 2919 1162 2979 alterius
1209 2938 1355 2980 vero
1391 2919 1829 2980 posnaniensis
1863 2919 2420 3002 Archiepiscopalis
2454 2918 2757 2981 Ecclesiae
2789 2917 3149 2998 Capitulum

532 3030 947 3090 efformabant
982 3028 1110 3088 duo
1144 3027 1502 3108 Dignitates,
1536 3027 1874 3108 praepositi
1910 3028 2204 3102 videlicet,
2238 3049 2306 3089 ac
2342 3027 2592 3100 Decani,
2624 3042 2769 3088 octo
2801 3024 3151 3088 Canonica-

533 3151 629 3195 tus
664 3133 1034 3202 Numerarii,
1088 3147 1145 3192 et
1195 3131 1296 3192 alii
1345 3147 1615 3211 quatuor
1646 3133 2065 3194 Canonicatus
2099 3133 2453 3206 Honoratii,
2488 3151 2603 3193 nec
2636 3151 2765 3192 uon
2799 3146 2942 3193 octo
2974 3130 3150 3190 Vica-

534 3243 673 3312 riae,
708 3262 819 3303 seu
854 3240 1326 3302 Praebendatus.

748 3348 885 3424 (xl.)
963 3345 1424 3408 Cathedralium
1480 3346 1887 3406 Ecclesiarum
1940 3347 2341 3414 Trevirensis,
2393 3362 2577 3425 atque
2630 3342 3152 3405 paderbornensis

537 3456 937 3538 respectivum
974 3453 1338 3534 Capitulum
1372 3452 1678 3513 constabit
1710 3471 1781 3512 ex
1816 3453 2058 3513 duabus
2096 3453 2526 3531 Dignitatibus,
2563 3471 2687 3513 una
2723 3470 2945 3530 nempe
2969 3451 3148 3510 Prae-

535 3563 735 3644 positi,
784 3582 852 3623 ac
884 3561 1068 3623 altera
1104 3558 1358 3632 Decani,
1409 3578 1480 3617 ex
1513 3573 1655 3619 octo
1689 3558 2174 3621 Canonicatibus
2207 3559 2607 3634 NumerariiS,
2642 3574 2702 3619 et
2734 3574 3001 3637 quatuor
3032 3555 3152 3616 Ca-

535 3671 922 3733 nonicatibus
961 3668 1346 3742 Honoratiis,
1394 3681 1578 3746 atque
1612 3685 1644 3727 e
1676 3685 1781 3727 sex
1815 3667 2090 3741 vicarlis,
2124 3687 2234 3728 seu
2270 3667 2715 3728 Praebendatis.
2900 3651 2901 3654 ¹

750 3778 915 3856 (ΧΠ.)
1002 3778 1069 3837 In
1122 3774 1473 3837 Cathedrali
1527 3774 1792 3834 Ecclesia
1847 3774 2316 3835 Monasteriensi
2368 3774 2729 3854 Capitulum
2782 3771 3154 3832 constituent

538 3888 715 3948 binae
752 3885 1109 3964 Dignitates,
1158 3882 1355 3960 major
1403 3901 1626 3962 nempe
1661 3881 2143 3961 praepositurae,
2191 3901 2261 3942 ac
2308 3882 2577 3942 secunda
2613 3881 2980 3954 Decanatus,
3010 3894 3153 3939 octo

537 3992 955 4054 Canonicatus
990 3989 1358 4064 Numerarii,
1405 4005 1675 4068 quatuor
1726 3987 2057 4048 Honoratii
2104 3988 2543 4063 CanonicatuS,
2587 4004 2646 4048 et
2691 4002 2834 4047 octo
2865 3984 3155 4058 Vicariae,

536 4120 645 4161 seu
682 4099 1151 4161 Praebendatus.

752 4205 939 4280 (Xlll.)
1005 4203 1360 4266 Culmensis
1394 4204 1780 4265 Cathedralis
1812 4203 2120 4265 Ecclesiae
2152 4201 2514 4284 Capitulum
2561 4201 2858 4262 constabit
2892 4220 2963 4262 ex
2997 4199 3156 4260 binis

544 4312 971 4392 DignitatibuS,
1011 4311 1474 4393 Praepositurae
1527 4311 1809 4372 videlicet
1855 4331 1924 4371 ac
1959 4311 2326 4387 Decanatus,
2375 4329 2446 4369 ex
2493 4326 2639 4370 octo
2670 4307 3156 4369 Canonicatibus

541 4419 940 4494 NumerariiS,
995 4439 1065 4480 ex
1126 4435 1396 4498 quatuor
1448 4418 1815 4480 Honoratiis
1863 4416 2363 4492 Canonicatibus,
2414 4432 2473 4478 et
2518 4437 2550 4477 e
2596 4436 2701 4478 sex
2732 4414 3002 4492 Vicariis,
3046 4434 3155 4475 seu

541 4527 989 4588 PraebendatiS.

755 4633 958 4708 (XIV.)
1028 4632 1417 4695 Cathedralis
1450 4632 1754 4693 Ecclesiae
1790 4631 2305 4693 Wratislaviensis
2337 4630 2695 4709 Capitulum
2742 4628 3159 4690 efformabunt

540 4742 670 4802 duo
707 4740 1061 4819 Dignitates,
1102 4760 1221 4800 una
1257 4737 1536 4798 videlicet
1558 4738 2040 4819 Praepositurae,
2076 4753 2134 4798 et
2165 4737 2349 4798 altera
2384 4736 2751 4809 DecanatuS,
2786 4735 3002 4795 decem
3034 4735 3158 4796 Ca-

541 4849 861 4911 nonicatus
924 4848 1291 4926 Numerarii,
1358 4867 1629 4928 quorum
1684 4847 1922 4928 primus
1973 4846 2332 4908 Scholastici
2386 4845 2806 4905 Praebendam
2856 4843 3155 4903 adnexam

540 4958 807 5034 habebit,
841 4977 946 5018 sex
979 4957 1401 5019 Canonicatus
1437 4956 1783 5026 Honorarii,
1817 4973 2000 5034 atque
2033 4969 2176 5014 octo
2212 4953 2500 5030 Vicariae,
2547 4971 2653 5012 seu
2692 4952 3158 5012 Praebendatus.
