3684 5416
459 1693 505 1722 to

459 2197 501 2240 ¹5

451 2738 505 2771 20

451 3375 501 3418 25

448 3934 501 3975 ⁴30

1705 400 2031 485 Ordinatio.
2050 480 2067 483 4
2746 478 2767 483 ψ
3068 417 3171 472 347

555 603 716 663 sunt,
761 587 870 667 qui
905 585 1103 666 ignoti
1134 602 1300 665 sunt,
1352 586 1457 667 qui
1493 586 1772 668 neophiti
1805 589 1908 648 uel
1941 586 2074 647 laici
2107 601 2271 663 sunt,
2306 585 2413 665 qui
2445 583 2740 645 saeculari
2772 584 3029 647 miliciae
3062 585 3170 646 de-

555 693 660 754 diti
693 709 861 771 sunt,
896 693 1004 775 qui
1037 693 1241 754 curiae
1275 693 1534 754 nexibus
1585 694 1834 775 obligati
1882 708 2048 771 sunt,
2100 694 2206 774 qui
2260 692 2433 754 inscii
2480 692 2792 754 literarum
2844 709 3010 774 sunt,
3063 694 3169 774 qui

558 801 843 862 nondum
889 802 966 862 ad
1015 801 1257 882 triginta
1296 820 1496 863 annos
1530 817 1972 883 peruenerunt,
2021 801 2130 883 qui
2168 819 2277 883 per
2308 799 2535 881 gradus
2568 798 3005 863 ecclesiasticos
3039 820 3168 862 non

555 907 980 987 ascenderunt,
1031 908 1140 988 qui
1185 907 1419 969 ambitu
1465 908 1774 970 honorem
1807 924 2098 989 querunt,
2130 907 2236 990 qui
2270 908 2580 970 honorem
2614 906 2976 967 muneribus
3008 908 3167 969 obti-

560 1035 703 1076 nere
735 1015 1097 1093 moliuntur,
1132 1014 1241 1096 qui
1275 1036 1307 1075 a
1340 1014 1765 1077 decessoribus
1800 1016 1863 1078 in
1894 1015 2307 1078 sacerdotium
2340 1015 2674 1094 eliguntur.
2704 1046 2792 1058 —
2824 1059 2837 1075 .
2873 1061 2887 1075 .
2922 1060 2938 1075 .

1221 1240 1346 1297 120.
1406 1241 1870 1297 Annxmnssn
1909 1244 2029 1299 111.
2068 1241 2502 1312 (1159—1181).

554 1393 613 1449 a)
668 1384 1101 1439 Alexander
1139 1385 1250 1438 111.
1307 1384 1730 1441 Oxoniensi
1788 1384 2207 1456 Episcopo,
2259 1383 2331 1439 in
2390 1401 2436 1439 c.
2475 1403 2526 1454 4
2582 1384 2648 1438 Χ.
2710 1385 2778 1437 de
2828 1388 3169 1438 conversione

1515 1468 1952 1535 coniugatorum.
2007 1464 2095 1519 111.
2135 1481 2217 1536 32·

769 1591 796 1621 *
838 1591 999 1661 Corp.
1037 1592 1140 1644 iur.
1181 1608 1302 1643 can.
1343 1590 1430 1643 ed.
1471 1588 1908 1659 Friedberg.
1950 1590 2123 1643 Tom.
2151 1589 2215 1643 11.
2254 1588 2362 1644 col.
2392 1608 2510 1662 579.
2574 1586 3165 1644 Jaffe-Wattcn-

556 1672 774 1735 bach,
815 1688 868 1725 n.
905 1670 1072 1744 13899
1101 1670 1313 1743 (8963).

557 1797 840 1852 Uxoratus
896 1795 1229 1867 religionem
1284 1795 1495 1850 intrare
1539 1812 1655 1850 non
1698 1807 1909 1865 potest,
1964 1793 2069 1848 nisi
2115 1793 2283 1849 etiam
2332 1811 2478 1849 uxor
2520 1792 2885 1866 ingrediatur,
2931 1795 3018 1849 vel
3064 1793 3166 1850 nisi

555 1888 816 1948 suspecta
846 1893 965 1930 non
992 1874 1080 1944 sit,
1108 1886 1164 1929 et
1191 1873 1606 1930 continentiam
1635 1873 1949 1945 promittat.
1980 1876 2046 1929 H.
2078 1874 2131 1927 d.
2160 1887 2216 1930 et
2258 1886 2343 1930 est
2384 1891 2565 1929 unum
2606 1892 2728 1945 cap.
2775 1876 2842 1930 de
2885 1874 3157 1948 principa-

1685 1953 1919 2009 lioribus
1948 1953 2029 2009 tit.

767 2071 987 2147 Quum
1018 2070 1099 2131 sis
1133 2069 1442 2150 praeditus
1475 2069 1720 2130 scientia
1751 2067 2087 2147 literarum,
2121 2069 2403 2148 ignorare
2439 2088 2568 2130 non
2590 2078 2794 2151 polest
2820 2093 2929 2133 nec
2960 2074 3166 2152 debes,

553 2194 910 2241 sanctorum
945 2178 1191 2239 Patrum
1236 2176 1662 2239 constitutioni
1708 2196 1839 2238 esse
1886 2177 2284 2255 contrarium,
2316 2192 2383 2237 ut
2414 2176 2522 2255 vir,
2556 2197 2749 2239 uxore
2781 2198 2891 2240 sua
2925 2183 2989 2240 in
3024 2201 3163 2241 sae-

555 2287 690 2347 culo
723 2292 1091 2362 remanente,
1125 2301 1230 2346 aut
1263 2304 1418 2345 uxor
1450 2285 1581 2345 viro
1615 2284 1746 2345 eius
1769 2303 1894 2345 non
1917 2299 2265 2345 assumente
2288 2284 2601 2363 religionis
2624 2284 2923 2364 habitum,
2946 2287 3165 2349 debeat

556 2394 630 2453 ad
661 2392 1024 2472 religionem
1046 2392 1317 2471 transire,
1341 2392 1381 2469 †
1401 2396 1548 2473 quia
1579 2413 1758 2473 quum
1782 2393 1879 2452 vir
1899 2399 1961 2453 et
1976 2414 2127 2453 uxor
2148 2413 2269 2453 una
2292 2414 2437 2454 caro
2459 2395 2603 2466 sint,
2626 2395 2789 2453 sicut
2804 2394 2979 2454 docet
2994 2394 3163 2476 Apo-

557 2500 768 2573 stolus,
802 2520 918 2560 non
940 2507 1148 2581 potest
1176 2521 1332 2561 unus
1365 2502 1452 2561 ad
1479 2501 1680 2561 Deum
1715 2503 1989 2562 converti
2017 2506 2077 2560 et
2104 2499 2261 2561 alter
2294 2503 2358 2561 in
2381 2499 2620 2562 saeculo
2642 2521 2976 2561 remanere.
3017 2501 3164 2562 Inde

556 2623 660 2684 est,
692 2607 864 2687 quod
896 2606 1249 2668 auctoritate
1282 2607 1613 2689 apostolica
1648 2607 1767 2669 tibi
1795 2608 2219 2689 prohibemus,
2254 2628 2330 2669 ne
2365 2608 2428 2669 in
2451 2607 2805 2689 episcopatu
2826 2623 2936 2670 tuo
2957 2608 3157 2669 virum

556 2715 649 2777 vel
697 2735 973 2793 uxorem,
1022 2715 1137 2776 nisi
1187 2731 1442 2797 uterque
1477 2716 1550 2776 ad
1585 2715 1952 2796 religionem
1984 2715 2353 2796 migraverit,
2387 2716 2638 2778 transire
2671 2715 3000 2799 permittaS,
3034 2718 3164 2791 sed,

557 2826 617 2883 si
657 2822 960 2884 voluerint
999 2824 1084 2884 ad
1111 2823 1312 2884 Deum
1360 2825 1654 2898 converti,
1701 2829 1949 2906 uterque
1988 2824 2072 2884 ad
2079 2826 2338 2905 frugem
2372 2824 2649 2886 melioris
2682 2827 2840 2885 vitae
2872 2831 3162 2885 transeat.

557 2931 787 2991 Verum
835 2930 884 2990 si
931 2930 1011 2992 ita
1058 2949 1215 2992 uxor
1245 2950 1428 2992 senex
1464 2947 1552 2992 est
1585 2946 1642 2991 et
1673 2930 1909 3010 sterilis,
1942 2931 2112 3012 quod
2145 2930 2278 2992 sine
2308 2932 2663 3013 suspicione
2697 2951 2827 2993 esse
2860 2945 3066 3012 posset
3099 2931 3162 2991 in

554 3038 820 3115 saecu10‚
887 3037 1270 3099 dissimulare
1333 3037 1581 3119 poteris,
1641 3053 1724 3114 ut,
1788 3058 1857 3099 ea
1911 3039 1972 3099 in
2022 3040 2271 3100 saeculo
2323 3055 2679 3101 remanente
2725 3055 2784 3101 et
2833 3037 3160 3100 castitatem

553 3146 963 3226 promittente,
998 3145 1075 3206 ad
1109 3145 1469 3225 religionem
1500 3160 1766 3207 transeat
1799 3146 1887 3207 vir
1919 3146 2216 3208 eiusdem.

552 3359 614 3421 b)
673 3354 1102 3409 Alexander
1142 3355 1251 3410 111.
1292 3354 1816 3426 Strigoniensi
1874 3369 1943 3410 et
2003 3356 2456 3412 Coloniensi
2508 3354 3163 3426 Archicpiscopi5‚

1063 3435 1133 3492 in
1173 3454 1220 3491 c.
1260 3437 1310 3491 6.
1352 3437 1419 3491 X.
1456 3439 1524 3490 de
1560 3440 1901 3492 conversione
1939 3441 2374 3508 ermiugatorum.
2415 3438 2501 3493 111.
2544 3455 2627 3510 32.

766 3563 795 3596 '⁸'
837 3562 998 3634 Corp.
1034 3565 1124 3616 iur
1160 3580 1280 3616 ean.
1323 3563 1410 3616 ed.
1451 3560 1886 3632 Friedberg.
1927 3563 2100 3616 Tom.
2130 3562 2190 3616 11.
2232 3560 2339 3616 col.
2368 3563 2486 3632 580.

553 3687 835 3742 Uxoratus
876 3685 932 3741 in
973 3686 1311 3758 episcopum
1351 3685 1684 3758 promoveri
1724 3703 1845 3741 non
1872 3698 2081 3757 potest,
2120 3684 2224 3741 nisi
2259 3703 2407 3740 uxor
2439 3685 2778 3757 religionem
2806 3685 3161 3758 profiteatur.

764 3797 938 3876 Sane,
983 3797 1034 3858 si
1079 3798 1391 3877 coniugati
1439 3797 1861 3858 consenserint
1894 3798 2181 3875 ordinari,
2216 3799 2424 3859 uxoris
2457 3801 2639 3859 etiam
2673 3797 2957 3860 voluntas
2990 3798 3160 3880 prius

554 3894 920 3985 requirenda
954 3920 1061 3982 est,
1093 3905 1133 3981 †
1165 3913 1235 3965 ut
1261 3911 1636 3986 sequestrato
1657 3907 2000 3966 mansionis
2020 3905 2301 3967 cubiculo
2323 3905 2624 3985 religione
2634 3907 2971 3985 promissa,
2979 3914 3161 3986 post-

552 4033 730 4092 quam
767 4015 1015 4094 pariter
1060 4016 1342 4076 conversi
1348 4016 1606 4093 firerint
1633 4013 2013 4074 ordinentur.
2088 4015 2341 4094 Quodsi
2369 4017 2433 4075 in
2467 4012 2843 4095 quibuslibet
2869 4014 3162 4074 ecclesia-

551 4122 728 4180 sticis
763 4121 1073 4202 gradibus
1107 4123 1504 4203 providenter
1550 4123 1929 4202 scienterque
1974 4123 2312 4183 curandum
2362 4128 2474 4195 est,
2508 4127 2578 4181 ut
2606 4123 2671 4181 in
2705 4119 2879 4181 domo
2911 4121 3043 4181 Dei
3070 4123 3169 4184 nil

553 4229 637 4287 sit
666 4229 1108 4303 inordinatum,
1141 4228 1414 4309 nihilque
1431 4234 1925 4310 praeposterum,
1959 4230 2147 4290 multo
2180 4231 2381 4311 magis
2414 4229 2818 4292 laborandum
2852 4238 2964 4305 esl,
2998 4238 3067 4292 ut
3097 4233 3159 4292 in

551 4336 682 4395 eius
701 4338 1110 4416 promotione,
1142 4339 1253 4418 qui
1280 4345 1463 4417 super
1494 4357 1699 4399 omnes
1722 4337 1965 4419 gradus
1997 4338 2369 4412 continetur,
2402 4359 2522 4399 non
2555 4345 2812 4400 erretur.
2875 4338 3022 4400 Inde
3055 4354 3161 4415 est,

475 4471 495 4513 5
552 4443 728 4521 quod
776 4442 1155 4504 Fraternitati
1203 4457 1434 4504 vestrae
1468 4444 1850 4506 Auctoritate
1898 4444 2228 4526 apostolica
2264 4445 2690 4526 prohibemuS,
2723 4467 2799 4508 ne
2834 4464 3157 4507 uxoratum

552 4551 951 4630 praesumatis
996 4549 1058 4611 in
1104 4551 1467 4631 episcopum
1511 4550 1818 4629 ordinare,
1858 4551 1969 4612 nisi
2003 4571 2159 4612 uxor
2192 4551 2360 4633 prius
2393 4554 2664 4634 professa
2717 4552 3158 4614 continentiam

550 4678 795 4720 sacrum
825 4659 940 4721 sibi
972 4659 1251 4720 velamen
1283 4658 1581 4740 imponat,
1606 4674 1664 4721 et
1685 4660 2036 4741 religiosam
2056 4676 2285 4721 vestem
2308 4677 2594 4724 assumat.
2629 4662 2944 4723 Nolumus
2965 4661 3154 4738 enim,

553 4783 617 4828 ut
650 4766 759 4827 viri
796 4767 1105 4850 promotio
1140 4767 1314 4829 uxori
1350 4766 1587 4829 relictae
1620 4767 1685 4829 in
1717 4767 1962 4830 saeculo
1997 4767 2126 4828 fieri
2160 4768 2523 4848 perditionis
2556 4769 2745 4850 possit
2776 4768 3036 4830 occasi0.

1721 4957 1986 4966 ——-————-——-
