3684 5416
368 1547 419 1578 to

371 2083 419 2125 15

369 3686 425 3729 30

370 4221 423 4264 35

371 4760 430 4796 40

1114 367 1849 452 BPtPSQS-CQISSiaQCL
1835 382 1891 423 et
1931 369 2232 441 imperium
2274 370 2449 425 civile.
2987 371 3085 443 189

476 550 604 626 rita,
635 550 743 630 qui
773 569 1018 631 semper
1050 551 1115 612 in
1145 551 1474 613 devotione
1506 552 1666 614 sedis
1696 553 2067 634 apostolicae
2100 554 2438 634 perstitistis
2458 554 2772 616 humiliter
2805 574 2879 615 ex
2913 570 3082 636 parte

472 673 577 719 tua
609 656 772 721 idem
805 658 1303 739 archiepiscopus
1335 659 1697 739 requirebat.

687 766 1025 829 Videbatur
1066 782 1271 828 autem
1318 786 1390 829 ex
1433 787 1509 830 eo
1549 769 1786 829 trahere
1821 768 2122 830 maiorem
2154 768 2472 830 audaciam
2506 768 2876 851 postulandi,
2911 770 3084 850 quod

475 892 604 935 non
634 873 821 952 longe
854 889 1057 954 petere
1090 876 1423 954 cogebatur
1454 875 1829 956 exemplum,
1854 875 1962 937 sed
1983 875 2047 936 in
2068 875 2339 938 favorem
2364 876 2678 957 petitionis
2699 875 3082 940 huiusmodi.

474 982 648 1061 quod
696 1000 812 1042 nos
858 980 1024 1060 ipsos
1057 981 1121 1042 in
1153 1001 1335 1043 causa
1365 981 1548 1043 simili
1579 980 1789 1043 fecisse
1822 982 2077 1058 dicebat,
2110 997 2348 1062 poterat
2379 981 2655 1064 allegare.
2719 984 2884 1044 Cum
2918 983 3085 1043 enim

474 1088 849 1151 clarissimus
897 1089 961 1150 in
992 1088 1244 1151 Christo
1293 1089 1458 1150 filius
1504 1105 1714 1150 noster
1746 1089 2088 1171 Philippus,
2136 1108 2237 1150 rex
2270 1089 2654 1150 Francorum
2686 1088 2953 1160 illustria,
2985 1108 3084 1149 ca-

475 1195 745 1256 risimam
791 1195 857 1257 in
888 1194 1138 1257 Christo
1186 1194 1375 1257 filiam
1423 1212 1716 1273 nostram,
1751 1196 2181 1276 lugeburgem,
2214 1197 2597 1258 Francorum
2636 1196 2914 1274 reginam
2947 1194 3085 1254 illu-

473 1317 662 1363 strem
694 1302 992 1364 dimiserit
1023 1319 1082 1363 et
1114 1322 1187 1363 ex
1217 1302 1332 1364 alia
1365 1304 1768 1382 postmodum
1800 1303 2171 1383 superducta
2193 1320 2459 1382 puerum
2478 1302 2812 1383 susceperit
2830 1317 2888 1362 et
2909 1301 3075 1381 puel-

472 1409 621 1484 lam,
653 1423 713 1470 et
742 1424 811 1470 tu
844 1407 1121 1469 similiter
1151 1408 1392 1472 exclusa
1422 1409 1689 1491 legitima
1720 1409 2155 1490 superduxeris
2188 1409 2392 1486 aliam,
2421 1429 2493 1471 ex
2528 1429 2651 1489 qua
2684 1409 2842 1470 filios
2876 1427 3082 1469 susce-

477 1517 636 1598 pisti,
681 1516 839 1577 sicut
884 1535 1030 1578 cum
1063 1516 1200 1578 filiis
1233 1516 1390 1590 regis
1420 1517 1719 1593 eiusdem,
1753 1518 1840 1578 sic
1873 1536 2021 1579 cum
2051 1519 2174 1579 tuis
2206 1518 2565 1579 credebatur
2597 1519 2674 1579 de
2709 1516 3086 1598 benignitate

476 1623 637 1687 sedis
682 1623 1051 1705 apostolicae
1100 1624 1617 1704 dispensandum;
1672 1625 2045 1706 praesertim,
2080 1643 2226 1686 cum
2259 1625 2458 1685 maior
2491 1624 2550 1685 id
2588 1623 2912 1685 necessitas
2944 1644 3085 1685 sua-

478 1732 668 1809 deret,
702 1748 760 1792 et
792 1749 858 1792 tu
893 1731 1075 1793 nobis
1107 1730 1430 1812 specialius
1460 1731 1541 1793 sis
1572 1732 1904 1794 subiectus.
1970 1732 2293 1812 Siquidem
2340 1752 2442 1793 rex
2476 1731 2858 1794 Francorum
2890 1751 2962 1793 ex
2995 1733 3086 1793 in-

478 1838 654 1901 clitae
701 1837 1142 1900 recordationis
1193 1837 1462 1912 isabella,
1519 1837 1725 1918 regina
1772 1839 2173 1913 Francorum,
2224 1840 2567 1919 legitimum
2622 1841 2773 1901 olim
2823 1840 3086 1920 suscepit

480 1946 830 2021 haeredem,
879 1944 989 2024 qui
1035 1944 1090 2005 ei
1137 1959 1385 2026 optatur
1427 1960 1486 2006 et
1530 1946 1799 2007 creditur
1831 1946 1895 2007 in
1930 1946 2099 2024 regni
2133 1946 2291 2007 solio
2322 1965 2737 2010 successurus
2801 1946 2906 2008 Tu
2940 1966 3088 2007 vero

481 2073 552 2114 ex
584 2051 855 2131 legitima
889 2053 1158 2131 coniuge
1190 2051 1605 2113 masculinum
1639 2071 1773 2114 non
1807 2053 1996 2113 habes
2030 2054 2377 2128 haeredem,
2429 2054 2537 2133 qui
2569 2052 2675 2114 tibi
2708 2070 2766 2114 et
2799 2054 2864 2114 in
2896 2054 3086 2114 devo-

480 2158 647 2220 tione
680 2174 887 2221 nostra
920 2174 980 2219 et
1012 2159 1252 2239 propria
1289 2158 1654 2220 haereditate
1686 2161 1987 2221 succedat.
2031 2161 2303 2241 Insuper,
2338 2180 2480 2222 cum
2516 2179 2620 2221 rex
2652 2161 2781 2241 ipse
2815 2159 2879 2244 in
2910 2160 3087 2239 spiri-

479 2265 750 2328 tualibus
783 2266 964 2327 nobis
996 2265 1319 2342 subiaceat,
1336 2282 1403 2326 tu
1426 2267 1607 2328 nobis
1626 2284 1684 2329 et
1702 2266 1766 2328 in
1785 2267 2232 2348 temporalibus
2252 2287 2317 2328 es
2332 2269 2665 2338 subiectus,
2685 2285 2830 2327 cum
2852 2284 3086 2346 partem

481 2390 672 2435 terrae
718 2387 857 2434 tuae
905 2375 977 2434 ab
1011 2372 1274 2434 Ecclesia
1309 2373 1734 2452 Magalonensi
1780 2375 2113 2455 possideas,
2163 2394 2351 2454 quam
2386 2374 2512 2454 ipsa
2548 2392 2656 2454 per
2687 2374 2896 2434 sedem
2933 2392 3084 2454 apo-

482 2480 762 2543 stolicam
807 2479 1226 2559 temporaliter
1259 2481 1663 2559 recognoscit.
1729 2480 1940 2556 Quare
1974 2480 2433 2560 Magalonensis
2477 2480 2728 2541 ecclesia
2763 2480 3088 2555 mediante,

481 2603 542 2648 te
576 2586 758 2649 nobis
789 2586 955 2648 idem
986 2586 1484 2666 archiepiscopus
1516 2589 1815 2648 asserebat
1847 2583 2266 2668 temporaliter
2295 2587 2629 2649 subiacere.

701 2695 930 2758 Verum
967 2694 1016 2755 si
1050 2693 1264 2755 veritas
1295 2693 1618 2774 diligenter
1649 2693 1987 2776 inspicitur,
2032 2715 2126 2757 res
2160 2715 2289 2757 non
2320 2694 2533 2756 similis
2563 2694 2671 2755 sed
2707 2692 2880 2755 valde
2913 2691 3087 2753 dissi-

485 2803 646 2866 milis
691 2803 1016 2864 invenitur.
1081 2803 1240 2863 Nam
1287 2821 1390 2863 rex
1432 2800 1562 2882 ipse
1594 2823 1627 2862 a
1660 2803 1964 2883 praedicta
2011 2804 2221 2885 regina
2254 2822 2363 2884 per
2395 2806 2592 2864 bonae
2627 2801 2961 2863 memoriae
2993 2820 3091 2859 are

485 2909 857 2992 chiepiscopi
878 2910 1222 2985 Remensis,
1256 2910 1622 2990 apostolicae
1654 2911 1817 2971 sedis
1849 2909 2051 2991 legati,
2080 2910 2193 2971 fuit
2224 2911 2589 2971 sententiam
2621 2923 2953 2989 separatus.
2985 2907 3088 2967 Tu

485 3037 632 3080 vero
683 3036 945 3079 uxorem
993 3033 1164 3078 tuam
1213 3037 1245 3076 a
1294 3031 1373 3091 te,
1426 3016 1579 3077 sicut
1629 3016 1868 3095 dicitur,
1919 3018 2250 3079 temeritate
2295 3018 2540 3099 propria
2586 3016 2893 3098 separasti.
2958 3016 3091 3095 lpse

401 3153 422 3189 =.
484 3143 762 3206 quoque,
794 3125 1155 3206 priusquam
1186 3124 1263 3185 ad
1296 3143 1442 3185 eum
1476 3124 1813 3203 prohibitio
1848 3126 1925 3186 de
1958 3145 2088 3187 non
2121 3126 2549 3186 contrahendo
2582 3144 2725 3185 cum
2748 3123 2929 3184 altera
2953 3141 3090 3203 per-

484 3235 737 3307 veniret,
775 3233 954 3294 aliam
988 3231 1367 3313 superduxit,
1402 3250 1474 3291 ex
1504 3250 1628 3310 qua
1661 3231 1905 3312 prolem
1935 3234 2243 3311 geminam
2281 3233 2558 3292 noscitur
2587 3230 2946 3311 suscepisse.
2986 3230 3090 3290 Tu

485 3341 549 3402 in
594 3355 1028 3421 contemptum
1072 3337 1358 3399 ecclesiae
1391 3337 1872 3417 superinducere
1903 3341 2236 3409 attentasti;
2291 3355 2539 3421 propter
2569 3340 2742 3419 quod
2777 3338 2905 3418 ipsa
2939 3338 2999 3397 in
3031 3353 3093 3397 te

483 3448 771 3527 gladium
804 3446 1070 3509 exercuit
1102 3443 1533 3506 ecclesiasticae
1567 3444 1833 3508 ultionis.
1905 3447 2232 3519 Praeterea,
2282 3465 2383 3506 rex
2436 3446 2565 3526 ipse
2615 3444 2951 3525 praedictae
2996 3463 3090 3503 re-

484 3555 663 3635 ginae
696 3570 909 3615 contra
941 3555 1409 3616 matrimonium
1444 3553 1798 3614 affinitatem
1833 3552 2077 3627 obiecit,
2126 3568 2182 3613 et
2215 3571 2421 3612 coram
2456 3551 2728 3631 praefato
2760 3550 3091 3629 archiepis-

484 3682 647 3743 copo
689 3676 874 3723 testes
919 3660 1178 3737 induxit,
1222 3661 1401 3722 cuius
1445 3660 1745 3720 sententia
1791 3659 1937 3738 quia
1984 3674 2210 3719 cassata
2258 3658 2371 3719 fuit
2402 3657 2806 3718 solummodo
2842 3672 3092 3737 propter

483 3767 876 3831 iudiciariam
925 3768 1210 3829 ordinem
1259 3787 1389 3827 non
1439 3782 1769 3841 servatum,
1819 3784 1939 3825 nos
1985 3765 2059 3837 ei,
2108 3780 2248 3845 post
2291 3764 2744 3825 restitutionem
2791 3762 3093 3843 praefatae

485 3875 750 3957 reginae,
798 3893 986 3956 super
1016 3875 1137 3935 hoc
1169 3873 1575 3934 venerabilem
1613 3873 1854 3932 fratrem
1891 3888 2195 3948 nostrum,
2231 3871 2660 3948 Octavianum,
2696 3870 3091 3931 Hostiensem

484 3984 851 4064 episcopum
897 3997 958 4043 et
989 3981 1280 4042 dilectum
1315 3980 1531 4055 filium,
1561 3980 1885 4053 loannem,
1933 3978 2092 4039 tituli
2124 3994 2365 4039 sanctae
2400 3978 2632 4038 Priscae
2664 3980 3089 4058 presbyterum

483 4090 874 4167 cardinalem,
907 4089 1259 4168 cognitores
1290 4089 1581 4150 duximus
1614 4088 2070 4150 concedendos.

696 4197 800 4257 Tu
846 4214 991 4256 vero
1039 4197 1215 4257 uxori
1263 4213 1402 4256 tuae
1449 4194 1601 4256 nihil
1647 4194 1820 4274 quod
1869 4192 2202 4253 divortium
2236 4192 2571 4268 induceret,
2604 4191 2760 4251 sicut
2790 4190 3093 4259 asseritur,

481 4302 782 4374 obiecisti;
821 4321 988 4378 cum,
1022 4302 1132 4361 etsi
1168 4300 1321 4361 fides
1350 4302 1467 4362 tori
1499 4300 1575 4360 sit
1607 4319 1809 4361 unum
1842 4300 1918 4359 de
1952 4300 2147 4360 tribus
2180 4299 2358 4358 bonis
2389 4298 2683 4377 coniugii,
2717 4315 2847 4357 non
2879 4313 3090 4359 tamen

481 4410 677 4491 ipsius
708 4409 957 4471 violatio
990 4409 1317 4491 coniugale
1349 4409 1668 4469 vinculum
1705 4407 2006 4469 violasset.
2042 4408 2132 4467 De
2168 4405 2304 4467 filiis
2336 4425 2592 4486 quoque
2615 4406 2773 4487 regis
2793 4406 3093 4477 eiusdem,

485 4534 697 4580 utrum
727 4516 983 4597 legitimi
1013 4538 1091 4578 an
1124 4516 1424 4597 illegitimi
1458 4515 1700 4589 fuerint,
1735 4515 2039 4595 quamdiu
2074 4515 2301 4594 pendet
2334 4514 2617 4594 quaestio
2652 4510 3093 4574 affinitatisob-

486 4628 692 4703 iectae‚
738 4640 938 4706 potest
983 4643 1112 4685 non
1164 4624 1472 4685 immerito
1518 4622 1796 4685 dubitari.
1870 4622 2049 4691 Nam,
2084 4621 2133 4681 si
2166 4620 2430 4682 affinitas
2464 4621 2644 4683 fuerit
2675 4621 3097 4701 comprobata,

486 4733 859 4815 praedictam
905 4734 1183 4813 reginam
1234 4751 1363 4793 non
1394 4751 1525 4792 esse
1559 4730 1714 4809 regis
1747 4729 2076 4807 coniugem
2111 4729 2442 4810 apparebit,
2476 4746 2534 4791 et
2567 4748 2674 4810 per
2704 4744 3098 4807 consequens

486 4840 601 4901 alia
646 4839 952 4902 videretur
996 4840 1111 4901 sibi
1155 4839 1426 4919 legitime
1472 4837 1841 4917 compulata,
1888 4853 1944 4897 et
1992 4836 2150 4898 filios
2183 4838 2236 4897 ei
2271 4837 2579 4916 legitimos
2613 4836 2940 4916 peperisse.
3004 4835 3093 4895 De

486 4949 610 5009 tuis
641 4966 806 5024 vere,
840 4949 1015 5028 quod
1048 4948 1172 5009 sint
1201 4944 1469 5025 legitime
1502 4943 1644 5019 nati,
1681 4962 1794 5004 nec
1826 4958 1895 5005 tu
1931 4945 2060 5024 ipse
2095 4946 2408 5024 proponis,
2452 4965 2565 5006 nec
2599 4944 2722 5005 ulla
2756 4944 3096 5023 praesumi-
