3684 5416
418 1481 468 1515 10

419 2013 465 2059 ¹5

415 3093 466 3138 ²5

414 4164 465 4209 35

1519 315 1784 382 Pontifex
1823 333 2119 372 romanus.
3026 336 3133 390 423

521 501 616 562 nis
647 519 927 561 aeternae
959 517 1017 561 et
1048 500 1381 561 amissione
1415 498 1583 577 juris,
1617 499 1666 559 si
1699 501 1873 580 quod
1910 499 2062 561 forte
2095 501 2209 562 sibi
2243 502 2593 582 quaesitum
2626 518 2782 564 esset
2803 503 2865 564 in
2890 518 3139 584 papatu,

518 628 707 689 quam
742 592 880 688 ipso
915 606 1073 668 facto
1104 607 1391 684 incurrat,
1426 621 1485 667 et
1518 607 1671 668 ultra
1705 608 1828 668 hoc
1859 609 1936 668 ad
1981 608 2283 688 quaslibet
2329 609 2654 689 dignitates
2699 611 2888 671 active
2921 625 2979 671 et
3000 630 3138 691 pas-

519 716 643 776 sive
690 713 764 775 sit
811 713 1119 790 inhabilis,
1169 712 1504 775 concilium
1556 713 1764 794 ipsum
1808 714 1888 774 ad
1932 713 2271 776 terminum
2305 715 2449 777 anni
2484 717 2862 797 praedictum
2896 716 2962 778 in
2994 718 3136 779 loco

520 822 689 904 prius
723 822 1017 902 deputato
1050 821 1488 882 celebrandurn
1521 820 1789 883 indicere
1822 836 1881 882 et
1912 821 2225 903 publicare
2258 840 2316 883 et
2349 842 2458 903 per
2488 842 2629 884 suas
2661 822 2861 884 literas
2880 842 3134 903 compe-

520 930 677 991 titori
726 928 822 988 vel
869 927 1381 1008 competitoribus
1428 927 1634 1009 ipsum
1682 929 1778 989 vel
1809 927 1977 1009 ipsos
2011 929 2410 1010 provocando
2441 930 2518 990 ad
2551 949 2800 990 causam
2831 944 2891 992 et
2926 928 3138 990 ceteris

519 1035 798 1118 praelatis
850 1056 919 1096 ac
970 1034 1352 1117 principibus
1403 1050 1710 1115 quantum
1766 1035 1832 1096 in
1883 1055 1960 1096 eo
2009 1035 2192 1097 fuerit
2239 1034 2519 1097 intimare
2560 1054 2676 1097 nec
2710 1036 3139 1097 nontermino

520 1143 790 1225 praefixo
838 1145 955 1204 sub
1002 1142 1220 1225 poenis
1267 1143 1589 1224 praedictis
1635 1144 1712 1205 ad
1757 1143 1970 1206 locum
2007 1142 2252 1204 concilii
2286 1144 2686 1224 personaliter
2717 1164 2781 1204 se
2814 1144 3141 1204 transferre

520 1272 632 1313 nee
664 1251 805 1312 inde
840 1250 1168 1327 discedere,
1208 1250 1410 1311 donec
1443 1269 1554 1332 per
1583 1250 1922 1313 concilium
1954 1269 2133 1311 causa
2167 1249 2509 1311 schismatis
2542 1250 2813 1331 plenarie
2845 1250 2921 1311 sit
2953 1250 3139 1311 finita.

521 1360 642 1420 hoc
686 1357 982 1436 adjuncto
1031 1357 1200 1437 quod
1255 1357 1464 1418 nullus
1498 1357 1775 1438 ipsorum
1808 1357 2321 1419 contendentium
2355 1358 2431 1419 de
2467 1374 2691 1437 papatu
2724 1357 2786 1418 in
2819 1357 2955 1438 ipso
2989 1377 3141 1418 con-

521 1466 661 1527 cilio
711 1481 778 1527 ut
824 1485 978 1546 papa
1025 1464 1382 1545 praesideat.
1447 1464 1604 1545 quin
1652 1465 1781 1526 imo
1829 1480 1897 1525 ut
1942 1480 2112 1526 tanto
2145 1464 2399 1525 liberius
2430 1479 2488 1525 et
2520 1463 2699 1526 citius
2730 1463 2916 1524 etiam
2951 1463 3140 1524 unico

520 1589 577 1634 et
607 1571 959 1633 indubitato
992 1586 1238 1651 pastore
1271 1572 1553 1650 gaudeat,
1587 1572 1710 1632 sint
1742 1571 1856 1652 ipsi
1892 1591 2113 1633 omnes
2134 1573 2212 1632 de
2232 1585 2460 1653 papatu
2484 1571 2947 1648 contendentes,
2971 1586 3140 1651 post-

520 1697 713 1760 quam
759 1677 993 1739 dictum
1038 1678 1377 1739 concilium
1423 1679 1737 1759 inceptum
1793 1679 1992 1757 fuerit,
2038 1679 2392 1741 auctoritate
2440 1677 2630 1755 hujus
2677 1697 2880 1739 sacrae
2912 1678 3138 1759 synodi

521 1785 657 1866 ipso
691 1784 823 1860 jure
855 1787 930 1845 ab
964 1785 1139 1845 omni
1172 1785 1701 1848 administratione
1735 1786 2043 1866 suspensi,
2077 1805 2193 1848 nec
2223 1785 2310 1847 eis
2342 1799 2447 1846 aut
2479 1803 2701 1846 eorum
2721 1784 2911 1862 alteri,
2935 1785 3134 1845 donec

522 1912 699 1954 causa
749 1892 877 1974 ipsa
926 1911 1035 1973 per
1068 1893 1403 1954 concilium
1438 1895 1762 1955 terminata
1798 1894 1998 1970 fuerit,
2033 1916 2064 1955 a
2099 1914 2422 1974 quoquam
2455 1896 2572 1954 sub
2607 1913 2807 1975 poena
2842 1891 3140 1953 fautoriae

522 1999 861 2060 schismatis
893 2000 1373 2079 quomodolibet
1405 2001 1749 2063 obediatur.

736 2106 930 2181 Quod
976 2106 1025 2167 si
1073 2105 1227 2168 forte
1274 2107 1640 2170 electionem
1674 2108 1943 2169 Romani
1991 2108 2300 2189 pontificis
2346 2128 2454 2190 per
2487 2124 2722 2169 metum
2758 2108 2865 2188 qui
2898 2108 3139 2168 caderet

522 2214 585 2275 in
618 2229 995 2275 constantem
1030 2214 1229 2275 virum
1264 2235 1374 2275 seu
1407 2216 1879 2296 impressionem
1911 2218 1988 2277 de
2021 2233 2225 2278 cetero
2256 2216 2388 2278 fieri
2407 2217 2745 2295 contingat,
2770 2216 2963 2297 ipsam
2998 2215 3128 2275 nul·

519 2320 638 2381 lius
672 2321 1064 2383 decernimus
1096 2320 1397 2383 efficaciae
1431 2324 1526 2384 vel
1561 2323 1860 2385 momenti
1893 2343 2007 2385 nec
2040 2344 2218 2406 posse
2249 2345 2358 2407 per
2379 2341 2747 2396 sequentem
2770 2342 3140 2385 consensum

523 2428 704 2490 etiam
737 2444 907 2491 metu
942 2429 1253 2510 praedicto
1284 2444 1556 2490 cessante
1591 2430 1870 2491 ratificari
1905 2431 1999 2492 vel
2030 2431 2376 2512 approbari.
2432 2450 2562 2493 non
2595 2447 2803 2492 tamen
2837 2430 2977 2491 licet
3008 2449 3137 2490 car-

522 2535 829 2597 dinalibus
861 2537 936 2597 ad
972 2536 1151 2596 aliam
1186 2536 1553 2598 electionem
1587 2540 1941 2617 procedere,
1978 2539 2093 2601 nisi
2126 2539 2224 2602 ille
2257 2541 2343 2600 sic
2376 2540 2608 2601 electus
2641 2538 2794 2599 forte
2819 2538 3138 2599 renunciet

523 2643 617 2703 vel
649 2643 922 2722 decedat,
957 2643 1159 2705 donec
1190 2662 1299 2725 per
1330 2644 1615 2724 generale
1647 2644 1985 2706 concilium
2017 2646 2093 2707 de
2127 2646 2423 2708 electione
2457 2646 2555 2707 illa
2579 2645 2761 2707 fuerit
2782 2645 3139 2723 judicatum.

523 2768 581 2812 et
613 2750 665 2813 si
698 2752 1051 2832 procedant,
1099 2752 1267 2813 nulla
1300 2752 1376 2813 sit
1407 2753 1630 2814 electio
1663 2753 1800 2834 ipso
1833 2754 1985 2831 iure,
2017 2754 2263 2836 sintque
2295 2755 2402 2831 sic,
2437 2755 2717 2815 secundo
2750 2753 3047 2832 eligentes
3078 2767 3138 2812 et

523 2857 768 2937 electus,
816 2859 868 2919 si
913 2878 977 2919 se
1025 2857 1273 2940 papatui
1307 2859 1644 2937 ingesserit,
1677 2862 1855 2922 omni
1890 2861 2183 2943 dignitate
2219 2863 2457 2924 honore
2492 2878 2550 2923 et
2581 2876 2760 2935 statu,
2795 2860 2978 2921 etiam
3012 2878 3140 2920 car·

524 2965 828 3028 dinalatus
873 2982 929 3027 et
975 2965 1334 3047 pontificali,
1382 2968 1515 3049 ipso
1563 2966 1693 3045 jure
1742 2968 1957 3050 privati
2004 2984 2062 3031 et
2095 2970 2397 3031 inhabiles
2430 2971 2505 3030 de
2539 2986 2744 3031 cetero
2777 2969 2851 3029 ad
2885 2968 3140 3030 eosdem

524 3092 592 3133 ac
624 3072 805 3133 etiam
839 3073 917 3133 ad
949 3088 1266 3155 papatum,
1303 3093 1415 3136 nec
1447 3073 1668 3154 aliquis
1702 3075 1906 3137 eidem
1937 3077 2218 3138 secundo
2252 3077 2445 3138 electo
2481 3093 2545 3138 ut
2578 3096 2771 3158 papae
2804 3078 2919 3136 sub
2942 3093 3142 3156 poena

526 3180 819 3241 fautoriae
851 3179 1194 3241 schismatis
1226 3181 1471 3242 obediat
1503 3184 1987 3263 quoquomodo,
2024 3200 2083 3245 et
2114 3204 2190 3245 eo
2223 3204 2368 3246 casu
2389 3183 2721 3246 concilium
2746 3185 2821 3245 de
2842 3183 3143 3245 electione

522 3306 714 3368 papae
762 3287 1078 3368 provideat
1122 3287 1222 3348 illa
1269 3288 1417 3365 vice,
1467 3289 1576 3351 sed
1609 3289 1803 3366 liceat,
1836 3291 1968 3352 imo
2001 3308 2060 3353 et
2092 3308 2419 3356 teneantur
2451 3292 2748 3353 electores
2780 3311 3002 3352 omnes
3034 3305 3140 3351 aut

523 3394 738 3456 saltem
789 3395 986 3472 major
1035 3415 1172 3476 pars
1219 3415 1459 3471 eorum,
1505 3417 1696 3478 quam
1744 3398 1866 3459 cito
1913 3398 2045 3458 sine
2079 3399 2356 3479 periculo
2390 3418 2795 3479 personarum
2832 3415 3143 3479 poterunt,

527 3501 763 3562 etiamsi
796 3501 1144 3583 periculum
1178 3504 1466 3564 omnium
1502 3506 1817 3565 bonorum
1851 3503 2186 3579 immineat,
2233 3525 2296 3565 se
2329 3504 2655 3566 transferre
2689 3507 2765 3565 ad
2799 3506 3008 3564 locum
3043 3519 3142 3563 tu-

525 3622 660 3669 tum
707 3625 764 3670 et
814 3624 1050 3670 metum
1098 3609 1480 3689 praedictum
1526 3610 1786 3689 allegare
1833 3628 2043 3670 coram
2077 3610 2330 3671 notariis
2363 3609 2625 3691 publicis
2658 3625 2716 3670 et
2763 3607 3135 3670 notabilibus

524 3716 804 3796 personis
849 3735 919 3777 ac
967 3716 1367 3779 multitudine
1416 3716 1634 3798 populi
1683 3718 1746 3778 in
1779 3718 1921 3779 loco
1954 3716 2195 3798 insigni.
2260 3716 2337 3778 ita
2369 3732 2577 3777 tamen
2611 3715 2784 3795 quod
2817 3715 3146 3795 allegantes

526 3840 761 3885 metum
810 3824 1178 3901 hujusmodi
1226 3825 1494 3887 habeant
1540 3825 1604 3885 in
1637 3824 1829 3905 ipsius
1863 3839 2065 3885 metus
2096 3824 2459 3902 allegatione
2491 3822 2829 3903 exprimere
2872 3822 3142 3903 speciem

525 3946 582 3991 et
615 3931 972 4010 qualitatem
1020 3932 1163 3993 dicti
1211 3948 1413 3993 metus
1446 3948 1504 3993 et
1537 3930 1739 4009 jurare
1771 3931 2145 4007 solemniter,
2179 3930 2352 4010 quod
2385 3945 2589 3990 metus
2623 3927 2817 3989 taliter
2848 3927 3144 4006 allegatus

523 4036 599 4098 sit
631 4056 834 4113 verus,
870 4054 929 4099 et
962 4038 1135 4118 quod
1168 4038 1423 4100 credant
1452 4057 1517 4099 se
1550 4038 1755 4119 ipsum
1790 4056 1974 4118 posse
2006 4040 2268 4118 probare
2303 4052 2362 4098 et
2394 4036 2570 4117 quod
2602 4053 2711 4116 per
2732 4032 3026 4094 malitiam
3050 4033 3144 4093 vel

524 4162 631 4224 per
684 4144 1061 4206 calumniam
1114 4143 1479 4222 hujusmodi
1530 4160 1765 4206 metum
1816 4162 1950 4205 non
2001 4159 2372 4225 proponant.
2438 4161 2553 4204 nec
2602 4142 2758 4202 ultra
2791 4140 3145 4221 proximum

523 4249 803 4312 futurum
837 4250 1172 4313 concilium
1206 4251 1336 4312 ullo
1369 4253 1563 4313 modo
1597 4250 1824 4312 differri
1860 4250 2055 4331 possit
2084 4250 2366 4330 allegatio
2398 4248 2542 4310 dicti
2564 4262 2787 4310 metus.
2822 4261 3147 4307 teneantur

523 4356 794 4438 insuper,
830 4375 1163 4440 postquam
1193 4378 1258 4419 se
1288 4358 1730 4420 transtulerunt
1762 4374 1821 4419 et
1856 4374 2092 4419 metum
2126 4357 2564 4437 allegaverunt,
2600 4357 2797 4417 modo
2829 4353 3144 4436 praedicto

524 4485 861 4548 provocare
906 4467 991 4528 sic
1037 4466 1301 4527 electum
1335 4466 1412 4527 ad
1445 4465 1794 4528 concilium.
1862 4465 2034 4547 quod
2068 4465 2408 4527 concilium
2441 4466 2489 4526 si
2528 4464 2684 4527 ultra
2719 4482 2954 4525 annum
2988 4482 3144 4543 pen-

524 4573 662 4635 deat
708 4596 739 4635 a
791 4575 889 4636 die
940 4573 1400 4656 provocationis
1446 4573 1829 4650 huiusmodi,
1879 4572 2256 4650 intelligatur
2303 4573 2378 4633 ad
2418 4592 2657 4634 annum
2691 4588 2758 4634 ut
2792 4591 2976 4653 supra
3011 4570 3148 4651 ipso

525 4679 656 4757 jure
700 4680 998 4742 terminus
1044 4680 1448 4741 abbreviatus
1513 4695 1571 4742 et
1603 4680 2015 4743 nihilominus
2045 4696 2323 4742 teneatur
2352 4681 2585 4742 electus
2615 4681 2743 4762 ipse
2774 4679 2892 4739 sub
2926 4677 3149 4758 poenis

525 4786 847 4866 praedictis
898 4803 956 4848 et
1006 4786 1346 4848 cardinales
1393 4803 1799 4866 provocantes
1850 4790 1968 4850 sub
2020 4806 2223 4870 poena
2270 4787 2616 4850 amissionis
2648 4785 3055 4849 cardinalatus
3088 4800 3148 4845 et

525 4894 814 4955 omnium
849 4895 1295 4957 beneficiorum
1329 4913 1611 4974 suorum,
1647 4914 1837 4976 quam
1871 4895 2007 4977 ipso
2042 4894 2200 4957 facto
2236 4894 2573 4973 incurrant,
2606 4894 2765 4956 infra
2799 4910 3078 4954 mensem
3113 4914 3148 4953 a
