3684 5416
570 999 588 1041 5
654 999 803 1059 ματι
865 979 1105 1056 κυρίου
1155 978 1488 1059 δεχθήτω·

553 1534 599 1563 10

556 2067 597 2109 ¹5

656 385 715 421 10

653 550 868 611 σεσθε
901 551 1140 612 αὑτοῦ·
1209 550 1332 611 ἐὰν
1380 548 1459 612 δὲ
1504 550 1656 627 περὶ
1703 552 1928 613 ἄλλων

651 654 1118 733 ύστερούντων
1164 656 1311 737 εἴπῃ
1372 657 1632 731 δοῦναι,
1697 656 1928 738 μηδεὶς

650 762 860 824 αὐτὸν
890 764 1188 840 κρινέτω.

742 874 868 935 XII.
908 872 1064 949 Πᾶς
1097 870 1176 933 δέ
1210 873 1250 932 ὁ
1283 868 1654 954 ἐρχόμενος
1688 873 1762 933 έν
1780 871 1928 933 ὀνο·

1570 978 1790 1043 ἔπειτα
1850 977 1931 1040 δέ

652 1084 1149 1166 δοκιμάσαντες
1176 1085 1385 1147 αὐτὸν
1413 1084 1787 1164 γνώσεσθε.
1820 1084 1929 1148 σύ-

650 1207 836 1253 νεσιν
866 1194 1006 1272 γὰρ
1039 1193 1226 1265 ἕξετε
1261 1191 1492 1283 δεξιὰν
1523 1194 1634 1254 καὶ
1672 1196 1928 1271 ἀριστε-

652 1300 801 1375 ράν.
844 1322 899 1362 2.
923 1300 1001 1361 Ei
1035 1297 1153 1381 μέν
1184 1298 1520 1377 παρόδιός
1542 1303 1721 1363 ἐστιν
1754 1300 1793 1358 ὁ
1826 1305 1928 1377 ἐρ-

652 1405 959 1488 χόμενος,
986 1407 1297 1491 βοηθεῖτε
1318 1408 1519 1487 αὐτῷ,
1542 1409 1715 1469 ὅσον
1734 1406 1929 1469 δύνα-

656 1513 814 1573 σθε·
871 1513 954 1574 οὐ
1002 1517 1182 1594 μενεῖ
1227 1512 1309 1574 δέ
1340 1513 1515 1591 πρὸς
1546 1514 1721 1596 ὑμᾶς
1755 1514 1810 1575 εἰ
1845 1514 1929 1594 μὴ

656 1620 783 1682 δύο
818 1621 856 1697 ἢ
892 1624 1074 1699 τρεῖς
1107 1621 1386 1702 ἡμέρας,
1424 1621 1546 1682 ἐὰν
1579 1619 1618 1699 ᾖ
1641 1622 1928 1699 ἀνάγκη.

660 1751 714 1810 3.
752 1728 830 1789 EI
877 1725 957 1789 δέ
1003 1727 1185 1789 θέλει
1219 1725 1394 1805 πρὸς
1424 1727 1600 1808 ὑμᾶς
1630 1726 1930 1800 καθίσαι,

654 1835 948 1912 τεχνὶτης
964 1832 1076 1903 ὤν,
1095 1835 1496 1914 ἐργαζέσθω
1510 1834 1622 1895 καὶ
1634 1834 1930 1914 φαγέτω.

657 1966 715 2023 4.
766 1942 843 2002 El
878 1940 958 2003 δέ
991 1943 1118 2003 οὐκ
1152 1940 1285 2019 ἔχει
1319 1942 1574 2020 τέχνην,
1606 1942 1783 2004 κατὰ
1815 1940 1934 2018 τὴν

657 2046 931 2110 σύνεσιν
962 2047 1143 2130 ὑμῶν
1176 2047 1627 2126 προνοήσατε,
1672 2049 1813 2127 πῶς
1847 2047 1932 2130 μὴ

659 2153 878 2233 ἀργὸς
923 2154 1069 2236 μεθ’
1103 2155 1286 2236 ὑμῶν
1316 2154 1589 2232 ζήσεται
1624 2156 1932 2232 Χριστια-

657 2261 796 2338 νός.
855 2286 907 2344 5.
948 2263 1026 2323 Et
1060 2260 1117 2322 δ’
1158 2264 1240 2325 οὐ
1273 2263 1457 2325 θέλει
1490 2262 1667 2324 οὕτω
1701 2266 1932 2336 ποιεῖν,

657 2368 1149 2451 χριστέμπορός
1182 2370 1349 2431 ἐστι’·
1392 2372 1764 2448 προσέχετε
1797 2369 1933 2431 ἀπὸ

656 2476 786 2537 τῶν
818 2475 1154 2537 τοιούτων.

747 2585 895 2645 XIII.
931 2583 1084 2658 ΙΙᾶς
1104 2580 1185 2643 δέ
1204 2580 1555 2660 προφήτης
1588 2581 1933 2659 ἀληθινός,

655 2690 874 2753 θέλων
888 2690 1164 2754 καθίσαι
1180 2690 1358 2768 πρὸς
1372 2689 1565 2772 ὑμᾶς,
1584 2689 1777 2768 ἄξιός
1794 2704 1936 2752 εστι

656 2801 774 2876 τῆς
807 2800 1065 2879 τροφῆς
1099 2799 1329 2860 αὑτοῦ.
1372 2821 1427 2861 2.
1463 2794 1815 2874 Ὡσαύτως
1849 2797 1935 2859 δι-

606 2965 607 2968 ,
657 2903 1010 2981 δάσκαλος
1045 2903 1369 2983 ἀληθινός
1403 2906 1582 2966 ἐστιν
1612 2905 1804 2981 ἄξιος
1823 2904 1937 2965 καὶ

659 3011 869 3088 αὐτὸς
902 3010 1133 3089 ὥσπερ
1156 3012 1196 3072 ὁ
1219 3012 1516 3090 ἐργάτης
1536 3013 1655 3091 τῆς
1676 3013 1939 3091 τροφῆς

582 3136 597 3162 ²
659 3120 904 3181 αὐτοῦ·
947 3144 999 3203 3.
1040 3120 1292 3181 Πᾶσαν
1321 3117 1445 3180 οὖν
1467 3116 1777 3196 ἀπαρχὴν
1796 3138 1938 3195 γεν-

655 3226 963 3306 νημάτων
991 3227 1199 3303 ληνοῦ
1219 3224 1330 3286 καὶ
1356 3227 1640 3302 ἅλωνος,
1668 3226 1849 3309 βοῶν
1869 3245 1940 3286 τε

656 3331 767 3393 καὶ
831 3334 1186 3416 προβάτων
1247 3332 1478 3418 λαβὼν
1527 3330 1774 3408 δώσεις
1820 3331 1940 3410 τὴν

658 3438 969 3517 ἀπαρχὴν
990 3444 1128 3516 τοίς
1148 3439 1550 3520 προφήταις·
1586 3439 1780 3501 αὐτοὶ
1800 3441 1939 3519 γάρ

660 3549 827 3609 εἰσιν
858 3547 922 3608 οἱ
956 3549 1294 3625 ἀρχιερεῖς
1326 3548 1525 3628 ὑμῶν.
1562 3572 1622 3630 4.
1661 3547 1826 3609 Ἐὰν
1859 3545 1940 3609 δὲ

660 3654 742 3735 μὴ
779 3653 972 3733 ἔχητε
1003 3654 1373 3734 προφήτην,
1412 3652 1574 3716 δότε
1607 3659 1747 3730 τοῖς
1778 3674 1938 3715 πτω-

658 3766 818 3839 χοῐς.
914 3786 967 3842 5.
1029 3760 1193 3821 Ἐὰν
1267 3760 1482 3822 σιτίαν
1540 3762 1757 3840 ποιῇς,
1819 3760 1940 3837 τὴν

660 3867 971 3946 ἀπαρχὴν
1014 3866 1238 3950 λαβὼν
1283 3865 1409 3944 δὸς
1455 3867 1632 3929 κατὰ
1676 3865 1796 3945 τὴν
1844 3869 1936 3928 ἐν-

660 3973 878 4051 τολήν.
923 3978 982 4038 6.
1007 3970 1358 4050 Ὡσαύτως
1388 3975 1715 4056 κεράμιον
1745 3972 1939 4034 οἴνου

663 4083 700 4159 ἢ
737 4081 970 4143 ἐλαίου
1004 4080 1304 4156 ἀνοίξας,
1334 4079 1452 4158 τὴν
1485 4077 1796 4157 ἀπαρχὴν
1827 4081 1938 4140 λα-

585 4202 602 4230 ³
668 4187 804 4273 βίον
841 4186 967 4265 δὸς
999 4191 1140 4264 τοῖς
1170 4185 1577 4265 προφήταις·
1630 4211 1687 4257 7·
1737 4189 1938 4264 ἀργυ-

665 4294 816 4372 ριόυ
862 4293 942 4356 δέ
984 4294 1097 4356 καὶ
1145 4293 1497 4375 ἱματισμοῦ
1541 4291 1652 4354 καὶ
1686 4291 1941 4368 παντὸς

663 4400 996 4483 κτήματος
1045 4399 1269 4484 λαβὼν
1317 4399 1436 4478 τὴν
1486 4397 1799 4477 ἀπαρχὴν
1849 4399 1942 4474 ὡς

665 4511 750 4571 ἄν
781 4524 890 4570 σοι
924 4505 1112 4587 δόξῃ,
1145 4506 1273 4582 δὸς
1303 4506 1482 4568 κατὰ
1501 4505 1622 4584 τὴν
1642 4503 1940 4583 ἐντολήν.

753 4619 907 4680 XIV.
957 4613 1159 4676 Κατὰ
1201 4611 1533 4691 κυριακὴν
1577 4611 1658 4674 δέ
1701 4612 1942 4689 κυριόυ

666 4722 1117 4801 συναχθέντες
1177 4720 1481 4782 κλάσατε
1557 4721 1770 4798 ἄρτον
1829 4718 1942 4781 καὶ

1607 368 1859 424 Ecclesia
1886 367 2297 440 antiquissima.

2073 873 2197 933 XII.
2245 871 2489 949 Omnis,
2540 871 2649 951 qui
2697 871 2860 930 venit
2904 872 2969 930 in
3017 871 3259 930 nomine

1984 979 2282 1053 Domini,
2329 978 2729 1059 suscipiatur;
2796 993 3004 1057 postea
3052 992 3258 1037 autem

1986 1089 2313 1169 probantes
2344 1105 2489 1147 eum
2538 1084 2937 1164 cognoscetis,
2987 1081 3260 1143 intellec-

1984 1210 2120 1257 tum
2197 1194 2367 1255 enirn
2445 1191 2744 1253 habebitis
2821 1190 3260 1251 diiudicantem

1987 1302 2299 1362 dexteram
2332 1317 2390 1360 et
2420 1300 2743 1361 sinistram.
2814 1317 2869 1359 2.
2909 1296 2974 1358 Si
3006 1297 3260 1377 quidem

1986 1408 2235 1469 veniens
2283 1407 2579 1468 transiens
2625 1423 2734 1481 est,
2787 1405 3069 1466 adiuvate
3113 1423 3259 1465 eum

1987 1532 2289 1595 quantum
2313 1512 2591 1595 potestis:
2616 1532 2741 1574 non
2764 1511 3036 1573 manebit
3054 1524 3261 1571 autem

1988 1623 2151 1704 apud
2204 1642 2314 1682 vos
2367 1621 2482 1682 nisi
2537 1621 2697 1681 duos
2746 1619 2841 1679 vel
2873 1636 2992 1680 tres
3024 1617 3169 1691 dies,
3213 1616 3264 1677 si

1991 1728 2400 1791 necessarlum
2436 1745 2538 1790 est.
2593 1748 2646 1808 3.
2680 1726 2745 1788 Si
2781 1746 2923 1787 vero
2956 1727 3120 1806 apud
3155 1743 3264 1784 vos

1989 1836 2304 1898 considere
2351 1836 2481 1896 vult
2514 1850 2574 1896 et
2605 1828 2817 1895 artifex
2850 1849 2955 1908 est,
2986 1832 3262 1893 laborato

1989 1959 2047 2006 et
2093 1943 2278 2005 edim.
2342 1964 2401 2022 4.
2451 1942 2561 2003 Sin
2610 1961 2738 2003 non
2783 1956 3019 2002 exercet
3050 1956 3262 2015 artem,

1992 2070 2102 2132 pro
2136 2048 2458 2131 prudentia
2489 2064 2681 2110 vestra
2713 2064 2941 2123 curate,
2982 2066 3058 2108 ne
3092 2047 3264 2127 piger

1989 2157 2313 2218 vobiscum
2343 2156 2503 2216 vivat
2523 2155 2926 2216 Christianus,
2969 2175 3028 2233 5.
3049 2153 3267 2214 Sinon

1989 2264 2118 2325 vult
2150 2265 2228 2324 ita
2253 2263 2466 2332 facere,
2488 2282 2522 2322 a
2543 2262 2792 2324 Christo
2813 2262 3056 2322 lucrum
3081 2279 3266 2340 quae-

1992 2372 2094 2437 rit:
2131 2371 2418 2431 attendite
2451 2390 2483 2429 a
2516 2369 2756 2430 talibus.

2082 2583 2229 2646 XIII.
2265 2583 2491 2645 Omnis
2512 2602 2690 2643 verus
2713 2582 3030 2664 propheta,
3052 2580 3263 2642 volens

1991 2691 2305 2753 considere
2352 2691 2516 2772 apud
2563 2710 2690 2768 vos,
2739 2690 2965 2770 dignus
3010 2694 3103 2750 est
3130 2688 3263 2749 ct'bo

1992 2820 2117 2861 suo,
2173 2819 2224 2859 2.
2259 2797 2549 2860 Similiter
2580 2797 2797 2859 doctor
2828 2816 3010 2857 verus
3043 2810 3102 2856 et
3134 2794 3262 2877 ipse

1993 2909 2218 2987 dignus
2268 2921 2355 2966 est
2405 2904 2561 2966 sicut
2609 2906 2930 2986 operarius
2975 2902 3108 2962 cibo
3139 2922 3267 2963 suo·

1998 3035 2051 3094 3.
2084 3013 2323 3075 Omnes
2353 3031 2502 3092 ergo
2524 3011 2817 3092 primitias
2838 3009 3268 3091 provenientes

1994 3141 2026 3181 e
2065 3121 2373 3196 torculari,
2421 3137 2556 3180 area
2590 3133 2648 3179 et
2680 3119 2884 3179 bobus
2915 3131 3102 3197 atque
3135 3116 3266 3176 ovi-

1995 3230 2113 3289 bus
2160 3246 2387 3302 sumes‚
2439 3245 2508 3286 ac
2557 3224 2729 3285 dabis
2779 3223 3072 3305 primitias
3123 3241 3266 3303 pro-

1998 3334 2230 3417 phetis;
2280 3335 2394 3415 ipsi
2434 3334 2600 3394 enim
2636 3349 2778 3392 sunt
2809 3331 3041 3392 summi
3071 3348 3267 3391 sacer-

1995 3443 2171 3504 dotes
2221 3442 2415 3503 vestri.
2481 3461 2538 3520 4
2586 3438 2695 3499 Sin
2740 3456 2949 3499 autem
2996 3456 3126 3499 non
3158 3438 3266 3498 ha-

1994 3551 2145 3611 betis
2209 3550 2597 3630 prophetam,
2678 3547 2813 3606 date
2877 3547 3269 3627 pauperibus

2002 3678 2052 3737 5.
2099 3657 2160 3718 Si
2211 3675 2430 3737 panem
2465 3654 2629 3730 faciS‚
2666 3672 2844 3714 sume
2879 3649 3174 3734 primitias
3206 3666 3265 3712 et

1993 3765 2067 3824 da
2102 3762 2451 3824 secundum
2485 3774 2900 3842 praeceptum.
2949 3761 3007 3820 6.
3040 3758 3268 3820 Simili-

1991 3886 2080 3930 ter
2140 3869 2190 3930 si
2252 3887 2506 3928 urceum
2563 3868 2685 3928 vini
2736 3866 2831 3927 vel
2881 3867 2998 3927 olei
3051 3865 3267 3947 aperis„

1992 3995 2169 4036 sume
2203 3974 2499 4058 primitias
2532 3992 2588 4035 et
2609 3973 2685 4034 da
2708 3973 3040 4054 prophetis.
3077 3992 3132 4039 7.
3152 3977 3269 4033 Ar-

1991 4083 2157 4163 genti
2190 4099 2247 4143 et
2278 4082 2620 4143 vestimenti
2656 4081 2990 4160 omnisque
3025 4098 3266 4159 posses-

1993 4189 2186 4251 sionis
2203 4207 2381 4249 sume
2403 4188 2720 4269 primitias.
2752 4187 2907 4248 sicut
2927 4185 3034 4247 tibi
3055 4186 3270 4266 placet,

1993 4313 2050 4357 et
2083 4298 2158 4357 da
2189 4296 2537 4357 secundum
2570 4308 2985 4376 praeceptum.

2086 4616 2240 4676 XIV.
2289 4615 2402 4676 Die
2449 4615 2756 4676 dominica
2804 4629 3010 4674 autern
3049 4632 3275 4674 conve-

1997 4725 2233 4785 nientes
2256 4722 2513 4804 frangite
2536 4740 2758 4804 panem
2783 4738 2840 4783 et
2859 4720 3076 4801 gratias
3096 4719 3274 4800 agite,

668 4827 1228 4908 εὐχαριστήσατε,
1308 4827 1944 4909 προεξομολογησά-
2002 4846 2330 4913 postquam
2365 4830 2581 4891 delicta
2613 4846 2808 4890 vestra
2829 4827 3091 4889 confessi
3113 4826 3272 4900 estis,

668 4958 849 5018 μενοι
883 4937 967 4997 τὰ
997 4933 1507 5017 παραπτώματα
1525 4934 1726 5016 ὑμῶν,
1761 4934 1947 5009 ὅπως
2007 4953 2073 4999 ut
2117 4937 2194 4998 sit
2241 4939 2550 4999 mundum
2583 4935 2950 4998 sacrificium
2984 4950 3274 4996 vestrum.
