3684 5416
695 322 798 377 208
1333 325 1597 380 Potestas
1634 325 2013 381 ecclesiastica
2054 337 2111 382 et
2146 325 2450 396 imperium
2489 326 2667 381 civile.

1438 557 1531 610 61.
1577 554 1959 612 EUGENIUS
1984 557 2089 614 IV.
2128 557 2293 626 (1481
2315 557 2559 627 --1447).

908 678 935 706 ⁸
975 677 1014 732 S
1034 695 1064 733 c
1081 678 1117 732 h
1135 677 1219 732 wi
1238 696 1275 732 n
1292 678 1328 730 d
1348 711 1371 720 ·
1391 680 1441 733 D
1461 695 1497 733 o
1515 696 1551 750 p
1568 695 1595 733 s
1612 697 1642 734 c
1660 680 1715 746 h,
1742 682 2119 750 Ausgewt'iltlte
2153 683 2445 736 Urkunden
2482 701 2584 754 {ur
2620 683 3305 754 Vetjfassungsgeschichte

690 759 790 812 der
839 759 1310 814 Deutsclt-c‘isterr.
1361 762 1631 814 Erblande
1679 764 1752 815 im
1804 764 1882 816 M.
1922 766 1988 816 Α.
2052 763 2368 817 lnnsbruck
2425 761 2572 835 1895.
2626 779 2681 817 n.
2733 762 2845 817 188.
2906 779 2959 834 p.
3004 763 3295 836 360—361.

692 839 983 902 Chmel‚
1020 842 1369 895 Materialien
1406 858 1509 911 zur
1543 846 1739 896 &stem
1768 843 2112 897 Geschickte.
2152 841 2291 897 Linz
2328 843 2691 916 1832—1838.
2733 844 2859 899 1.11.
2909 861 3025 916 195·
3078 842 3297 906 Idem,

613 928 633 970 5
691 920 930 988 Reges-ta
981 919 1169 974 chron.
1206 920 1424 992 dtplom.
1465 920 1760 975 Friederici
1792 922 1883 978 IV.
1928 924 2303 976 Romanorum
2356 926 2507 993 regis
2543 927 2893 996 imperatoris
2932 924 3027 977 III.
3082 921 3266 978 Vindo
3283 955 3295 962 -

587 1336 636 1367 10

586 1923 632 1968 ι5

578 2457 631 2488 20

577 2990 625 3033 25

574 4063 622 4107 35

693 999 880 1053 bonae
931 997 1079 1071 1838.
1117 1000 1178 1054 11.
1209 1000 1326 1073 386.
1402 998 2183 1073 Lichnowsky-Birk‚
2234 1002 2563 1057 Geschichte
2612 1005 2707 1058 des
2745 1004 2962 1058 Hauses
2989 1003 3294 1073 Habsburg.

692 1075 862 1132 Wien
897 1078 1188 1151 1836—44.
1229 1081 1403 1134 Tom.
1431 1080 1523 1135 VI.
1551 1079 1688 1151 Reg.
1717 1097 1771 1134 n.
1808 1080 1958 1135 1118.
2023 1082 2097 1136 J’a
2117 1098 2277 1151 ger,
2317 1079 2373 1136 in
2412 1083 2905 1153 Sitzungsberichte
2939 1085 3040 1137 der
3089 1083 3295 1136 Wiener

689 1159 862 1210 Akad.
901 1159 1074 1214 Tom.
1101 1159 1170 1213 X.
1209 1176 1267 1231 p.
1291 1178 1358 1232 72
1387 1178 1507 1231 seq.
1558 1160 1842 1233 Mayer‚
1881 1160 1937 1215 in
1977 1162 2177 1215 Archiv
2195 1163 2316 1233 fiir
2352 1164 2546 1216 Kunde
2584 1167 2782 1217 (istem
2822 1163 3297 1233 Geschichtsquel·

688 1242 792 1293 len.
832 1239 1003 1293 Torn.
1032 1256 1116 1310 55.
1157 1256 1211 1310 p.
1249 1258 1361 1313 173·
1429 1238 1684 1304 Srbik,
1737 1244 1839 1295 Die
1877 1243 2249 1312 Beziehungen
2288 1259 2385 1296 von
2423 1245 2587 1298 Stant
2620 1245 2737 1297 und
2768 1243 2973 1297 Kirche
3009 1246 3067 1295 in
3103 1235 3293 1297 Oster-

690 1319 838 1373 reich
875 1324 975 1373 etc.
1017 1336 1070 1389 p.
1098 1317 1183 1392 83.

690 1460 1003 1534 [Eugenius
1045 1462 1156 1525 1V.‚
1200 1460 1487 1516 Friderico
1528 1461 1613 1516 111.
1661 1463 1994 1534 Imperatori
2039 1462 2157 1534 jura
2205 1464 2547 1535 provisionis
2589 1464 2863 1520 ecclesiae
2903 1463 3285 1526 Tridentinae,

897 1541 1256 1605 BrixinensiS,
1284 1541 1608 1607 Gurcensis,
1635 1543 2110 1613 TergestinensiS‚
2138 1545 2425 1601 Curiensis
2453 1557 2509 1601 et
2536 1545 2851 1600 Petinensis
2891 1545 3113 1614 defert-J

900 1673 1221 1751 Eugenius
1267 1673 1594 1754 episcopus
1640 1693 1852 1735 servus
1882 1695 2203 1737 servorum
2242 1677 2340 1738 dei
2371 1678 2448 1738 ad
2482 1677 2753 1739 futuram
2786 1677 2871 1737 rei
2906 1677 3283 1737 memoriam.

688 1780 997 1860 Regimini
1031 1779 1390 1841 universalis
1422 1779 1672 1840 ecclesie
1705 1781 1910 1842 divina
1944 1782 2314 1863 disponente
2346 1783 2672 1845 clementia
2705 1783 3086 1865 presidentes
3117 1783 3201 1844 sic
3219 1783 3291 1843 ad

686 1903 912 1948 statum
960 1886 1353 1949 ecclesiarum
1401 1888 1690 1949 omniurn
1739 1908 2031 1970 prospere
2072 1890 2462 1970 dirigendum
2495 1891 2678 1953 officii
2714 1890 2906 1952 nostri
2938 1889 3288 1950 sollicitudi-

691 2013 834 2055 nem
880 1994 1313 2070 convertimuS‚
1375 2011 1440 2055 ut
1484 1994 1615 2074 ipse
1663 1994 1912 2056 ecclesie
1960 1997 2212 2058 sublatis
2257 1998 2581 2077 quibusvis
2624 1997 2927 2060 scandalis
2977 1995 3291 2077 preficien-

687 2103 913 2163 dorum
944 2101 1030 2163 eis
1064 2100 1311 2164 utilium
1343 2117 1662 2183 pastorum
1697 2103 1969 2183 presidio
2001 2102 2330 2165 fulciantur
2361 2125 2430 2165 ac
2462 2105 2682 2166 exinde
2717 2104 2911 2165 felicia
2932 2103 2996 2164 in
3015 2103 3289 2185 spiritua·

685 2209 847 2270 libus
894 2224 953 2269 et
998 2207 1440 2289 temporalibus
1485 2207 1816 2290 suscipiant
1862 2208 2252 2270 incrementa.
2315 2209 2474 2271 Sane
2520 2230 2632 2291 pro
2681 2229 2847 2292 parte
2892 2210 3187 2272 carissimi
3228 2211 3291 2270 in

689 2316 935 2378 Christo
982 2314 1090 2376 filii
1136 2313 1328 2375 nostri
1360 2313 1665 2375 Frederici
1711 2315 1869 2394 regis
1904 2315 2167 2376 Romani
2214 2316 2462 2377 illustris
2493 2316 2713 2378 exibita
2745 2316 2926 2379 nobis
2958 2336 3159 2397 nuper
3190 2335 3288 2397 pe-

685 2423 817 2484 titio
851 2423 1225 2500 continebat⁷
1258 2422 1433 2501 quod
1465 2422 1610 2482 alias
1642 2422 2025 2500 Tridentine‚
2061 2423 2420 2498 Brixinensi,
2455 2422 2781 2501 Gurcensi,
2813 2422 3295 2504 Tergestinensi,

685 2530 973 2592 Curiensi
1006 2545 1064 2590 et
1096 2529 1401 2590 Petinensi
1436 2530 1704 2590 ecclesiis
1736 2530 1830 2591 vel
1865 2550 2076 2590 earum
2110 2531 2315 2610 aliqua
2348 2531 2702 2592 vacantibus
2736 2530 3040 2593 nonnulla
3075 2531 3135 2591 in
3156 2549 3286 2612 par-

683 2637 845 2699 tibus
892 2637 1011 2698 illis
1055 2635 1337 2697 scandala
1383 2640 1632 2697 suborta
1680 2636 1849 2697 fuere
1896 2657 2007 2718 pro
2055 2657 2150 2715 e0,
2198 2638 2373 2718 quod
2420 2638 2690 2700 ecclesiis
2731 2638 2876 2720 ipsis
2908 2639 2985 2699 de
3017 2637 3290 2719 personis

684 2746 1064 2825 principibus
1108 2760 1213 2805 aut
1257 2744 1505 2825 populis
1551 2745 1854 2806 dictarum
1887 2744 2151 2825 partium
2186 2747 2294 2825 qui
2328 2765 2442 2827 pro
2475 2763 2750 2828 tempore
2783 2747 3052 2822 fuerunt,
3087 2745 3291 2805 minus

683 2853 868 2931 gratis
915 2868 972 2913 et
1017 2851 1278 2932 acceptis
1323 2871 1432 2931 per
1478 2851 1842 2912 electionem
1889 2867 1993 2912 aut
2026 2853 2171 2913 alias
2202 2854 2519 2935 provisum
2555 2853 2760 2930 extitit,
2793 2874 2864 2913 ex
2898 2872 3028 2933 quo
3062 2853 3285 2913 discor·
3380 2896 3383 2898 -

682 2960 922 3021 diarum
976 2974 1034 3019 et
1085 2959 1465 3020 divisionum
1509 2958 1743 3018 semina
1788 2958 1853 3019 in
1900 2959 2171 3040 partibus
2216 2960 2331 3021 illis
2378 2961 2539 3021 inter
2583 2960 2889 3042 principes
2933 2975 2992 3020 et
3024 2959 3290 3041 populos

683 3067 1043 3129 huiusmodi
1091 3068 1339 3127 suborta
1385 3066 1693 3128 dicuntur.
1769 3068 1922 3145 Nos,
1972 3088 2049 3128 ne
2094 3067 2313 3128 similia
2358 3070 2741 3149 temporibus
2788 3068 3010 3129 nostris
3057 3084 3114 3129 et
3149 3067 3283 3129 dicti

684 3175 842 3254 regis
875 3173 1159 3235 scandala
1195 3172 1600 3253 imposterum
1635 3173 1961 3252 provenire
1981 3175 2316 3254 contingat,
2355 3175 3058 3253 huiusmodiscandaIiS‚
3092 3195 3284 3255 quan-

682 3298 817 3344 tum
849 3302 994 3344 cum
1026 3283 1146 3343 deo
1182 3300 1537 3361 possumuS‚
1571 3282 1837 3359 obviare,
1887 3283 2188 3362 quodque
2236 3298 2302 3342 ut
2335 3282 2602 3343 ecclesiis
2634 3282 2919 3364 predictis
2953 3297 3011 3342 et
3043 3282 3284 3342 cuilibet

683 3410 895 3453 earum
929 3409 1038 3472 per
1069 3389 1580 3469 circumspectam
1611 3389 1950 3469 apostolice
1982 3389 2143 3451 sedis
2176 3390 2630 3471 providentiam
2650 3390 2877 3470 ydonei
2900 3388 3288 3471 preficiantur

684 3499 896 3580 prelati
942 3497 1050 3578 qui
1101 3496 1333 3557 eisdem
1379 3495 1645 3556 ecclesiis
1678 3515 1919 3577 preesse
1968 3497 2194 3557 utiliter
2239 3513 2296 3557 et
2343 3497 2631 3577 prodesse
2668 3496 2857 3557 sciant
2888 3497 3284 3578 ipsarumque

684 3624 907 3669 statum
953 3604 1279 3687 pacificum
1327 3618 1384 3664 et
1424 3622 1792 3683 prosperum
1824 3604 2044 3682 zelent,
2080 3622 2293 3684 pacem
2326 3620 2383 3665 et
2415 3603 2716 3664 iusticiam
2752 3603 3010 3683 diligant
3041 3621 3284 3664 necnon

684 3715 865 3777 nobis
896 3729 955 3775 et
985 3713 1141 3774 dicte
1174 3712 1303 3772 sedi
1336 3711 1542 3773 devoti
1574 3730 1642 3771 ac
1675 3711 1911 3791 prefato
1946 3712 2072 3790 regi
2104 3711 2314 3773 fideles
2333 3729 2390 3772 et
2411 3711 2639 3791 accepti
2660 3711 2932 3788 existant,
2967 3710 3282 3791 providere

684 3823 1016 3903 cupientes,
1064 3818 1298 3899 prefato
1344 3838 1507 3898 rege,
1553 3818 1616 3879 in
1648 3838 1923 3897 quorum
1955 3820 2129 3879 terris
2160 3835 2218 3879 et
2250 3818 2542 3879 dominiis
2573 3818 2955 3879 hereditariis
2987 3817 3282 3891 fortilicia,

683 3931 833 4005 iura,
866 3927 1287 4009 possessiones
1320 3943 1377 3987 et
1412 3929 1596 4004 bona,
1635 3942 1700 3987 ut
1733 3926 1963 4003 asserit,
2001 3925 2273 4007 ipsarum
2308 3926 2700 3986 ecclesiarum
2736 3945 2849 4007 pro
2882 3925 3101 3988 maiori
3124 3940 3283 4005 parte

682 4052 827 4098 sunt
873 4035 1221 4109 constituta,
1270 4053 1338 4093 ac
1385 4033 1562 4094 cuius
1609 4033 2035 4113 progenitores
2069 4033 2145 4094 ad
2180 4032 2367 4094 dictas
2401 4032 2682 4093 ecclesias
2716 4033 3056 4113 plurimum
3092 4029 3281 4092 affecti

682 4160 739 4204 et
783 4142 990 4204 attenti
1027 4140 1295 4215 fuerunt,
1350 4141 1529 4200 nobis
1563 4140 1878 4201 humiliter
1907 4139 2313 4220 supplicante,
2347 4140 2730 4220 provisiones
2762 4140 3065 4201 dictarum
3097 4138 3280 4199 eccle-

679 4251 911 4311 siarum
959 4263 1016 4309 et
1063 4246 1385 4307 cuiuslibet
1430 4265 1665 4323 earum,
1714 4248 2183 4327 quamprimum
2230 4247 2359 4308 illas
2405 4266 2514 4329 per
2560 4266 2801 4309 cessum
2836 4247 2930 4307 vel
2965 4248 3278 4307 decessum

681 4371 1001 4438 pastorum
1048 4373 1260 4415 earum
1307 4352 1593 4430 regimini
1637 4354 1714 4414 de
1749 4355 2012 4433 presenti
2048 4353 2490 4435 presidentium
2523 4372 2627 4415 aut
2658 4354 2803 4415 alias
2836 4354 3062 4433 quovis
3094 4352 3277 4413 modo

681 4483 891 4524 vacare
926 4461 1265 4541 contigerit,
1299 4460 1578 4540 personis
1608 4461 1872 4542 ydoneis
1906 4477 1966 4522 et
1998 4461 2245 4523 utilibus
2279 4462 2460 4523 nobis
2492 4477 2550 4522 et
2582 4462 2739 4522 dicte
2773 4460 2902 4521 sedi
2936 4477 3003 4521 ut
3036 4458 3274 4541 premit-

680 4572 825 4632 titur
871 4569 1110 4631 devotis
1155 4589 1224 4629 ac
1271 4567 1504 4650 prefato
1551 4570 1677 4648 regi
1711 4569 1995 4631 fidelibus
2028 4587 2085 4631 et
2116 4570 2398 4652 accepti5‚
2430 4589 2543 4650 pro
2576 4569 2805 4648 quibus
2836 4568 2969 4648 ipse
3002 4588 3103 4628 rex
3135 4586 3273 4647 sup-

680 4677 1005 4759 plicaverit,
1054 4693 1157 4737 aut
1204 4696 1304 4737 eas
1351 4676 1533 4736 nobis
1565 4677 1660 4736 vel
1692 4678 2152 4739 successoribus
2185 4678 2410 4739 nostris
2442 4677 2737 4738 canonice
2766 4676 3134 4736 intrantibus
3165 4676 3271 4735 du-

678 4787 825 4848 xerit
873 4784 1301 4862 nominandaS‚
1353 4784 1960 4857 committendarum,
2010 4784 2398 4864 dispositioni
2453 4800 2509 4845 et
2560 4782 2935 4845 ordinationi
2986 4796 3188 4843 nostre
3218 4794 3269 4840 et

679 4894 904 4976 prefate
938 4892 1118 4971 sediS‚
1152 4892 1432 4971 quandiu
1467 4907 1845 4952 memoratus
1879 4912 1980 4953 rex
2013 4892 2197 4952 vitam
2232 4892 2488 4969 duxerit,
2524 4892 2585 4952 in
2619 4892 2907 4953 humanis
2929 4891 3005 4952 de
3028 4890 3269 4951 fratrum
