3684 5416
549 1260 569 1302 5

527 1795 573 1824 lo

521 2865 573 2894 20

523 3932 575 3975 30

624 379 659 427 2
1587 370 1834 429 Ecclesia
1866 368 2277 442 antiquissima.

1080 593 1437 656 ΔΙΔΑΧΗ

766 705 913 753 ΤΩΝ
956 704 1246 752 ΔΩΔΕΚΑ
1288 700 1756 752 Αιιοετολοκ.

715 1014 977 1095 Διδαχὴ
1024 1012 1265 1090 κυρίου
1314 1010 1429 1073 διὰ
1467 1010 1597 1071 τῶν
1628 1007 1905 1071 δώδεκα

627 1121 1029 1185 ἀποστόλων
1060 1124 1201 1196 τοίς
1234 1117 1520 1180 ἔθνεσιν.

717 1230 762 1290 Ι.
814 1225 1010 1291 εΟδοὶ
1058 1225 1187 1289 δύο
1234 1224 1383 1298 εἰσί,
1430 1224 1545 1306 μία
1577 1226 1695 1301 τῆς
1725 1225 1906 1301 ζωῆς

624 1336 737 1399 καὶ
784 1335 898 1417 μία
942 1336 1063 1397 τοῦ
1110 1334 1434 1403 θανάτου,
1485 1330 1793 1411 διαφορὰ
1823 1328 1905 1391 δὲ

626 1440 838 1519 πολλὴ
873 1439 1123 1523 μεταξὺ
1154 1440 1285 1502 τῶν
1315 1436 1445 1500 δύο
1479 1437 1681 1499 ὸδών.
1723 1460 1776 1500 2.
1813 1434 1900 1497 ‘H

627 1547 746 1632 μὲν
777 1546 901 1610 οὖν
934 1546 1106 1624 ὁδὸς
1136 1549 1256 1625 τῆς
1288 1547 1468 1623 ζωῆς
1503 1547 1683 1606 ἐστιν
1711 1543 1900 1621 αὕτη·

628 1658 894 1734 πρῶτον
944 1652 1325 1734 ἀγαπήσεις
1374 1650 1492 1714 τὸν
1554 1650 1721 1713 θεὸν
1785 1650 1905 1712 τὸν

627 1762 1005 1841 ποιήσαντά
1051 1775 1152 1833 σε,
1212 1757 1541 1836 δεύτερον
1586 1756 1706 1819 τὸν
1753 1758 1903 1836 πλη·

629 1869 779 1933 σίον
828 1885 958 1931 σου
1006 1866 1100 1945 ὡς
1147 1864 1475 1929 σεαυτόν·
1545 1865 1764 1927 πάντα
1823 1861 1906 1925 δὲ

627 1977 768 2038 ὅσα
800 1975 923 2037 ἐὰν
954 1972 1254 2053 θελήσῃς
1293 1971 1375 2054 μὴ
1425 1970 1738 2050 γίνεσθαί
1771 1984 1902 2044 σοι,

625 2083 738 2146 καὶ
787 2080 873 2144 σὺ
918 2081 1102 2163 ἄλλῳ
1149 2079 1232 2162 μὴ
1279 2078 1467 2140 ποίει.
1523 2102 1576 2161 3.
1625 2076 1907 2139 Τούτων

628 2188 709 2253 δὲ
755 2190 886 2251 τῶν
916 2186 1141 2267 λόγων
1173 2187 1212 2265 ἡ
1247 2184 1488 2265 διδαχή
1512 2188 1691 2247 ἐστιν
1712 2184 1900 2263 αὕτη·

553 2330 571 2357 a
630 2297 996 2375 Εὑλογεῑτε
1027 2292 1190 2370 τοὺς
1207 2293 1738 2374 καταρωμένους
1756 2292 1906 2373 ὑμῖν

626 2405 739 2469 καὶ
773 2400 1247 2482 προσεύχεσθε
1277 2398 1448 2478 ὑπὲρ
1483 2401 1611 2461 τῶν
1643 2400 1906 2479 ἐχθρῶν

627 2513 830 2595 ὑμῶν,
876 2507 1238 2590 νηστεύετε
1283 2506 1364 2570 δὲ
1394 2505 1565 2584 ὑπὲρ
1597 2507 1729 2569 τῶν
1761 2504 1907 2567 διω-

625 2618 884 2681 κόντων
914 2618 1106 2699 ὑμᾶς·
1158 2614 1319 2677 ποία
1363 2613 1502 2692 γὰρ
1534 2614 1748 2691 χάρις,
1783 2612 1908 2674 ἐὰν

628 2729 939 2806 ἀγαπᾶτε
999 2722 1162 2801 τοὺς
1225 2722 1635 2802 ἀγαπῶντας
1694 2721 1905 2802 ὺμᾶςς

628 2834 771 2913 οὐχὶ
804 2833 916 2896 καὶ
951 2832 1034 2894 τὰ
1066 2830 1229 2908 ἔθνη
1262 2829 1340 2892 τὸ
1377 2828 1547 2891 αὐτὸ
1569 2830 1907 2897 ποιοῦσιν;

629 2938 846 3022 Ὑμεῖς
893 2938 974 3003 δὲ
1006 2940 1315 3017 ἀγαπᾶτε
1347 2934 1510 3011 τοὺς
1542 2938 1908 3016 μισοῦντας

626 3047 823 3130 ὑμᾶς,
884 3045 996 3108 καὶ
1058 3047 1181 3124 οὺχ
1244 3044 1431 3118 ἕξετε
1479 3041 1746 3121 ἐχθρόν.
1842 3066 1904 3123 4.

626 3152 926 3233 Ἀπὲχου
974 3152 1105 3215 τῶν
1152 3151 1495 3230 σαρκικῶν
1542 3149 1653 3211 καὶ
1688 3164 1905 3232 σωμα-

626 3261 822 3324 τικῶν
870 3259 1244 3340 ἐπιθυμιῶν.
1292 3256 1458 3321 Ἐάν
1504 3256 1603 3334 τίς
1650 3275 1758 3318 σοι
1807 3255 1908 3337 δῷ

553 3399 569 3428 ς
628 3369 931 3449 ῥάπισμα
993 3367 1089 3442 εἰς
1145 3363 1262 3442 τὴν
1309 3363 1543 3437 δεξιὰν
1589 3362 1904 3441 σιαγόνα,

628 3474 932 3555 στρέψον
981 3473 1162 3553 αὐτῷ
1209 3471 1320 3533 καὶ
1361 3470 1480 3550 τὴν
1512 3471 1743 3549 ἄλλην,
1791 3469 1905 3532 καὶ

630 3579 753 3659 ἔσῃ
802 3580 1091 3656 τέλειος·
1171 3578 1294 3640 ἐὰν
1356 3575 1759 3657 ἀγγαρεύσῃ
1822 3577 1906 3638 σέ

628 3708 724 3762 τις
784 3685 996 3767 μίλιον
1058 3686 1150 3758 ἓν,
1214 3685 1436 3764 ὕπαγε
1497 3684 1632 3766 μετ’
1691 3686 1906 3746 αὑτοῦ

629 3793 789 3856 δύο·
844 3795 966 3856 ἐὰν
1015 3797 1149 3874 ἄρῃ
1198 3814 1295 3870 τις
1342 3793 1420 3855 τὸ
1460 3792 1720 3874 ἱμάτιόν
1752 3807 1905 3866 σου,

630 3900 757 3979 δὸς
822 3903 1005 3984 αὐτῷ
1068 3901 1181 3964 καὶ
1246 3900 1364 3963 τὸν
1429 3901 1701 3978 χιτῶνα·
1785 3900 1909 3962 ἐὰν

627 4009 805 4093 λάβῃ
840 4029 936 4085 τις
968 4008 1103 4070 ἀπὸ
1137 4011 1268 4071 σοῦ
1301 4007 1378 4070 τὸ
1411 4006 1559 4081 σόν,
1603 4006 1685 4088 μὴ
1721 4007 1908 4070 ἀπαί-

629 4137 754 4178 τει·
822 4113 990 4177 οὐδὲ
1035 4114 1174 4194 γὰρ
1213 4113 1534 4176 δύνασαι·
1606 4138 1658 4196 5.
1695 4113 1907 4176 Παντὶ

629 4224 719 4303 τῷ
768 4220 1061 4285 αἰτοῦντί
1107 4236 1190 4284 σε
1228 4219 1425 4282 δίδου
1458 4219 1570 4281 καὶ
1602 4219 1687 4302 μὴ
1722 4219 1908 4283 ἀπαί-

628 4352 759 4394 τειο

2384 589 2826 651 DOCTRINA

2069 691 2476 749 DUODECIM
2516 688 3122 745 APOSTOLORUM.

1962 798 2040 867 [F.
2070 799 2135 852 X.
2166 796 2386 865 Funkfi,
2413 795 2586 852 latina
2615 813 2682 851 ex
2711 794 2928 867 graecis
2956 795 3237 865 versio.]¹)

2053 1018 2347 1079 Doctrina
2411 1017 2668 1078 Domini
2735 1035 2844 1097 per
2906 1015 3239 1077 duodecim

1961 1124 2277 1205 apostolos
2308 1124 2599 1205 gentibus
2630 1122 2865 1185 tradita.

2052 1231 2092 1291 1.
2143 1232 2317 1292 Duae
2362 1231 2495 1291 viae
2544 1245 2708 1307 sunt,
2758 1229 2944 1291 altera
2992 1231 3146 1291 vitae
3179 1246 3238 1291 et

1961 1338 2144 1399 altera
2197 1338 2441 1412 mortis,
2503 1337 2612 1399 sed
2666 1337 2936 1397 multum
2990 1336 3241 1398 interest

1961 1445 2117 1507 inter
2164 1445 2319 1506 duas
2368 1445 2512 1506 vias.
2590 1464 2645 1508 2.
2693 1443 2805 1505 Via
2855 1443 3042 1522 igitur
3086 1442 3243 1505 lucis

1964 1552 2117 1613 haec
2147 1569 2268 1613 est:
2292 1554 2569 1634 primum
2611 1552 2839 1633 diliges
2871 1550 3101 1625 Deum,
3133 1553 3246 1631 qui

1963 1665 2020 1719 te
2079 1661 2334 1733 creavit,
2398 1660 2618 1719 deinde
2669 1660 3019 1739 proximum
3069 1666 3237 1719 tuum

1962 1768 2127 1826 sicut
2156 1773 2213 1826 te
2235 1768 2433 1848 ipsum
2445 1789 2478 1841 ,·
2509 1767 2717 1826 omnia
2736 1784 2902 1837 vero,
2935 1787 3238 1848 quaecun—

1962 1894 2076 1954 que
2107 1891 2241 1935 non
2273 1875 2365 1933 vis
2399 1871 2503 1932 tibi
2540 1871 2689 1949 fieri,
2726 1891 2840 1932 nec
2871 1887 2935 1933 tu
2958 1872 3127 1934 alteri
3152 1874 3223 1934 fa·

1963 1979 2101 2055 cias,
2154 1999 2207 2060 3.
2242 1978 2534 2040 Doctrina
2581 1994 2787 2040 autem
2841 1979 3068 2039 horum
3103 1999 3240 2040 ver-

1963 2089 2189 2150 borum
2223 2087 2375 2147 haec
2405 2101 2526 2148 est:
2576 2084 2934 2147 Benedicite
2977 2086 3233 2147 maledi-

1962 2194 2238 2255 centibus
2285 2193 2453 2255 vobis
2498 2209 2557 2255 et
2603 2209 2773 2254 orate
2805 2202 2929 2274 pro
2961 2194 3235 2254 inimicis

1963 2304 2206 2375 vestris,
2254 2300 2519 2360 ieiunate
2554 2308 2678 2381 pro
2728 2299 3239 2381 persequentibus

1963 2427 2065 2467 vos
2079 2431 2111 2481 ,·
2171 2426 2325 2487 quae
2371 2405 2538 2466 enim
2575 2407 2817 2485 gratia,
2863 2408 2926 2466 si
2969 2405 3240 2486 affigitis

1965 2534 2088 2588 eos,
2122 2515 2233 2594 qui
2260 2533 2362 2574 vos
2394 2512 2724 2592 diligunt?
2756 2513 2973 2573 Nonne
3004 2519 3065 2572 et
3083 2532 3240 2592 gen-

1965 2627 2052 2680 tes
2086 2620 2244 2680 idem
2258 2619 2567 2698 faciunt?
2598 2618 2726 2679 Vos
2758 2634 2964 2680 autem
2996 2619 3241 2700 diligite

1964 2749 2087 2803 eos,
2123 2731 2234 2810 qui
2250 2728 2512 2788 oderunt
2527 2748 2651 2800 005,
2686 2745 2891 2807 neque
2911 2726 3234 2788 inimicum

1963 2834 2262 2896 habebitis
2326 2855 2389 2915 4.
2426 2833 2687 2896 Abstine
2720 2855 2757 2893 a
2788 2835 3148 2896 carnalibus
3179 2851 3238 2896 et

1962 2940 2390 3023 corporalibus
2437 2940 2892 3022 cupiditatibus.
2985 2940 3049 3002 Si
3099 2941 3239 3021 quis

1961 3048 2068 3108 tibi
2132 3047 2376 3129 plagam
2438 3047 2709 3109 intulerit
2787 3051 2852 3108 in
2930 3049 3237 3109 dexteram

1963 3155 2302 3228 maxillam,
2341 3155 2570 3236 praebe
2617 3155 2721 3216 illi
2764 3162 2825 3214 et
2851 3155 3135 3228 alteram,
3181 3170 3240 3215 et

1961 3266 2087 3323 eris
2124 3265 2438 3345 perfectus
2457 3285 2489 3335 ,·
2535 3261 2584 3322 si
2633 3261 2774 3341 quis
2814 3264 3244 3341 angariaverit

1962 3376 2020 3430 te
2070 3369 2241 3430 mille
2276 3378 2531 3450 passus,
2592 3369 2743 3429 vade
2792 3389 2926 3428 cum
2979 3368 3089 3428 illo
3122 3368 3239 3427 duo

1962 3477 2179 3537 me'lia:
2211 3476 2261 3536 si
2293 3475 2433 3556 quis
2453 3475 2767 3537 sustulerit
2772 3475 3043 3556 pallium
3066 3481 3232 3535 tuum

1961 3583 2038 3643 da
2071 3586 2132 3644 ei
2158 3589 2221 3643 et
2247 3585 2517 3642 tunicam
2533 3605 2565 3655 ,·
2611 3582 2660 3642 si
2694 3581 2832 3662 quis
2865 3580 3176 3642 abstulerit
3207 3600 3240 3641 a

1960 3707 2038 3766 te,
2071 3690 2236 3770 quod
2264 3696 2430 3749 tuum
2465 3695 2577 3762 est,
2610 3710 2686 3748 ne
2716 3696 2956 3770 repetas
2970 3712 3003 3762 ,·
3035 3707 3240 3768 neque

1962 3796 2129 3857 enim
2181 3810 2373 3876 poteS.
2446 3817 2499 3874 5.
2534 3796 2734 3857 Omni
2761 3798 3005 3877 petenti
3033 3802 3089 3855 te
3120 3796 3233 3854 tn·-

1964 3903 2075 3964 bue
2131 3923 2322 3982 neque
2369 3909 2608 3984 repetas
2623 3926 2654 3976 ,·
2729 3902 3028 3963 omnibus
3073 3901 3238 3962 enim

1965 4025 2133 4090 pater
2166 4009 2293 4070 vult
2314 4008 2500 4070 tribui
2522 4028 2594 4069 ex
2614 4009 2742 4069 suis
2764 4007 2962 4071 donis,
2997 4007 3241 4084 BeatuS,

1970 4115 2078 4197 qui
2111 4116 2215 4176 dat
2247 4115 2596 4177 secundum
2620 4115 3019 4191 mandatum3
3056 4114 3240 4175 inno-

1966 4241 2113 4286 cens
2158 4222 2327 4285 enim
2373 4236 2480 4283 est.
2538 4222 2664 4283 Vae
2713 4222 2788 4298 ei,
2835 4221 2944 4301 qui
2988 4221 3238 4302 accipit:

835 4332 999 4392 πᾶσι
1057 4330 1195 4408 γὰρ
1255 4327 1439 4389 θέλει
1500 4326 1817 4388 δίδοσθαι
1867 4327 1908 4388 ὁ
1963 4330 2191 4393 etenim
2226 4329 2276 4391 si
2309 4330 2450 4409 quis
2482 4329 2764 4408 indigens
2797 4328 3049 4409 quidem
3085 4328 3241 4388 acci-

523 4468 543 4480 ..
629 4436 850 4516 πατὴρ
913 4439 990 4498 ἐκ
1049 4436 1180 4498 τῶν
1227 4433 1411 4496 ἰδίων
1458 4435 1903 4515 χαρισμάτων.
1966 4437 2069 4519 pit,
2107 4437 2403 4498 innocens
2435 4435 2578 4504 erit:
2615 4434 2726 4516 qui
2757 4451 2964 4495 autem
2987 4434 3236 4496 nonin—

630 4544 995 4621 Μακάριος
1026 4543 1066 4603 ὁ
1101 4539 1339 4618 διδοὺς
1369 4539 1546 4603 κατὰ
1578 4539 1696 4619 τὴν
1728 4543 1904 4604 ἑντο-
1965 4544 2183 4624 digens
2203 4543 2435 4624 accipit,
2455 4543 2757 4606 rationem
2782 4542 3014 4619 reddet,
3046 4561 3235 4622 quare

630 4651 783 4729 λήν·
850 4652 1084 4726 ἀθὼος
1134 4650 1271 4726 γάρ
1321 4651 1518 4709 ἐστιν.
1586 4647 1763 4709 Οὐαὶ
1814 4651 1906 4730 τῷ
1965 4652 2262 4733 acceperit
2295 4666 2354 4712 et
2385 4652 2458 4712 ad
2496 4650 2680 4731 quid:
2715 4650 2781 4711 in
2816 4650 3072 4711 vinculis
3091 4668 3241 4711 con-

850 4814 890 4877 ¹)
930 4809 987 4862 F.
1016 4809 1082 4862 X.
1110 4805 1355 4874 Funkio‚
1381 4804 1502 4860 viro
1530 4805 1862 4878 clarissimo,
1888 4825 1994 4863 nec
2022 4824 2143 4864 non
2168 4807 2240 4861 H.
2260 4805 2522 4877 Lauppio
2548 4804 2892 4876 bibliopolae
2913 4804 3238 4876 Tubingae‚

631 4917 809 4971 quum
852 4897 1104 4967 benigno
1147 4913 1351 4951 eorum
1378 4894 1659 4966 permissu
1688 4895 1904 4951 factum
1932 4895 2020 4966 sit,
2048 4909 2109 4951 ut
2136 4894 2368 4950 latinam
2397 4893 2486 4950 hic
2514 4893 2840 4949 versionem
2871 4894 3006 4949 addi
3031 4893 3240 4958 liceret,

522 5004 576 5040 41³
629 4987 963 5058 singulares,
990 4999 1052 5040 ut
1079 5003 1183 5058 par
1210 4997 1312 5054 est,
1340 4983 1548 5056 gratias
1575 4985 1761 5041 verbis
1795 4984 2155 5057 amplissimis
2184 4983 2424 5056 agimus.
2467 4986 2553 5054 [Α.
2584 4983 2672 5053 G.]
