<?xml version="1.0" encoding="UTF-8"?>
<!DOCTYPE html PUBLIC "-//W3C//DTD XHTML 1.0 Transitional//EN"
    "http://www.w3.org/TR/xhtml1/DTD/xhtml1-transitional.dtd">
<html xmlns="http://www.w3.org/1999/xhtml" xml:lang="en" lang="en">
 <head>
  <title>
</title>
<meta http-equiv="Content-Type" content="text/html;charset=utf-8" />
  <meta name='ocr-system' content='tesseract 3.04.00' />
  <meta name='ocr-capabilities' content='ocr_page ocr_carea ocr_par ocr_line ocrx_word'/>
</head>
<body>
  <div class='ocr_page' id='page_1' title='image "./fontesiuriscano00unkngoog_0407.png"; bbox 0 0 3684 5416; ppageno 0'>
   <div class='ocr_carea' id='block_1_1' title="bbox 383 1524 432 1555">
    <p class='ocr_par' dir='ltr' id='par_1_1' title="bbox 383 1524 432 1555">
     <span class='ocr_line' id='line_1_1' title="bbox 383 1524 432 1555; baseline 0.02 -1"><span class='ocrx_word' id='word_1_1' title='bbox 383 1524 432 1555; x_wconf 84' lang='lat' dir='ltr'>to</span> 
     </span>
    </p>
   </div>
   <div class='ocr_carea' id='block_1_2' title="bbox 386 2057 432 2099">
    <p class='ocr_par' dir='ltr' id='par_1_2' title="bbox 386 2057 432 2099">
     <span class='ocr_line' id='line_1_2' title="bbox 386 2057 432 2099; baseline 0 0"><span class='ocrx_word' id='word_1_2' title='bbox 386 2057 432 2099; x_wconf 82' lang='grc' dir='ltr'>ι5</span> 
     </span>
    </p>
   </div>
   <div class='ocr_carea' id='block_1_3' title="bbox 381 2596 439 2629">
    <p class='ocr_par' dir='ltr' id='par_1_3' title="bbox 381 2596 439 2629">
     <span class='ocr_line' id='line_1_3' title="bbox 381 2596 439 2629; baseline -0.034 0"><span class='ocrx_word' id='word_1_3' title='bbox 381 2596 439 2629; x_wconf 76' lang='lat'>20</span> 
     </span>
    </p>
   </div>
   <div class='ocr_carea' id='block_1_4' title="bbox 384 3132 436 3175">
    <p class='ocr_par' dir='ltr' id='par_1_4' title="bbox 384 3132 436 3175">
     <span class='ocr_line' id='line_1_4' title="bbox 384 3132 436 3175; baseline 0 0"><span class='ocrx_word' id='word_1_4' title='bbox 384 3132 436 3175; x_wconf 82' lang='lat'>²5</span> 
     </span>
    </p>
   </div>
   <div class='ocr_carea' id='block_1_5' title="bbox 390 3665 442 3710">
    <p class='ocr_par' dir='ltr' id='par_1_5' title="bbox 390 3665 442 3710">
     <span class='ocr_line' id='line_1_5' title="bbox 390 3665 442 3710; baseline 0 -14"><span class='ocrx_word' id='word_1_5' title='bbox 390 3665 442 3710; x_wconf 73' lang='lat'>30</span> 
     </span>
    </p>
   </div>
   <div class='ocr_carea' id='block_1_6' title="bbox 383 4199 440 4243">
    <p class='ocr_par' dir='ltr' id='par_1_6' title="bbox 383 4199 440 4243">
     <span class='ocr_line' id='line_1_6' title="bbox 383 4199 440 4243; baseline -0.018 0"><span class='ocrx_word' id='word_1_6' title='bbox 383 4199 440 4243; x_wconf 77' lang='lat'>35</span> 
     </span>
    </p>
   </div>
   <div class='ocr_carea' id='block_1_7' title="bbox 389 4735 446 4773">
    <p class='ocr_par' dir='ltr' id='par_1_7' title="bbox 389 4735 446 4773">
     <span class='ocr_line' id='line_1_7' title="bbox 389 4735 446 4773; baseline 0 -9"><span class='ocrx_word' id='word_1_7' title='bbox 389 4735 446 4773; x_wconf 77' lang='grc' dir='ltr'>4ο</span> 
     </span>
    </p>
   </div>
   <div class='ocr_carea' id='block_1_8' title="bbox 1637 352 3087 430">
    <p class='ocr_par' dir='ltr' id='par_1_8' title="bbox 1637 352 3087 430">
     <span class='ocr_line' id='line_1_8' title="bbox 1637 352 3087 430; baseline 0.003 -23"><span class='ocrx_word' id='word_1_8' title='bbox 1637 352 1959 407; x_wconf 82' lang='lat' dir='ltr'>Ordinatio.</span> <span class='ocrx_word' id='word_1_9' title='bbox 2994 374 3087 430; x_wconf 79' lang='lat'>37¹</span> 
     </span>
    </p>
   </div>
   <div class='ocr_carea' id='block_1_9' title="bbox 1274 583 2301 657">
    <p class='ocr_par' dir='ltr' id='par_1_9' title="bbox 1274 583 2301 657">
     <span class='ocr_line' id='line_1_9' title="bbox 1274 583 2301 657; baseline 0.002 -18"><span class='ocrx_word' id='word_1_10' title='bbox 1274 584 1401 639; x_wconf 75' lang='lat'>141.</span> <span class='ocrx_word' id='word_1_11' title='bbox 1457 583 1600 639; x_wconf 75' lang='lat' dir='ltr'>LEO</span> <span class='ocrx_word' id='word_1_12' title='bbox 1640 584 1824 639; x_wconf 83' lang='lat' dir='ltr'>xl11.</span> <span class='ocrx_word' id='word_1_13' title='bbox 1867 585 2301 657; x_wconf 68' lang='lat' dir='ltr'>(ists—1903.)</span> 
     </span>
    </p>
   </div>
   <div class='ocr_carea' id='block_1_10' title="bbox 482 725 3097 883">
    <p class='ocr_par' dir='ltr' id='par_1_10' title="bbox 482 725 3097 883">
     <span class='ocr_line' id='line_1_10' title="bbox 694 725 3097 802; baseline 0.001 -21"><span class='ocrx_word' id='word_1_14' title='bbox 694 728 721 756; x_wconf 71' lang='lat'><em>⁶</em></span> <span class='ocrx_word' id='word_1_15' title='bbox 763 730 902 781; x_wconf 82' lang='lat' dir='ltr'>Acta</span> <span class='ocrx_word' id='word_1_16' title='bbox 957 729 1011 780; x_wconf 85' lang='lat' dir='ltr'>S.</span> <span class='ocrx_word' id='word_1_17' title='bbox 1054 728 1225 781; x_wconf 75' lang='lat' dir='ltr'>Sedis.</span> <span class='ocrx_word' id='word_1_18' title='bbox 1264 726 1482 780; x_wconf 86' lang='lat' dir='ltr'>Romae</span> <span class='ocrx_word' id='word_1_19' title='bbox 1532 725 1681 799; x_wconf 85' lang='lat'>1897.</span> <span class='ocrx_word' id='word_1_20' title='bbox 1721 727 1894 784; x_wconf 87' lang='lat' dir='ltr'>Tom.</span> <span class='ocrx_word' id='word_1_21' title='bbox 1938 745 2021 799; x_wconf 86' lang='lat'>30.</span> <span class='ocrx_word' id='word_1_22' title='bbox 2062 746 2115 799; x_wconf 88' lang='lat' dir='ltr'>p.</span> <span class='ocrx_word' id='word_1_23' title='bbox 2166 747 2440 802; x_wconf 37' lang='lat'>193‚*195.</span> <span class='ocrx_word' id='word_1_24' title='bbox 2508 729 3001 795; x_wconf 86' lang='lat' dir='ltr'>Bellesheim‚</span> <span class='ocrx_word' id='word_1_25' title='bbox 3042 728 3097 784; x_wconf 87' lang='lat' dir='ltr'>in</span> 
     </span>
     <span class='ocr_line' id='line_1_11' title="bbox 482 806 3097 883; baseline 0.001 -20"><span class='ocrx_word' id='word_1_26' title='bbox 482 809 680 864; x_wconf 81' lang='lat' dir='ltr'><em>Archiv</em></span> <span class='ocrx_word' id='word_1_27' title='bbox 698 809 820 879; x_wconf 72' lang='lat' dir='ltr'>fiir</span> <span class='ocrx_word' id='word_1_28' title='bbox 855 806 1052 861; x_wconf 83' lang='lat' dir='ltr'>kathol.</span> <span class='ocrx_word' id='word_1_29' title='bbox 1093 806 1502 862; x_wconf 76' lang='lat' dir='ltr'>Kt&#39;rclzenrecht.</span> <span class='ocrx_word' id='word_1_30' title='bbox 1544 806 1716 861; x_wconf 86' lang='lat' dir='ltr'>Tom.</span> <span class='ocrx_word' id='word_1_31' title='bbox 1746 806 1947 861; x_wconf 84' lang='lat' dir='ltr'><strong>XXXI.</strong></span> <span class='ocrx_word' id='word_1_32' title='bbox 1999 807 2310 878; x_wconf 90' lang='lat' dir='ltr'>Heiner,</span> <span class='ocrx_word' id='word_1_33' title='bbox 2350 812 2565 865; x_wconf 81' lang='lat' dir='ltr'><em>Ibidem.</em></span> <span class='ocrx_word' id='word_1_34' title='bbox 2605 811 2777 864; x_wconf 89' lang='lat' dir='ltr'>Tom.</span> <span class='ocrx_word' id='word_1_35' title='bbox 2804 828 2874 883; x_wconf 89' lang='lat'>77</span> <span class='ocrx_word' id='word_1_36' title='bbox 2900 810 3097 882; x_wconf 76' lang='lat'>(1897)</span> 
     </span>
    </p>
   </div>
   <div class='ocr_carea' id='block_1_11' title="bbox 483 908 3099 1047">
    <p class='ocr_par' dir='ltr' id='par_1_11' title="bbox 483 908 3099 1047">
     <span class='ocr_line' id='line_1_12' title="bbox 522 909 647 945; baseline 0 -3"><span class='ocrx_word' id='word_1_37' title='bbox 522 930 534 942; x_wconf 87' lang='grc'><strong>.</strong></span> <span class='ocrx_word' id='word_1_38' title='bbox 560 909 595 945; x_wconf 92' lang='lat' dir='ltr'>O</span> <span class='ocrx_word' id='word_1_39' title='bbox 634 929 647 942; x_wconf 83' lang='grc'><strong>.</strong></span> 
     </span>
     <span class='ocr_line' id='line_1_13' title="bbox 483 908 3099 1047; baseline 0.001 -22"><span class='ocrx_word' id='word_1_40' title='bbox 483 908 517 961; x_wconf 73' lang='lat' dir='ltr'>p</span> <span class='ocrx_word' id='word_1_41' title='bbox 598 908 631 962; x_wconf 79' lang='lat'><em>7</em></span> <span class='ocrx_word' id='word_1_42' title='bbox 695 964 1087 1047; x_wconf 87' lang='lat' dir='ltr'>Apostolicae</span> <span class='ocrx_word' id='word_1_43' title='bbox 1133 983 1312 1025; x_wconf 89' lang='lat' dir='ltr'>curae</span> <span class='ocrx_word' id='word_1_44' title='bbox 1359 979 1415 1025; x_wconf 89' lang='lat' dir='ltr'>et</span> <span class='ocrx_word' id='word_1_45' title='bbox 1460 962 1738 1041; x_wconf 87' lang='lat' dir='ltr'>caritatis,</span> <span class='ocrx_word' id='word_1_46' title='bbox 1778 984 1905 1044; x_wconf 89' lang='lat' dir='ltr'>qua</span> <span class='ocrx_word' id='word_1_47' title='bbox 1940 964 2256 1025; x_wconf 81' lang='lat' dir='ltr'><em>Pastorem</em></span> <span class='ocrx_word' id='word_1_48' title='bbox 2291 987 2581 1047; x_wconf 78' lang='lat' dir='ltr'>magnum</span> <span class='ocrx_word' id='word_1_49' title='bbox 2615 969 2838 1042; x_wconf 86' lang='lat' dir='ltr'>ovium,</span> <span class='ocrx_word' id='word_1_50' title='bbox 2868 967 3099 1028; x_wconf 80' lang='lat' dir='ltr'>Domi-</span> 
     </span>
    </p>
   </div>
   <div class='ocr_carea' id='block_1_12' title="bbox 483 1069 3120 4999">
    <p class='ocr_par' dir='ltr' id='par_1_12' title="bbox 483 1069 3115 4662">
     <span class='ocr_line' id='line_1_14' title="bbox 483 1069 3099 1154; baseline 0.001 -23"><span class='ocrx_word' id='word_1_51' title='bbox 483 1092 624 1132; x_wconf 87' lang='lat' dir='ltr'>num</span> <span class='ocrx_word' id='word_1_52' title='bbox 658 1079 932 1133; x_wconf 85' lang='lat' dir='ltr'>nostrum</span> <span class='ocrx_word' id='word_1_53' title='bbox 964 1071 1164 1131; x_wconf 84' lang='lat' dir='ltr'>Iesum</span> <span class='ocrx_word' id='word_1_54' title='bbox 1187 1069 1535 1143; x_wconf 82' lang='lat' dir='ltr'><em>Christum,</em></span> <span class='ocrx_word' id='word_1_55' title='bbox 1570 1070 1793 1130; x_wconf 90' lang='lat' dir='ltr'>referre</span> <span class='ocrx_word' id='word_1_56' title='bbox 1829 1089 1942 1151; x_wconf 92' lang='lat' dir='ltr'>pro</span> <span class='ocrx_word' id='word_1_57' title='bbox 1975 1090 2231 1132; x_wconf 89' lang='lat' dir='ltr'>munere</span> <span class='ocrx_word' id='word_1_58' title='bbox 2265 1088 2322 1133; x_wconf 89' lang='lat' dir='ltr'>et</span> <span class='ocrx_word' id='word_1_59' title='bbox 2353 1073 2595 1149; x_wconf 88' lang='lat' dir='ltr'>imitari,</span> <span class='ocrx_word' id='word_1_60' title='bbox 2631 1074 2933 1154; x_wconf 83' lang='lat' dir='ltr'>aspirante</span> <span class='ocrx_word' id='word_1_61' title='bbox 2965 1074 3099 1134; x_wconf 90' lang='lat' dir='ltr'>eius</span> 
     </span>
     <span class='ocr_line' id='line_1_15' title="bbox 483 1176 3099 1258; baseline 0.001 -21"><span class='ocrx_word' id='word_1_62' title='bbox 483 1178 690 1257; x_wconf 85' lang='lat' dir='ltr'>gratia,</span> <span class='ocrx_word' id='word_1_63' title='bbox 738 1179 1079 1255; x_wconf 89' lang='lat' dir='ltr'>studemus,</span> <span class='ocrx_word' id='word_1_64' title='bbox 1129 1195 1260 1237; x_wconf 91' lang='lat' dir='ltr'>non</span> <span class='ocrx_word' id='word_1_65' title='bbox 1300 1176 1584 1257; x_wconf 82' lang='lat' dir='ltr'>exiguam</span> <span class='ocrx_word' id='word_1_66' title='bbox 1619 1193 1852 1257; x_wconf 84' lang='lat' dir='ltr'>partem</span> <span class='ocrx_word' id='word_1_67' title='bbox 1886 1178 2191 1258; x_wconf 90' lang='lat' dir='ltr'>pernobili</span> <span class='ocrx_word' id='word_1_68' title='bbox 2224 1179 2581 1258; x_wconf 80' lang='lat' dir='ltr'>Anglorum</span> <span class='ocrx_word' id='word_1_69' title='bbox 2619 1179 2853 1240; x_wconf 89' lang='lat' dir='ltr'>nationi</span> <span class='ocrx_word' id='word_1_70' title='bbox 2885 1179 3099 1241; x_wconf 89' lang='lat' dir='ltr'>tribui-</span> 
     </span>
     <span class='ocr_line' id='line_1_16' title="bbox 486 1282 3096 1368; baseline 0.001 -24"><span class='ocrx_word' id='word_1_71' title='bbox 486 1304 643 1346; x_wconf 80' lang='lat' dir='ltr'>muS.</span> <span class='ocrx_word' id='word_1_72' title='bbox 703 1282 1055 1346; x_wconf 87' lang='lat' dir='ltr'>Voluntatis</span> <span class='ocrx_word' id='word_1_73' title='bbox 1110 1283 1173 1343; x_wconf 89' lang='lat' dir='ltr'>in</span> <span class='ocrx_word' id='word_1_74' title='bbox 1226 1283 1421 1363; x_wconf 86' lang='lat' dir='ltr'>ipsam</span> <span class='ocrx_word' id='word_1_75' title='bbox 1470 1283 1731 1343; x_wconf 82' lang='lat' dir='ltr'>Nostrae</span> <span class='ocrx_word' id='word_1_76' title='bbox 1778 1303 1847 1343; x_wconf 90' lang='lat' dir='ltr'>ea</span> <span class='ocrx_word' id='word_1_77' title='bbox 1899 1284 2223 1366; x_wconf 85' lang='lat' dir='ltr'>praecipue</span> <span class='ocrx_word' id='word_1_78' title='bbox 2274 1287 2437 1346; x_wconf 87' lang='lat' dir='ltr'>testis</span> <span class='ocrx_word' id='word_1_79' title='bbox 2471 1301 2561 1347; x_wconf 88' lang='lat' dir='ltr'>est</span> <span class='ocrx_word' id='word_1_80' title='bbox 2592 1286 2867 1367; x_wconf 87' lang='lat' dir='ltr'>epistola,</span> <span class='ocrx_word' id='word_1_81' title='bbox 2907 1307 3096 1368; x_wconf 87' lang='lat' dir='ltr'>quam</span> 
     </span>
     <span class='ocr_line' id='line_1_17' title="bbox 484 1390 3098 1473; baseline 0.001 -22"><span class='ocrx_word' id='word_1_82' title='bbox 484 1392 800 1473; x_wconf 87' lang='lat' dir='ltr'>superiore</span> <span class='ocrx_word' id='word_1_83' title='bbox 831 1409 1001 1451; x_wconf 91' lang='lat' dir='ltr'>anno</span> <span class='ocrx_word' id='word_1_84' title='bbox 1034 1390 1318 1451; x_wconf 88' lang='lat' dir='ltr'>dedimus</span> <span class='ocrx_word' id='word_1_85' title='bbox 1352 1390 1663 1472; x_wconf 88' lang='lat' dir='ltr'>propriam</span> <span class='ocrx_word' id='word_1_86' title='bbox 1699 1390 1785 1450; x_wconf 86' lang='lat' dir='ltr'>ad</span> <span class='ocrx_word' id='word_1_87' title='bbox 1799 1390 2063 1470; x_wconf 78' lang='lat' dir='ltr'>Anglos,</span> <span class='ocrx_word' id='word_1_88' title='bbox 2095 1412 2350 1472; x_wconf 77' lang='lat' dir='ltr'>regnum</span> <span class='ocrx_word' id='word_1_89' title='bbox 2388 1391 2643 1454; x_wconf 79' lang='lat' dir='ltr'>Christi</span> <span class='ocrx_word' id='word_1_90' title='bbox 2669 1395 2926 1473; x_wconf 80' lang='lat' dir='ltr'>infidei</span> <span class='ocrx_word' id='word_1_91' title='bbox 2952 1397 3098 1454; x_wconf 86' lang='lat' dir='ltr'>uni-</span> 
     </span>
     <span class='ocr_line' id='line_1_18' title="bbox 488 1496 3098 1579; baseline 0.002 -21"><span class='ocrx_word' id='word_1_92' title='bbox 488 1506 608 1559; x_wconf 83' lang='lat' dir='ltr'>tate</span> <span class='ocrx_word' id='word_1_93' title='bbox 656 1504 1053 1579; x_wconf 80' lang='lat' dir='ltr'>quaerentes:</span> <span class='ocrx_word' id='word_1_94' title='bbox 1116 1497 1394 1558; x_wconf 89' lang='lat' dir='ltr'>eiusdem</span> <span class='ocrx_word' id='word_1_95' title='bbox 1445 1496 1677 1578; x_wconf 90' lang='lat' dir='ltr'>quippe</span> <span class='ocrx_word' id='word_1_96' title='bbox 1728 1496 1924 1577; x_wconf 87' lang='lat' dir='ltr'>gentis</span> <span class='ocrx_word' id='word_1_97' title='bbox 1974 1514 2031 1557; x_wconf 91' lang='lat' dir='ltr'>et</span> <span class='ocrx_word' id='word_1_98' title='bbox 2077 1514 2343 1559; x_wconf 86' lang='lat' dir='ltr'>veterem</span> <span class='ocrx_word' id='word_1_99' title='bbox 2394 1518 2537 1560; x_wconf 90' lang='lat' dir='ltr'>cum</span> <span class='ocrx_word' id='word_1_100' title='bbox 2588 1500 2856 1561; x_wconf 83' lang='lat' dir='ltr'>Ecclesia</span> <span class='ocrx_word' id='word_1_101' title='bbox 2908 1516 3098 1562; x_wconf 87' lang='lat' dir='ltr'>matre</span> 
     </span>
     <span class='ocr_line' id='line_1_19' title="bbox 489 1603 3097 1686; baseline 0.002 -21"><span class='ocrx_word' id='word_1_102' title='bbox 489 1604 989 1666; x_wconf 88' lang='lat' dir='ltr'>coniunctionem</span> <span class='ocrx_word' id='word_1_103' title='bbox 1038 1604 1593 1663; x_wconf 87' lang='lat' dir='ltr'>commemorando</span> <span class='ocrx_word' id='word_1_104' title='bbox 1641 1603 2084 1677; x_wconf 81' lang='lat' dir='ltr'>revocavimus,</span> <span class='ocrx_word' id='word_1_105' title='bbox 2136 1619 2192 1664; x_wconf 92' lang='lat' dir='ltr'>et</span> <span class='ocrx_word' id='word_1_106' title='bbox 2239 1604 2477 1666; x_wconf 89' lang='lat' dir='ltr'>felicem</span> <span class='ocrx_word' id='word_1_107' title='bbox 2512 1606 3097 1686; x_wconf 84' lang='lat' dir='ltr'>reconciliationem,</span> 
     </span>
     <span class='ocr_line' id='line_1_20' title="bbox 488 1708 3099 1797; baseline 0.002 -25"><span class='ocrx_word' id='word_1_108' title='bbox 488 1711 733 1772; x_wconf 86' lang='lat' dir='ltr'>excitata</span> <span class='ocrx_word' id='word_1_109' title='bbox 781 1711 845 1771; x_wconf 90' lang='lat' dir='ltr'>in</span> <span class='ocrx_word' id='word_1_110' title='bbox 891 1709 1113 1771; x_wconf 86' lang='lat' dir='ltr'>animis</span> <span class='ocrx_word' id='word_1_111' title='bbox 1159 1708 1375 1770; x_wconf 85' lang='lat' dir='ltr'>orandi</span> <span class='ocrx_word' id='word_1_112' title='bbox 1409 1708 1524 1769; x_wconf 89' lang='lat' dir='ltr'>Dei</span> <span class='ocrx_word' id='word_1_113' title='bbox 1557 1709 1840 1787; x_wconf 88' lang='lat' dir='ltr'>sollertia,</span> <span class='ocrx_word' id='word_1_114' title='bbox 1875 1709 2311 1773; x_wconf 88' lang='lat' dir='ltr'>contendimus</span> <span class='ocrx_word' id='word_1_115' title='bbox 2344 1730 2669 1779; x_wconf 86' lang='lat' dir='ltr'>maturare.</span> <span class='ocrx_word' id='word_1_116' title='bbox 2733 1715 3099 1797; x_wconf 85' lang='lat' dir='ltr'>Rursusque</span> 
     </span>
     <span class='ocr_line' id='line_1_21' title="bbox 487 1815 3099 1899; baseline 0.001 -18"><span class='ocrx_word' id='word_1_117' title='bbox 487 1820 653 1881; x_wconf 91' lang='lat' dir='ltr'>haud</span> <span class='ocrx_word' id='word_1_118' title='bbox 700 1819 777 1880; x_wconf 92' lang='lat' dir='ltr'>ita</span> <span class='ocrx_word' id='word_1_119' title='bbox 824 1818 1086 1899; x_wconf 84' lang='lat' dir='ltr'>pridem,</span> <span class='ocrx_word' id='word_1_120' title='bbox 1129 1836 1323 1897; x_wconf 92' lang='lat' dir='ltr'>quum</span> <span class='ocrx_word' id='word_1_121' title='bbox 1372 1815 1810 1876; x_wconf 88' lang='lat' dir='ltr'>communibus</span> <span class='ocrx_word' id='word_1_122' title='bbox 1859 1815 2144 1878; x_wconf 88' lang='lat' dir='ltr'>universe</span> <span class='ocrx_word' id='word_1_123' title='bbox 2188 1817 2376 1879; x_wconf 89' lang='lat' dir='ltr'>literis</span> <span class='ocrx_word' id='word_1_124' title='bbox 2422 1820 2498 1880; x_wconf 89' lang='lat' dir='ltr'>de</span> <span class='ocrx_word' id='word_1_125' title='bbox 2532 1821 2764 1882; x_wconf 89' lang='lat' dir='ltr'>unitate</span> <span class='ocrx_word' id='word_1_126' title='bbox 2796 1822 3099 1883; x_wconf 87' lang='lat' dir='ltr'>Ecclesiae</span> 
     </span>
     <span class='ocr_line' id='line_1_22' title="bbox 488 1923 3098 2010; baseline 0.001 -23"><span class='ocrx_word' id='word_1_127' title='bbox 488 1927 682 1988; x_wconf 87' lang='lat' dir='ltr'>fusius</span> <span class='ocrx_word' id='word_1_128' title='bbox 727 1945 906 2007; x_wconf 86' lang='lat' dir='ltr'>agere</span> <span class='ocrx_word' id='word_1_129' title='bbox 953 1925 1152 1985; x_wconf 86' lang='lat' dir='ltr'>visum</span> <span class='ocrx_word' id='word_1_130' title='bbox 1194 1939 1302 2001; x_wconf 89' lang='lat' dir='ltr'>est,</span> <span class='ocrx_word' id='word_1_131' title='bbox 1336 1943 1463 1984; x_wconf 89' lang='lat' dir='ltr'>non</span> <span class='ocrx_word' id='word_1_132' title='bbox 1497 1923 1718 1985; x_wconf 92' lang='lat' dir='ltr'>ultimo</span> <span class='ocrx_word' id='word_1_133' title='bbox 1749 1923 1890 1985; x_wconf 88' lang='lat' dir='ltr'>loco</span> <span class='ocrx_word' id='word_1_134' title='bbox 1925 1924 2305 2005; x_wconf 80' lang='lat' dir='ltr'>respeximus</span> <span class='ocrx_word' id='word_1_135' title='bbox 2336 1927 2663 2005; x_wconf 81' lang='lat' dir='ltr'>Angliam3</span> <span class='ocrx_word' id='word_1_136' title='bbox 2714 1948 2823 2007; x_wconf 91' lang='lat' dir='ltr'>spe</span> <span class='ocrx_word' id='word_1_137' title='bbox 2857 1930 3098 2010; x_wconf 89' lang='lat' dir='ltr'>praelu-</span> 
     </span>
     <span class='ocr_line' id='line_1_23' title="bbox 488 2029 3100 2113; baseline 0 -18"><span class='ocrx_word' id='word_1_138' title='bbox 488 2050 680 2110; x_wconf 83' lang='lat' dir='ltr'>cente,</span> <span class='ocrx_word' id='word_1_139' title='bbox 715 2052 897 2113; x_wconf 89' lang='lat' dir='ltr'>posse</span> <span class='ocrx_word' id='word_1_140' title='bbox 929 2033 1300 2093; x_wconf 89' lang='lat' dir='ltr'>documenta</span> <span class='ocrx_word' id='word_1_141' title='bbox 1322 2031 1545 2091; x_wconf 89' lang='lat' dir='ltr'>Nostra</span> <span class='ocrx_word' id='word_1_142' title='bbox 1579 2045 1713 2091; x_wconf 90' lang='lat' dir='ltr'>tum</span> <span class='ocrx_word' id='word_1_143' title='bbox 1747 2030 2061 2091; x_wconf 84' lang='lat' dir='ltr'>catholicis</span> <span class='ocrx_word' id='word_1_144' title='bbox 2093 2029 2462 2110; x_wconf 88' lang='lat' dir='ltr'>firmitatem,</span> <span class='ocrx_word' id='word_1_145' title='bbox 2496 2049 2629 2095; x_wconf 91' lang='lat' dir='ltr'>tum</span> <span class='ocrx_word' id='word_1_146' title='bbox 2664 2035 3100 2095; x_wconf 85' lang='lat' dir='ltr'>dissidentibus</span> 
     </span>
     <span class='ocr_line' id='line_1_24' title="bbox 489 2136 3097 2220; baseline 0 -20"><span class='ocrx_word' id='word_1_147' title='bbox 489 2141 746 2201; x_wconf 88' lang='lat' dir='ltr'>salutare</span> <span class='ocrx_word' id='word_1_148' title='bbox 778 2140 991 2200; x_wconf 88' lang='lat' dir='ltr'>lumen</span> <span class='ocrx_word' id='word_1_149' title='bbox 1025 2138 1256 2198; x_wconf 83' lang='lat' dir='ltr'>afferre.</span> <span class='ocrx_word' id='word_1_150' title='bbox 1324 2143 1529 2217; x_wconf 83' lang='lat' dir='ltr'>Atque</span> <span class='ocrx_word' id='word_1_151' title='bbox 1573 2136 1723 2196; x_wconf 90' lang='lat' dir='ltr'>illud</span> <span class='ocrx_word' id='word_1_152' title='bbox 1760 2137 1931 2197; x_wconf 85' lang='lat' dir='ltr'>fateri</span> <span class='ocrx_word' id='word_1_153' title='bbox 1965 2138 2111 2197; x_wconf 91' lang='lat' dir='ltr'>libet</span> <span class='ocrx_word' id='word_1_154' title='bbox 2143 2137 2315 2217; x_wconf 91' lang='lat' dir='ltr'>quod</span> <span class='ocrx_word' id='word_1_155' title='bbox 2348 2159 2545 2219; x_wconf 89' lang='lat' dir='ltr'>aeque</span> <span class='ocrx_word' id='word_1_156' title='bbox 2576 2140 2775 2220; x_wconf 74' lang='lat' dir='ltr'>gentis</span> <span class='ocrx_word' id='word_1_157' title='bbox 2809 2141 3097 2201; x_wconf 90' lang='lat' dir='ltr'>humani-</span> 
     </span>
     <span class='ocr_line' id='line_1_25' title="bbox 489 2242 3097 2327; baseline 0 -20"><span class='ocrx_word' id='word_1_158' title='bbox 489 2263 670 2307; x_wconf 82' lang='lat' dir='ltr'>tatem</span> <span class='ocrx_word' id='word_1_159' title='bbox 703 2265 770 2306; x_wconf 92' lang='lat' dir='ltr'>ac</span> <span class='ocrx_word' id='word_1_160' title='bbox 802 2245 1146 2306; x_wconf 88' lang='lat' dir='ltr'>multorum</span> <span class='ocrx_word' id='word_1_161' title='bbox 1178 2243 1659 2303; x_wconf 89' lang='lat' dir='ltr'>sollicitudinem</span> <span class='ocrx_word' id='word_1_162' title='bbox 1692 2242 1903 2303; x_wconf 88' lang='lat' dir='ltr'>salutis</span> <span class='ocrx_word' id='word_1_163' title='bbox 1935 2258 2214 2303; x_wconf 86' lang='lat' dir='ltr'>aeternae</span> <span class='ocrx_word' id='word_1_164' title='bbox 2248 2246 2662 2323; x_wconf 86' lang='lat' dir='ltr'>commendat,</span> <span class='ocrx_word' id='word_1_165' title='bbox 2694 2246 2753 2307; x_wconf 92' lang='lat' dir='ltr'>id</span> <span class='ocrx_word' id='word_1_166' title='bbox 2788 2263 2876 2307; x_wconf 89' lang='lat' dir='ltr'>est</span> <span class='ocrx_word' id='word_1_167' title='bbox 2908 2266 3097 2327; x_wconf 89' lang='lat' dir='ltr'>quam</span> 
     </span>
     <span class='ocr_line' id='line_1_26' title="bbox 491 2349 3100 2435; baseline 0 -21"><span class='ocrx_word' id='word_1_168' title='bbox 491 2353 784 2414; x_wconf 89' lang='lat' dir='ltr'>benevole</span> <span class='ocrx_word' id='word_1_169' title='bbox 817 2350 1038 2429; x_wconf 86' lang='lat' dir='ltr'>Anglis</span> <span class='ocrx_word' id='word_1_170' title='bbox 1083 2352 1335 2431; x_wconf 90' lang='lat' dir='ltr'>probata</span> <span class='ocrx_word' id='word_1_171' title='bbox 1384 2350 1458 2410; x_wconf 89' lang='lat' dir='ltr'>sit</span> <span class='ocrx_word' id='word_1_172' title='bbox 1505 2349 1791 2410; x_wconf 88' lang='lat' dir='ltr'>instantia</span> <span class='ocrx_word' id='word_1_173' title='bbox 1823 2350 2048 2410; x_wconf 89' lang='lat' dir='ltr'>Nostra</span> <span class='ocrx_word' id='word_1_174' title='bbox 2083 2366 2141 2411; x_wconf 89' lang='lat' dir='ltr'>et</span> <span class='ocrx_word' id='word_1_175' title='bbox 2173 2350 2418 2411; x_wconf 89' lang='lat' dir='ltr'>dicendi</span> <span class='ocrx_word' id='word_1_176' title='bbox 2450 2351 2713 2429; x_wconf 83' lang='lat' dir='ltr'>libertas,</span> <span class='ocrx_word' id='word_1_177' title='bbox 2749 2354 2927 2415; x_wconf 90' lang='lat' dir='ltr'>nullo</span> <span class='ocrx_word' id='word_1_178' title='bbox 2960 2355 3100 2435; x_wconf 90' lang='lat' dir='ltr'>qui-</span> 
     </span>
     <span class='ocr_line' id='line_1_27' title="bbox 490 2456 3100 2539; baseline 0.001 -18"><span class='ocrx_word' id='word_1_179' title='bbox 490 2462 632 2521; x_wconf 90' lang='lat' dir='ltr'>dem</span> <span class='ocrx_word' id='word_1_180' title='bbox 681 2476 810 2520; x_wconf 88' lang='lat' dir='ltr'>acta</span> <span class='ocrx_word' id='word_1_181' title='bbox 863 2460 1172 2519; x_wconf 86' lang='lat' dir='ltr'>humanae</span> <span class='ocrx_word' id='word_1_182' title='bbox 1227 2456 1480 2517; x_wconf 90' lang='lat' dir='ltr'>rationis</span> <span class='ocrx_word' id='word_1_183' title='bbox 1526 2457 1820 2539; x_wconf 87' lang='lat' dir='ltr'>impulsu.</span> <span class='ocrx_word' id='word_1_184' title='bbox 1876 2492 1956 2500; x_wconf 96' lang='lat'><strong>—</strong></span> <span class='ocrx_word' id='word_1_185' title='bbox 2010 2459 2192 2519; x_wconf 90' lang='lat' dir='ltr'>Nunc</span> <span class='ocrx_word' id='word_1_186' title='bbox 2236 2475 2445 2519; x_wconf 90' lang='lat' dir='ltr'>autem</span> <span class='ocrx_word' id='word_1_187' title='bbox 2483 2460 2698 2521; x_wconf 90' lang='lat' dir='ltr'>eadem</span> <span class='ocrx_word' id='word_1_188' title='bbox 2732 2462 2863 2522; x_wconf 90' lang='lat' dir='ltr'>Nos</span> <span class='ocrx_word' id='word_1_189' title='bbox 2895 2478 3100 2523; x_wconf 89' lang='lat' dir='ltr'>mente</span> 
     </span>
     <span class='ocr_line' id='line_1_28' title="bbox 489 2563 3098 2647; baseline 0 -18"><span class='ocrx_word' id='word_1_190' title='bbox 489 2569 837 2647; x_wconf 88' lang='lat' dir='ltr'>eodemque</span> <span class='ocrx_word' id='word_1_191' title='bbox 869 2564 1079 2625; x_wconf 89' lang='lat' dir='ltr'>animo</span> <span class='ocrx_word' id='word_1_192' title='bbox 1111 2563 1512 2625; x_wconf 88' lang='lat' dir='ltr'>deliberatum</span> <span class='ocrx_word' id='word_1_193' title='bbox 1546 2566 1849 2625; x_wconf 90' lang='lat' dir='ltr'>habemus</span> <span class='ocrx_word' id='word_1_194' title='bbox 1881 2565 2080 2626; x_wconf 89' lang='lat' dir='ltr'>studia</span> <span class='ocrx_word' id='word_1_195' title='bbox 2113 2582 2467 2627; x_wconf 86' lang='lat' dir='ltr'>convertere</span> <span class='ocrx_word' id='word_1_196' title='bbox 2500 2567 2575 2627; x_wconf 91' lang='lat' dir='ltr'>ad</span> <span class='ocrx_word' id='word_1_197' title='bbox 2609 2568 2945 2647; x_wconf 88' lang='lat' dir='ltr'>quamdam</span> <span class='ocrx_word' id='word_1_198' title='bbox 2969 2588 3098 2630; x_wconf 89' lang='lat' dir='ltr'>non</span> 
     </span>
     <span class='ocr_line' id='line_1_29' title="bbox 490 2668 3100 2754; baseline -0.001 -17"><span class='ocrx_word' id='word_1_199' title='bbox 490 2674 746 2737; x_wconf 88' lang='lat' dir='ltr'>minoris</span> <span class='ocrx_word' id='word_1_200' title='bbox 792 2670 1089 2734; x_wconf 89' lang='lat' dir='ltr'>momenti</span> <span class='ocrx_word' id='word_1_201' title='bbox 1136 2690 1406 2747; x_wconf 90' lang='lat' dir='ltr'>causam,</span> <span class='ocrx_word' id='word_1_202' title='bbox 1451 2690 1610 2752; x_wconf 87' lang='lat' dir='ltr'>quae</span> <span class='ocrx_word' id='word_1_203' title='bbox 1658 2689 1803 2733; x_wconf 89' lang='lat' dir='ltr'>cum</span> <span class='ocrx_word' id='word_1_204' title='bbox 1835 2691 1905 2733; x_wconf 90' lang='lat' dir='ltr'>ea</span> <span class='ocrx_word' id='word_1_205' title='bbox 1940 2671 2069 2752; x_wconf 89' lang='lat' dir='ltr'>ipsa</span> <span class='ocrx_word' id='word_1_206' title='bbox 2103 2691 2168 2733; x_wconf 89' lang='lat' dir='ltr'>re</span> <span class='ocrx_word' id='word_1_207' title='bbox 2200 2673 2484 2754; x_wconf 86' lang='lat' dir='ltr'>votisque</span> <span class='ocrx_word' id='word_1_208' title='bbox 2519 2668 2759 2735; x_wconf 89' lang='lat' dir='ltr'>Nostris</span> <span class='ocrx_word' id='word_1_209' title='bbox 2797 2675 3100 2737; x_wconf 88' lang='lat' dir='ltr'>cohaeret.</span> 
     </span>
     <span class='ocr_line' id='line_1_30' title="bbox 490 2779 3100 2861; baseline 0 -16"><span class='ocrx_word' id='word_1_210' title='bbox 490 2784 681 2860; x_wconf 91' lang='lat' dir='ltr'>Quod</span> <span class='ocrx_word' id='word_1_211' title='bbox 713 2781 878 2843; x_wconf 87' lang='lat' dir='ltr'>enim</span> <span class='ocrx_word' id='word_1_212' title='bbox 912 2779 1080 2860; x_wconf 90' lang='lat' dir='ltr'>apud</span> <span class='ocrx_word' id='word_1_213' title='bbox 1113 2779 1370 2856; x_wconf 86' lang='lat' dir='ltr'>Anglos,</span> <span class='ocrx_word' id='word_1_214' title='bbox 1401 2780 1720 2859; x_wconf 90' lang='lat' dir='ltr'>aliquanto</span> <span class='ocrx_word' id='word_1_215' title='bbox 1753 2796 2086 2861; x_wconf 88' lang='lat' dir='ltr'>postquam</span> <span class='ocrx_word' id='word_1_216' title='bbox 2120 2782 2195 2840; x_wconf 90' lang='lat' dir='ltr'>ab</span> <span class='ocrx_word' id='word_1_217' title='bbox 2230 2781 2477 2842; x_wconf 89' lang='lat' dir='ltr'>unitatis</span> <span class='ocrx_word' id='word_1_218' title='bbox 2511 2782 2870 2844; x_wconf 88' lang='lat' dir='ltr'>christianae</span> <span class='ocrx_word' id='word_1_219' title='bbox 2892 2801 3100 2845; x_wconf 89' lang='lat' dir='ltr'>centro</span> 
     </span>
     <span class='ocr_line' id='line_1_31' title="bbox 489 2886 3100 2969; baseline 0.001 -19"><span class='ocrx_word' id='word_1_220' title='bbox 489 2894 837 2951; x_wconf 88' lang='lat' dir='ltr'>abscessum</span> <span class='ocrx_word' id='word_1_221' title='bbox 885 2902 993 2965; x_wconf 91' lang='lat' dir='ltr'>est,</span> <span class='ocrx_word' id='word_1_222' title='bbox 1047 2907 1250 2949; x_wconf 84' lang='lat' dir='ltr'>novus</span> <span class='ocrx_word' id='word_1_223' title='bbox 1301 2887 1481 2968; x_wconf 88' lang='lat' dir='ltr'>plane</span> <span class='ocrx_word' id='word_1_224' title='bbox 1533 2886 1682 2947; x_wconf 91' lang='lat' dir='ltr'>ritus</span> <span class='ocrx_word' id='word_1_225' title='bbox 1732 2887 2057 2947; x_wconf 87' lang='lat' dir='ltr'>ordinibus</span> <span class='ocrx_word' id='word_1_226' title='bbox 2109 2887 2294 2949; x_wconf 82' lang='lat' dir='ltr'>sacris</span> <span class='ocrx_word' id='word_1_227' title='bbox 2345 2889 2756 2968; x_wconf 87' lang='lat' dir='ltr'>conferendis,</span> <span class='ocrx_word' id='word_1_228' title='bbox 2810 2893 2925 2951; x_wconf 91' lang='lat' dir='ltr'>sub</span> <span class='ocrx_word' id='word_1_229' title='bbox 2960 2911 3100 2969; x_wconf 79' lang='lat' dir='ltr'>rege</span> 
     </span>
     <span class='ocr_line' id='line_1_32' title="bbox 491 2994 3103 3077; baseline 0 -19"><span class='ocrx_word' id='word_1_230' title='bbox 491 2997 781 3058; x_wconf 86' lang='lat' dir='ltr'>Eduardo</span> <span class='ocrx_word' id='word_1_231' title='bbox 814 2995 916 3066; x_wconf 81' lang='lat' dir='ltr'>Vl,</span> <span class='ocrx_word' id='word_1_232' title='bbox 964 2994 1075 3056; x_wconf 85' lang='lat' dir='ltr'>fuit</span> <span class='ocrx_word' id='word_1_233' title='bbox 1121 2994 1362 3077; x_wconf 90' lang='lat' dir='ltr'>publice</span> <span class='ocrx_word' id='word_1_234' title='bbox 1403 2994 1724 3064; x_wconf 89' lang='lat' dir='ltr'>inductus;</span> <span class='ocrx_word' id='word_1_235' title='bbox 1777 2994 2071 3055; x_wconf 90' lang='lat' dir='ltr'>defecisse</span> <span class='ocrx_word' id='word_1_236' title='bbox 2104 2994 2331 3056; x_wconf 91' lang='lat' dir='ltr'>idcirco</span> <span class='ocrx_word' id='word_1_237' title='bbox 2364 3015 2583 3057; x_wconf 84' lang='lat' dir='ltr'>verum</span> <span class='ocrx_word' id='word_1_238' title='bbox 2616 2997 2874 3059; x_wconf 86' lang='lat' dir='ltr'>Ordinis</span> <span class='ocrx_word' id='word_1_239' title='bbox 2905 3018 3103 3059; x_wconf 90' lang='lat' dir='ltr'>sacra-</span> 
     </span>
     <span class='ocr_line' id='line_1_33' title="bbox 494 3099 3101 3182; baseline 0 -17"><span class='ocrx_word' id='word_1_240' title='bbox 494 3120 790 3179; x_wconf 85' lang='lat' dir='ltr'>mentum,</span> <span class='ocrx_word' id='word_1_241' title='bbox 856 3101 1040 3182; x_wconf 88' lang='lat' dir='ltr'>quale</span> <span class='ocrx_word' id='word_1_242' title='bbox 1091 3099 1374 3168; x_wconf 83' lang='lat' dir='ltr'>Christus</span> <span class='ocrx_word' id='word_1_243' title='bbox 1425 3099 1703 3178; x_wconf 88' lang='lat' dir='ltr'>instituit,</span> <span class='ocrx_word' id='word_1_244' title='bbox 1770 3100 2083 3180; x_wconf 87' lang='lat' dir='ltr'>simulque</span> <span class='ocrx_word' id='word_1_245' title='bbox 2134 3100 2574 3163; x_wconf 88' lang='lat' dir='ltr'>hierarchicam</span> <span class='ocrx_word' id='word_1_246' title='bbox 2624 3103 3101 3182; x_wconf 82' lang='lat' dir='ltr'>successionem,</span> 
     </span>
     <span class='ocr_line' id='line_1_34' title="bbox 492 3207 3105 3287; baseline -0 -15"><span class='ocrx_word' id='word_1_247' title='bbox 492 3213 611 3272; x_wconf 89' lang='lat' dir='ltr'>iam</span> <span class='ocrx_word' id='word_1_248' title='bbox 643 3210 839 3271; x_wconf 90' lang='lat' dir='ltr'>tenuit</span> <span class='ocrx_word' id='word_1_249' title='bbox 868 3207 1223 3271; x_wconf 87' lang='lat' dir='ltr'>communis</span> <span class='ocrx_word' id='word_1_250' title='bbox 1255 3207 1571 3284; x_wconf 88' lang='lat' dir='ltr'>sententia,</span> <span class='ocrx_word' id='word_1_251' title='bbox 1618 3227 1806 3287; x_wconf 92' lang='lat' dir='ltr'>quam</span> <span class='ocrx_word' id='word_1_252' title='bbox 1842 3226 1975 3267; x_wconf 89' lang='lat' dir='ltr'>non</span> <span class='ocrx_word' id='word_1_253' title='bbox 2006 3208 2197 3268; x_wconf 89' lang='lat' dir='ltr'>semel</span> <span class='ocrx_word' id='word_1_254' title='bbox 2228 3209 2533 3271; x_wconf 85' lang='lat' dir='ltr'>Ecclesiae</span> <span class='ocrx_word' id='word_1_255' title='bbox 2566 3226 2697 3272; x_wconf 89' lang='lat' dir='ltr'>acta</span> <span class='ocrx_word' id='word_1_256' title='bbox 2730 3226 2790 3272; x_wconf 90' lang='lat' dir='ltr'>et</span> <span class='ocrx_word' id='word_1_257' title='bbox 2820 3227 3105 3273; x_wconf 88' lang='lat' dir='ltr'>constans</span> 
     </span>
     <span class='ocr_line' id='line_1_35' title="bbox 492 3314 3106 3398; baseline 0 -20"><span class='ocrx_word' id='word_1_258' title='bbox 492 3317 809 3398; x_wconf 90' lang='lat' dir='ltr'>disciplina</span> <span class='ocrx_word' id='word_1_259' title='bbox 858 3314 1196 3375; x_wconf 89' lang='lat' dir='ltr'>firmarunt.</span> <span class='ocrx_word' id='word_1_260' title='bbox 1272 3319 1561 3374; x_wconf 86' lang='lat' dir='ltr'>Attamen</span> <span class='ocrx_word' id='word_1_261' title='bbox 1611 3314 1951 3374; x_wconf 86' lang='lat' dir='ltr'>recentiore</span> <span class='ocrx_word' id='word_1_262' title='bbox 2004 3315 2301 3374; x_wconf 89' lang='lat' dir='ltr'>memoria</span> <span class='ocrx_word' id='word_1_263' title='bbox 2357 3317 2581 3397; x_wconf 90' lang='lat' dir='ltr'>hisque</span> <span class='ocrx_word' id='word_1_264' title='bbox 2635 3319 2898 3380; x_wconf 83' lang='lat' dir='ltr'>maxime</span> <span class='ocrx_word' id='word_1_265' title='bbox 2930 3319 3106 3381; x_wconf 88' lang='lat' dir='ltr'>annis</span> 
     </span>
     <span class='ocr_line' id='line_1_36' title="bbox 493 3419 3105 3504; baseline 0.001 -20"><span class='ocrx_word' id='word_1_266' title='bbox 493 3424 745 3484; x_wconf 87' lang='lat' dir='ltr'>invaluit</span> <span class='ocrx_word' id='word_1_267' title='bbox 778 3421 1209 3497; x_wconf 88' lang='lat' dir='ltr'>controversia,</span> <span class='ocrx_word' id='word_1_268' title='bbox 1240 3440 1442 3481; x_wconf 91' lang='lat' dir='ltr'>sacrae</span> <span class='ocrx_word' id='word_1_269' title='bbox 1474 3439 1550 3480; x_wconf 91' lang='lat' dir='ltr'>ne</span> <span class='ocrx_word' id='word_1_270' title='bbox 1573 3419 2012 3480; x_wconf 89' lang='lat' dir='ltr'>Ordinationes</span> <span class='ocrx_word' id='word_1_271' title='bbox 2034 3420 2151 3481; x_wconf 92' lang='lat' dir='ltr'>ritu</span> <span class='ocrx_word' id='word_1_272' title='bbox 2174 3421 2553 3484; x_wconf 82' lang='lat' dir='ltr'>eduardiano</span> <span class='ocrx_word' id='word_1_273' title='bbox 2575 3441 2868 3504; x_wconf 90' lang='lat' dir='ltr'>peractae,</span> <span class='ocrx_word' id='word_1_274' title='bbox 2892 3441 3105 3486; x_wconf 86' lang='lat' dir='ltr'>natura</span> 
     </span>
     <span class='ocr_line' id='line_1_37' title="bbox 493 3526 3106 3610; baseline -0 -18"><span class='ocrx_word' id='word_1_275' title='bbox 493 3530 854 3592; x_wconf 86' lang='lat' dir='ltr'>sacramenti</span> <span class='ocrx_word' id='word_1_276' title='bbox 900 3529 1245 3609; x_wconf 84' lang='lat' dir='ltr'>effectuque</span> <span class='ocrx_word' id='word_1_277' title='bbox 1293 3528 1591 3609; x_wconf 89' lang='lat' dir='ltr'>polleant;</span> <span class='ocrx_word' id='word_1_278' title='bbox 1657 3526 2019 3602; x_wconf 85' lang='lat' dir='ltr'>faventibus,</span> <span class='ocrx_word' id='word_1_279' title='bbox 2064 3526 2362 3589; x_wconf 79' lang='lat' dir='ltr'>affirmate</span> <span class='ocrx_word' id='word_1_280' title='bbox 2411 3531 2505 3590; x_wconf 89' lang='lat' dir='ltr'>vel</span> <span class='ocrx_word' id='word_1_281' title='bbox 2556 3532 2925 3610; x_wconf 89' lang='lat' dir='ltr'>dubitanter,</span> <span class='ocrx_word' id='word_1_282' title='bbox 2976 3551 3106 3592; x_wconf 88' lang='lat' dir='ltr'>non</span> 
     </span>
     <span class='ocr_line' id='line_1_38' title="bbox 497 3633 3106 3718; baseline -0 -19"><span class='ocrx_word' id='word_1_283' title='bbox 497 3639 688 3699; x_wconf 86' lang='lat' dir='ltr'>modo</span> <span class='ocrx_word' id='word_1_284' title='bbox 733 3637 1131 3718; x_wconf 88' lang='lat' dir='ltr'>scriptoribus</span> <span class='ocrx_word' id='word_1_285' title='bbox 1178 3634 1515 3715; x_wconf 84' lang='lat' dir='ltr'>anglicanis</span> <span class='ocrx_word' id='word_1_286' title='bbox 1561 3634 1901 3708; x_wconf 80' lang='lat' dir='ltr'>nonnulliS,</span> <span class='ocrx_word' id='word_1_287' title='bbox 1946 3635 2052 3694; x_wconf 90' lang='lat' dir='ltr'>sed</span> <span class='ocrx_word' id='word_1_288' title='bbox 2102 3633 2311 3715; x_wconf 88' lang='lat' dir='ltr'>paucis</span> <span class='ocrx_word' id='word_1_289' title='bbox 2358 3636 2541 3696; x_wconf 88' lang='lat' dir='ltr'>etiam</span> <span class='ocrx_word' id='word_1_290' title='bbox 2592 3638 2905 3699; x_wconf 87' lang='lat' dir='ltr'>catholicis</span> <span class='ocrx_word' id='word_1_291' title='bbox 2937 3658 3106 3718; x_wconf 91' lang='lat' dir='ltr'>prae-</span> 
     </span>
     <span class='ocr_line' id='line_1_39' title="bbox 495 3742 3111 3823; baseline 0 -17"><span class='ocrx_word' id='word_1_292' title='bbox 495 3746 699 3806; x_wconf 86' lang='lat' dir='ltr'>sertim</span> <span class='ocrx_word' id='word_1_293' title='bbox 735 3764 866 3805; x_wconf 90' lang='lat' dir='ltr'>non</span> <span class='ocrx_word' id='word_1_294' title='bbox 899 3744 1112 3822; x_wconf 71' lang='lat' dir='ltr'>anglis</span> <span class='ocrx_word' id='word_1_295' title='bbox 1169 3743 1409 3803; x_wconf 86' lang='lat' dir='ltr'>Alteros</span> <span class='ocrx_word' id='word_1_296' title='bbox 1442 3742 1672 3823; x_wconf 91' lang='lat' dir='ltr'>quippe</span> <span class='ocrx_word' id='word_1_297' title='bbox 1704 3743 1992 3802; x_wconf 88' lang='lat' dir='ltr'>movebat</span> <span class='ocrx_word' id='word_1_298' title='bbox 2026 3743 2384 3823; x_wconf 85' lang='lat' dir='ltr'>praestantia</span> <span class='ocrx_word' id='word_1_299' title='bbox 2420 3744 2745 3804; x_wconf 89' lang='lat' dir='ltr'>sacerdotii</span> <span class='ocrx_word' id='word_1_300' title='bbox 2780 3746 3111 3818; x_wconf 83' lang='lat' dir='ltr'>christiani,</span> 
     </span>
     <span class='ocr_line' id='line_1_40' title="bbox 496 3848 3107 3934; baseline 0 -21"><span class='ocrx_word' id='word_1_301' title='bbox 496 3867 856 3934; x_wconf 85' lang='lat' dir='ltr'>exoptantes</span> <span class='ocrx_word' id='word_1_302' title='bbox 890 3867 957 3912; x_wconf 90' lang='lat' dir='ltr'>ut</span> <span class='ocrx_word' id='word_1_303' title='bbox 989 3849 1221 3930; x_wconf 91' lang='lat' dir='ltr'>duplici</span> <span class='ocrx_word' id='word_1_304' title='bbox 1255 3849 1387 3910; x_wconf 90' lang='lat' dir='ltr'>eius</span> <span class='ocrx_word' id='word_1_305' title='bbox 1420 3849 1484 3908; x_wconf 91' lang='lat' dir='ltr'>in</span> <span class='ocrx_word' id='word_1_306' title='bbox 1520 3868 1747 3929; x_wconf 90' lang='lat' dir='ltr'>corpus</span> <span class='ocrx_word' id='word_1_307' title='bbox 1777 3848 2006 3908; x_wconf 88' lang='lat' dir='ltr'>Christi</span> <span class='ocrx_word' id='word_1_308' title='bbox 2040 3863 2334 3928; x_wconf 86' lang='lat' dir='ltr'>potestate</span> <span class='ocrx_word' id='word_1_309' title='bbox 2369 3867 2447 3909; x_wconf 89' lang='lat' dir='ltr'>ne</span> <span class='ocrx_word' id='word_1_310' title='bbox 2482 3867 2760 3911; x_wconf 88' lang='lat' dir='ltr'>carerent</span> <span class='ocrx_word' id='word_1_311' title='bbox 2792 3852 2921 3926; x_wconf 83' lang='lat' dir='ltr'>sui3</span> <span class='ocrx_word' id='word_1_312' title='bbox 2974 3872 3107 3913; x_wconf 91' lang='lat' dir='ltr'>mo-</span> 
     </span>
     <span class='ocr_line' id='line_1_41' title="bbox 498 3954 3108 4039; baseline 0.001 -23"><span class='ocrx_word' id='word_1_313' title='bbox 498 3960 674 4019; x_wconf 88' lang='lat' dir='ltr'>vebat</span> <span class='ocrx_word' id='word_1_314' title='bbox 719 3959 940 4018; x_wconf 88' lang='lat' dir='ltr'>alteros</span> <span class='ocrx_word' id='word_1_315' title='bbox 977 3956 1305 4017; x_wconf 90' lang='lat' dir='ltr'>consilium</span> <span class='ocrx_word' id='word_1_316' title='bbox 1340 3955 1710 4039; x_wconf 86' lang='lat' dir='ltr'>expediendi</span> <span class='ocrx_word' id='word_1_317' title='bbox 1745 3955 2223 4035; x_wconf 87' lang='lat' dir='ltr'>quodammodo</span> <span class='ocrx_word' id='word_1_318' title='bbox 2257 3954 2375 4016; x_wconf 88' lang='lat' dir='ltr'>illis</span> <span class='ocrx_word' id='word_1_319' title='bbox 2409 3957 2638 4018; x_wconf 91' lang='lat' dir='ltr'>reditus</span> <span class='ocrx_word' id='word_1_320' title='bbox 2671 3960 2747 4019; x_wconf 90' lang='lat' dir='ltr'>ad</span> <span class='ocrx_word' id='word_1_321' title='bbox 2782 3958 3108 4019; x_wconf 87' lang='lat' dir='ltr'>unitatem:</span> 
     </span>
     <span class='ocr_line' id='line_1_42' title="bbox 499 4062 3110 4145; baseline 0 -19"><span class='ocrx_word' id='word_1_322' title='bbox 499 4066 773 4145; x_wconf 82' lang='lat' dir='ltr'>utrisque</span> <span class='ocrx_word' id='word_1_323' title='bbox 820 4085 969 4125; x_wconf 85' lang='lat' dir='ltr'>vero</span> <span class='ocrx_word' id='word_1_324' title='bbox 1017 4064 1135 4124; x_wconf 91' lang='lat' dir='ltr'>hoc</span> <span class='ocrx_word' id='word_1_325' title='bbox 1169 4082 1530 4144; x_wconf 88' lang='lat' dir='ltr'>persuasum</span> <span class='ocrx_word' id='word_1_326' title='bbox 1563 4082 1693 4122; x_wconf 89' lang='lat' dir='ltr'>esse</span> <span class='ocrx_word' id='word_1_327' title='bbox 1729 4062 2063 4140; x_wconf 89' lang='lat' dir='ltr'>videbatur,</span> <span class='ocrx_word' id='word_1_328' title='bbox 2100 4063 2220 4122; x_wconf 89' lang='lat' dir='ltr'>iam</span> <span class='ocrx_word' id='word_1_329' title='bbox 2253 4063 2471 4124; x_wconf 87' lang='lat' dir='ltr'>studiis</span> <span class='ocrx_word' id='word_1_330' title='bbox 2504 4063 2568 4124; x_wconf 86' lang='lat' dir='ltr'>in</span> <span class='ocrx_word' id='word_1_331' title='bbox 2602 4085 2677 4126; x_wconf 91' lang='lat' dir='ltr'>eo</span> <span class='ocrx_word' id='word_1_332' title='bbox 2709 4084 2934 4143; x_wconf 86' lang='lat' dir='ltr'>genere</span> <span class='ocrx_word' id='word_1_333' title='bbox 2967 4085 3110 4126; x_wconf 87' lang='lat' dir='ltr'>cum</span> 
     </span>
     <span class='ocr_line' id='line_1_43' title="bbox 497 4168 3112 4252; baseline 0 -20"><span class='ocrx_word' id='word_1_334' title='bbox 497 4187 687 4232; x_wconf 87' lang='lat' dir='ltr'>aetate</span> <span class='ocrx_word' id='word_1_335' title='bbox 733 4169 1051 4252; x_wconf 77' lang='lat' dir='ltr'>provectiS,</span> <span class='ocrx_word' id='word_1_336' title='bbox 1101 4168 1402 4247; x_wconf 88' lang='lat' dir='ltr'>novisque</span> <span class='ocrx_word' id='word_1_337' title='bbox 1448 4169 1788 4229; x_wconf 87' lang='lat' dir='ltr'>litterarum</span> <span class='ocrx_word' id='word_1_338' title='bbox 1836 4169 2265 4231; x_wconf 86' lang='lat' dir='ltr'>monumentis</span> <span class='ocrx_word' id='word_1_339' title='bbox 2312 4190 2383 4231; x_wconf 85' lang='lat' dir='ltr'>ex</span> <span class='ocrx_word' id='word_1_340' title='bbox 2437 4170 2746 4233; x_wconf 89' lang='lat' dir='ltr'>oblivione</span> <span class='ocrx_word' id='word_1_341' title='bbox 2779 4172 2983 4250; x_wconf 77' lang='lat' dir='ltr'>erutiS,</span> <span class='ocrx_word' id='word_1_342' title='bbox 3020 4192 3112 4232; x_wconf 90' lang='lat' dir='ltr'>re-</span> 
     </span>
     <span class='ocr_line' id='line_1_44' title="bbox 496 4276 3113 4358; baseline 0 -18"><span class='ocrx_word' id='word_1_343' title='bbox 496 4280 731 4340; x_wconf 81' lang='lat' dir='ltr'>tractari</span> <span class='ocrx_word' id='word_1_344' title='bbox 778 4276 1127 4339; x_wconf 87' lang='lat' dir='ltr'>auctoritate</span> <span class='ocrx_word' id='word_1_345' title='bbox 1163 4277 1386 4337; x_wconf 88' lang='lat' dir='ltr'>Nostra</span> <span class='ocrx_word' id='word_1_346' title='bbox 1435 4295 1679 4336; x_wconf 89' lang='lat' dir='ltr'>causam</span> <span class='ocrx_word' id='word_1_347' title='bbox 1728 4295 1860 4337; x_wconf 91' lang='lat' dir='ltr'>non</span> <span class='ocrx_word' id='word_1_348' title='bbox 1893 4276 2390 4358; x_wconf 88' lang='lat' dir='ltr'>inopportunum</span> <span class='ocrx_word' id='word_1_349' title='bbox 2428 4278 2577 4339; x_wconf 90' lang='lat' dir='ltr'>fore.</span> <span class='ocrx_word' id='word_1_350' title='bbox 2644 4280 2776 4340; x_wconf 90' lang='lat' dir='ltr'>Nos</span> <span class='ocrx_word' id='word_1_351' title='bbox 2808 4295 3012 4340; x_wconf 88' lang='lat' dir='ltr'>autem</span> <span class='ocrx_word' id='word_1_352' title='bbox 3045 4299 3113 4340; x_wconf 90' lang='lat' dir='ltr'>ea</span> 
     </span>
     <span class='ocr_line' id='line_1_45' title="bbox 496 4382 3115 4468; baseline 0.001 -23"><span class='ocrx_word' id='word_1_353' title='bbox 496 4385 750 4447; x_wconf 89' lang='lat' dir='ltr'>consilia</span> <span class='ocrx_word' id='word_1_354' title='bbox 800 4401 985 4464; x_wconf 87' lang='lat' dir='ltr'>atque</span> <span class='ocrx_word' id='word_1_355' title='bbox 1037 4397 1240 4462; x_wconf 88' lang='lat' dir='ltr'>optata</span> <span class='ocrx_word' id='word_1_356' title='bbox 1291 4382 1549 4442; x_wconf 90' lang='lat' dir='ltr'>minime</span> <span class='ocrx_word' id='word_1_357' title='bbox 1601 4383 2005 4463; x_wconf 75' lang='lat' dir='ltr'>negligenteS,</span> <span class='ocrx_word' id='word_1_358' title='bbox 2059 4385 2451 4465; x_wconf 82' lang='lat' dir='ltr'>maximeque</span> <span class='ocrx_word' id='word_1_359' title='bbox 2518 4387 2653 4447; x_wconf 88' lang='lat' dir='ltr'>voci</span> <span class='ocrx_word' id='word_1_360' title='bbox 2707 4389 3115 4468; x_wconf 88' lang='lat' dir='ltr'>obsequentes</span> 
     </span>
     <span class='ocr_line' id='line_1_46' title="bbox 498 4488 3115 4575; baseline 0.001 -23"><span class='ocrx_word' id='word_1_361' title='bbox 498 4492 865 4574; x_wconf 87' lang='lat' dir='ltr'>apostolicae</span> <span class='ocrx_word' id='word_1_362' title='bbox 911 4488 1189 4564; x_wconf 78' lang='lat' dir='ltr'>caritatiS,</span> <span class='ocrx_word' id='word_1_363' title='bbox 1238 4490 1595 4551; x_wconf 88' lang='lat' dir='ltr'>censuimus</span> <span class='ocrx_word' id='word_1_364' title='bbox 1642 4489 1793 4550; x_wconf 89' lang='lat' dir='ltr'>nihil</span> <span class='ocrx_word' id='word_1_365' title='bbox 1845 4509 1975 4550; x_wconf 90' lang='lat' dir='ltr'>non</span> <span class='ocrx_word' id='word_1_366' title='bbox 2022 4491 2276 4573; x_wconf 86' lang='lat' dir='ltr'>experiri</span> <span class='ocrx_word' id='word_1_367' title='bbox 2311 4493 2480 4572; x_wconf 91' lang='lat' dir='ltr'>quod</span> <span class='ocrx_word' id='word_1_368' title='bbox 2517 4493 2823 4555; x_wconf 88' lang='lat' dir='ltr'>videretur</span> <span class='ocrx_word' id='word_1_369' title='bbox 2854 4514 3115 4575; x_wconf 88' lang='lat' dir='ltr'>quoquo</span> 
     </span>
     <span class='ocr_line' id='line_1_47' title="bbox 500 4595 3115 4662; baseline 0.001 -3"><span class='ocrx_word' id='word_1_370' title='bbox 500 4600 695 4659; x_wconf 90' lang='lat' dir='ltr'>modo</span> <span class='ocrx_word' id='word_1_371' title='bbox 727 4599 1078 4659; x_wconf 90' lang='lat' dir='ltr'>conducere</span> <span class='ocrx_word' id='word_1_372' title='bbox 1111 4597 1186 4656; x_wconf 89' lang='lat' dir='ltr'>ad</span> <span class='ocrx_word' id='word_1_373' title='bbox 1221 4595 1569 4657; x_wconf 86' lang='lat' dir='ltr'>animarum</span> <span class='ocrx_word' id='word_1_374' title='bbox 1605 4598 1699 4657; x_wconf 88' lang='lat' dir='ltr'>vel</span> <span class='ocrx_word' id='word_1_375' title='bbox 1734 4598 2060 4658; x_wconf 89' lang='lat' dir='ltr'>avertenda</span> <span class='ocrx_word' id='word_1_376' title='bbox 2095 4598 2317 4659; x_wconf 89' lang='lat' dir='ltr'>damna</span> <span class='ocrx_word' id='word_1_377' title='bbox 2352 4600 2444 4659; x_wconf 90' lang='lat' dir='ltr'>vel</span> <span class='ocrx_word' id='word_1_378' title='bbox 2483 4601 2771 4661; x_wconf 87' lang='lat' dir='ltr'>utilitates</span> <span class='ocrx_word' id='word_1_379' title='bbox 2803 4601 3115 4662; x_wconf 67' lang='lat' dir='ltr'>fovendas</span> 
     </span>
    </p>

    <p class='ocr_par' dir='ltr' id='par_1_13' title="bbox 501 4703 3120 4999">
     <span class='ocr_line' id='line_1_48' title="bbox 713 4703 3119 4786; baseline 0.001 -20"><span class='ocrx_word' id='word_1_380' title='bbox 713 4705 948 4766; x_wconf 86' lang='lat' dir='ltr'>Placuit</span> <span class='ocrx_word' id='word_1_381' title='bbox 992 4704 1180 4783; x_wconf 81' lang='lat' dir='ltr'>igitur</span> <span class='ocrx_word' id='word_1_382' title='bbox 1226 4705 1302 4764; x_wconf 93' lang='lat' dir='ltr'>de</span> <span class='ocrx_word' id='word_1_383' title='bbox 1344 4703 1717 4763; x_wconf 88' lang='lat' dir='ltr'>retractanda</span> <span class='ocrx_word' id='word_1_384' title='bbox 1753 4723 1931 4764; x_wconf 89' lang='lat' dir='ltr'>causa</span> <span class='ocrx_word' id='word_1_385' title='bbox 1967 4704 2407 4782; x_wconf 85' lang='lat' dir='ltr'>benignissime</span> <span class='ocrx_word' id='word_1_386' title='bbox 2441 4706 2795 4786; x_wconf 89' lang='lat' dir='ltr'>indulgere:</span> <span class='ocrx_word' id='word_1_387' title='bbox 2848 4707 2925 4767; x_wconf 88' lang='lat' dir='ltr'>ita</span> <span class='ocrx_word' id='word_1_388' title='bbox 2958 4728 3119 4778; x_wconf 85' lang='lat' dir='ltr'>sane,</span> 
     </span>
     <span class='ocr_line' id='line_1_49' title="bbox 501 4809 3118 4896; baseline 0.001 -24"><span class='ocrx_word' id='word_1_389' title='bbox 501 4828 566 4872; x_wconf 88' lang='lat' dir='ltr'>ut</span> <span class='ocrx_word' id='word_1_390' title='bbox 600 4833 708 4894; x_wconf 84' lang='lat' dir='ltr'>per</span> <span class='ocrx_word' id='word_1_391' title='bbox 741 4830 1053 4873; x_wconf 89' lang='lat' dir='ltr'>summam</span> <span class='ocrx_word' id='word_1_392' title='bbox 1088 4830 1284 4872; x_wconf 90' lang='lat' dir='ltr'>novae</span> <span class='ocrx_word' id='word_1_393' title='bbox 1319 4809 1770 4889; x_wconf 88' lang='lat' dir='ltr'>disquisitionis</span> <span class='ocrx_word' id='word_1_394' title='bbox 1803 4811 2156 4889; x_wconf 90' lang='lat' dir='ltr'>sollertiam,</span> <span class='ocrx_word' id='word_1_395' title='bbox 2190 4812 2395 4873; x_wconf 86' lang='lat' dir='ltr'>omnis</span> <span class='ocrx_word' id='word_1_396' title='bbox 2428 4812 2493 4873; x_wconf 88' lang='lat' dir='ltr'>in</span> <span class='ocrx_word' id='word_1_397' title='bbox 2529 4830 2842 4894; x_wconf 86' lang='lat' dir='ltr'>posterum</span> <span class='ocrx_word' id='word_1_398' title='bbox 2867 4814 2960 4874; x_wconf 90' lang='lat' dir='ltr'>vel</span> <span class='ocrx_word' id='word_1_399' title='bbox 2982 4835 3118 4896; x_wconf 91' lang='lat' dir='ltr'>spe-</span> 
     </span>
     <span class='ocr_line' id='line_1_50' title="bbox 501 4916 3120 4999; baseline 0.001 -20"><span class='ocrx_word' id='word_1_400' title='bbox 501 4921 621 4980; x_wconf 89' lang='lat' dir='ltr'>cies</span> <span class='ocrx_word' id='word_1_401' title='bbox 655 4919 911 4999; x_wconf 89' lang='lat' dir='ltr'>quidem</span> <span class='ocrx_word' id='word_1_402' title='bbox 944 4918 1268 4980; x_wconf 89' lang='lat' dir='ltr'>dubitandi</span> <span class='ocrx_word' id='word_1_403' title='bbox 1303 4933 1459 4979; x_wconf 89' lang='lat' dir='ltr'>esset</span> <span class='ocrx_word' id='word_1_404' title='bbox 1491 4934 1743 4978; x_wconf 87' lang='lat' dir='ltr'>remota.</span> <span class='ocrx_word' id='word_1_405' title='bbox 1779 4916 2181 4998; x_wconf 88' lang='lat' dir='ltr'>Quapropter</span> <span class='ocrx_word' id='word_1_406' title='bbox 2209 4935 2375 4979; x_wconf 89' lang='lat' dir='ltr'>certo</span> <span class='ocrx_word' id='word_1_407' title='bbox 2399 4939 2662 4984; x_wconf 89' lang='lat' dir='ltr'>numero</span> <span class='ocrx_word' id='word_1_408' title='bbox 2684 4920 2824 4981; x_wconf 84' lang='lat' dir='ltr'>viris</span> <span class='ocrx_word' id='word_1_409' title='bbox 2847 4922 3120 4982; x_wconf 89' lang='lat' dir='ltr'>doctrina</span> 
     </span>
    </p>
   </div>
   <div class='ocr_carea' id='block_1_13' title="bbox 2772 5023 2873 5091">
    <p class='ocr_par' dir='ltr' id='par_1_14' title="bbox 2772 5023 2873 5091">
     <span class='ocr_line' id='line_1_51' title="bbox 2772 5023 2873 5091; baseline 0 -15"><span class='ocrx_word' id='word_1_410' title='bbox 2772 5023 2873 5091; x_wconf 69' lang='lat'>24*</span> 
     </span>
    </p>
   </div>
  </div>
 </body>
</html>
