3684 5416
1432 387 1687 444 Ecclesia
1712 387 2122 457 antiquissima.
3007 407 3084 476 4}

468 569 587 633 XI
792 571 936 633 Non
968 572 1135 633 enim
1168 573 1500 650 credimus,
1526 571 1754 647 fratres,

794 677 993 740 lotum
1027 698 1411 761 quemquam
1442 680 1645 742 adhuc
1678 699 1860 760 agere
1891 680 2216 758 gentilium

795 787 1165 848 execrandas
1197 787 1563 868 iniquitates,
1599 787 1902 868 quoniam
1934 803 2162 849 notum

797 909 886 955 est
917 893 1232 970 omnibus,
1264 895 1456 974 quod,
1489 894 1540 957 si
1573 894 1714 975 quis
1747 895 2089 975 peccauerit
2123 894 2239 956 ini·

390 1020 412 1063 5
796 1020 994 1079 quum
1028 999 1258 1081 aliquid
1294 1018 1430 1083 post
1463 1001 1858 1083 baptismum,
1889 1001 1990 1064 hic
2020 1001 2086 1063 in
2118 1002 2351 1080 gehen-

798 1126 875 1168 na
907 1109 1381 1171 condemnatur.
1443 1109 1849 1192 suspicamur
1879 1126 2084 1172 autem

797 1231 853 1275 et
884 1213 1230 1276 blasfemari
1264 1234 1381 1277 nos
1414 1237 1446 1277 a
1477 1215 1815 1296 gentilibus
1847 1236 1944 1294 e0,
1979 1217 2152 1297 quod
2187 1216 2310 1280 iam

798 1340 930 1382 non
962 1321 1048 1383 eis
1081 1322 1416 1385 miscemur
1446 1342 1561 1385 nec
1594 1324 2115 1406 compopulamur

797 1448 939 1489 cum
976 1429 1084 1494 eis.
1147 1430 1220 1490 Et
1252 1448 1358 1510 per
1391 1430 1712 1493 falsitatem
1744 1429 2068 1511 gentilium
2101 1429 2261 1492 ueri-

365 1552 417 1583 ιο
793 1550 981 1597 tatem
1013 1534 1223 1598 fratres
1257 1538 1449 1599 nostri
1482 1537 1752 1600 adsecuti
1783 1552 1952 1614 sunt,
1985 1538 2062 1600 de
2096 1537 2235 1618 qui-

795 1643 913 1703 bus
943 1643 1179 1705 dictum
1213 1659 1302 1704 est
1333 1643 1397 1705 in
1429 1643 1835 1723 euuangelio:
1902 1644 2121 1707 Beati
2172 1644 2434 1721 eritis,

796 1769 965 1810 cum
1018 1751 1733 1832 inproperauerint
1783 1751 2014 1814 uobis
2060 1767 2133 1814 et
2179 1751 2532 1813 dixerint

796 1875 1024 1918 omne
1073 1858 1357 1919 malum
1405 1873 1683 1920 contra
1735 1877 1878 1919 uos
1926 1858 2427 1921 mentientes,

796 1962 1156 2025 Gaudete
1205 1980 1276 2025 et
1322 1965 1770 2042 laetamini,
1817 1966 2202 2045 quoniam
2251 1984 2556 2027 merces

367 2086 417 2130 ¹5
799 2084 1064 2129 uestra
1116 2088 1387 2150 magna
1435 2085 1551 2131 est
1599 2070 1674 2132 in
1723 2070 2010 2141 caelis;
2061 2070 2173 2133 sic
2221 2070 2430 2131 enim
2483 2089 2746 2151 perse-

797 2176 958 2237 cuti
1007 2192 1192 2238 sunt
1239 2177 1615 2258 profetas.
1675 2178 1741 2239 Si
1773 2177 1915 2258 quis
1946 2196 2098 2257 ergo
2128 2176 2453 2238 blasfema-

796 2298 896 2343 tur
926 2302 1035 2365 per
1065 2284 1482 2360 mendacium,
1515 2286 1731 2346 beatus
1761 2299 1871 2360 est,
1904 2284 2134 2364 quoni·

797 2409 897 2450 am
928 2405 1276 2472 temptatur.
1344 2392 1504 2454 Dicit
1533 2392 1699 2454 enim
1729 2391 2061 2471 scriptura:
2097 2390 2153 2453 U
2174 2390 2264 2465 ir,

796 2498 930 2577 qui
980 2516 1137 2559 non
1184 2515 1300 2560 est
1344 2513 1813 2581 temptatus,
1865 2517 2022 2560 non
2067 2513 2182 2559 est
2231 2498 2624 2578 probatus
2668 2517 2700 2557 a
2735 2494 2957 2573 D(e)o.
3019 2494 3090 2556 Si

364 2623 420 2655 20
798 2605 905 2684 qui
939 2622 1143 2666 autern
1178 2606 1502 2671 conuictus
1534 2604 1735 2683 fuerit,
1771 2606 1918 2685 quia
1950 2604 2070 2685 egit

796 2714 1009 2794 aliquit
1040 2713 1350 2795 iniquum,
1381 2715 1490 2796 qui
1521 2714 1657 2776 talis
1689 2729 1799 2790 est,
1831 2733 1964 2775 non
1996 2729 2084 2774 est
2117 2711 2418 2791 Chr(ist)i-

797 2841 972 2898 anus,
1005 2824 1199 2903 magis
1229 2838 1435 2883 autem
1470 2841 1577 2904 per
1608 2821 1991 2904 hypocrisim
2023 2820 2331 2897 d(omi)no

802 2929 1094 2990 mentitus
1125 2945 1234 2990 est.
1298 2929 1485 2992 Unde
1516 2931 1597 2991 ab
1625 2928 1743 3006 his,
1775 2929 1884 3009 qui
1915 2928 2066 2990 tales
2096 2943 2264 3000 sunt,

798 3053 943 3096 cum
975 3035 1242 3097 conuicti
1276 3034 1519 3111 fuerint,
1552 3035 1760 3097 uerius
1792 3053 1938 3097 cum
1973 3032 2198 3095 fiducia

366 3161 418 3204 25
797 3161 860 3202 se
893 3141 1191 3204 abstineat
1219 3142 1566 3222 episcopus,
1601 3141 1709 3220 qui
1741 3140 1876 3204 sine
1908 3139 2204 3201 offensio-

798 3266 876 3309 ne
909 3264 998 3309 est
1029 3263 1087 3308 et
1119 3267 1253 3311 non
1280 3247 1532 3329 accipiat
1562 3265 1914 3330 personam.
1979 3246 2044 3309 Si
2076 3261 2286 3309 autem

797 3371 855 3416 et
887 3355 1014 3436 ipse
1047 3374 1178 3416 non
1212 3371 1300 3415 est
1332 3357 1535 3417 bonae
1567 3354 1976 3417 conscientiae
2010 3368 2069 3414 et
2103 3373 2241 3434 per-

797 3481 1019 3524 sonam
1050 3461 1345 3543 acceperit
1378 3477 1625 3543 propter
1655 3461 1979 3541 quoddam

795 3585 970 3655 turpe
1001 3568 1247 3632 lucrum
1282 3584 1342 3631 et
1374 3568 1709 3649 pepercerit
1738 3567 1814 3645 ei,
1850 3567 1960 3647 qui
1993 3567 2206 3647 inique

366 3697 421 3741 30
797 3691 1024 3757 peccat,
1059 3692 1117 3738 et
1149 3675 1440 3757 permittit
1470 3695 1617 3737 eum
1651 3675 1715 3735 in
1747 3674 2002 3739 ecclesia
2033 3693 2163 3736 ma·

800 3802 962 3863 nere,
996 3783 1095 3845 hic
1126 3782 1536 3863 conquinauit
1567 3782 1890 3845 ecclesiam
1920 3799 2098 3844 suam

797 3891 873 3951 ad
907 3891 1155 3969 D(eu)m
1187 3906 1246 3953 et
1277 3892 1357 3952 ad
1387 3890 1676 3953 homines
1706 3905 1764 3952 et
1797 3889 2029 3950 multos
2063 3886 2328 3950 neofitos

796 4014 854 4059 et
887 4000 1310 4062 catecuminos
1339 4014 1397 4060 et
1428 3998 1689 4060 iuuenes
1721 4011 1785 4058 et
1812 3994 2087 4058 iuniores
2121 4014 2237 4075 pu-

798 4105 944 4166 ellas
975 4106 1185 4188 perdet
1216 4125 1363 4168 cum
1393 4124 1487 4167 eo.
1549 4105 1664 4166 Per
1695 4101 2228 4183 intemperantiam
2269 4100 2279 4184 Ι
2320 4118 2498 4161 suam

365 4235 417 4279 35
476 4214 624 4278 XII
794 4214 927 4274 sine
961 4234 1147 4275 sensu
1178 4214 1399 4290 effecti,
1435 4211 1716 4274 uidentes
1748 4211 1942 4287 enim,
1973 4208 2084 4290 qui
2114 4207 2247 4270 tatis

796 4340 901 4399 est,
933 4324 1089 4384 inter
1120 4343 1183 4383 se
1218 4322 1512 4403 incipient
1542 4322 1889 4383 discernere
1921 4334 2069 4400 aput
2101 4337 2166 4379 se
2202 4333 2261 4378 et

798 4430 1016 4493 imitari
1051 4451 1217 4508 eum,
1254 4447 1310 4492 et
1344 4429 1456 4512 ipsi
1489 4427 2016 4504 scandalizabitur,
2053 4441 2112 4487 et

798 4538 1116 4620 participes
1149 4559 1280 4599 esse
1315 4553 1373 4598 et
1404 4536 1769 4599 infirmitatis
1801 4534 1935 4596 eius
1967 4534 2122 4615 peri-

798 4649 954 4707 bunt
987 4664 1130 4706 cum
1165 4666 1259 4706 eo.
1325 4644 1391 4705 Si
1422 4660 1630 4707 autem
1663 4642 1887 4704 uiderit
1917 4641 2037 4716 hic,
2071 4640 2180 4720 qui

364 4771 420 4811 ⁴0
798 4768 1023 4834 peccat,
1057 4752 1423 4833 episcopum
1459 4766 1519 4811 et
1550 4750 1852 4811 diaconos
1883 4747 2244 4810 innocentes

795 4878 853 4922 et
885 4861 1120 4923 alienos
1153 4881 1186 4921 a
1218 4859 1471 4921 crimine
1505 4873 1563 4918 et
1593 4876 1849 4937 gregem
1883 4852 2238 4931 mundu(m)

795 4969 1215 5046 constitutum,
1249 4966 1522 5049 primum
1555 4965 1811 5045 quidem
1848 4981 1978 5025 non
2011 4982 2084 5022 u-
