3684 5416
446 1423 494 1455 to

446 1959 490 2001 ¹5

443 2494 498 2526 20

449 3564 501 3607 '30

450 4100 498 4142 35

1190 362 1455 417 Potestas
1494 362 1874 418 ecclesiastica
1916 376 1972 418 et
2011 362 2312 434 imperium
2355 361 2530 416 civile.
3062 379 3163 434 239

547 540 914 594 Grundrecht
944 542 1044 594 der
1071 542 1582 612 Reltgtbnsfreiheit.
1626 540 1860 614 Leipzig
1898 541 2047 614 189¹.
2076 560 2130 614 p.
2155 560 2230 615 49
2254 558 2377 612 seq.
2428 542 2468 594 1>
2487 540 2727 612 hilipp
2747 540 2762 595 i
2780 582 2792 604 ‚
2833 545 2951 596 Der
2986 542 3161 595 West·

539 617 820 689 phdltkche
857 619 1062 674 Friede.
1122 620 1382 675 Munster
1418 620 1564 691 1898.
1641 621 1688 676 R
1709 620 1721 676 i
1744 640 1774 676 e
1793 623 1829 676 k
1850 640 1881 676 e
1900 641 1956 684 r,
2008 624 2110 676 Die
2151 621 2441 676 rechtliche
2476 623 2725 691 Stellung
2760 622 2862 675 der
2896 624 3161 692 evangeli-

545 698 707 751 sclecn
747 699 947 753 Kirche
970 702 1392 756 Deutschlands.
1434 701 1665 774 Leipzig
1702 702 1853 776 1893.
1895 720 1949 774 p.
1980 721 2078 774 275
2110 720 2230 774 seq.
2281 702 2426 757 Ruf
2440 701 2466 756 f
2474 701 2607 765 ini,
2646 705 2860 757 Libertci
2890 705 3163 773 religiosa.

547 796 600 849 p.
643 796 746 850 227
786 795 906 850 seq.
982 781 1255 845 Bonin,
1307 785 1411 836 Die
1452 783 1770 854 praktische
1809 784 2130 851 Bedeutung
2182 784 2277 837 des
2328 787 2411 837 ius
2461 783 2823 851 reformandi.
2887 781 3162 844 (Stutz‚

548 859 834 914 Kirchenr.
873 861 1007 917 Ahh.
1047 861 1112 920 1.)
1151 880 1204 933 p.
1234 861 1318 924 28,
1350 880 1435 934 59.
1463 863 1550 932 78.

1484 957 1903 1019 Articulus
1953 957 2023 1021 V.

761 1082 790 1142 S
835 1095 882 1135 t.
950 1074 989 1137 1.
1041 1075 1401 1138 Transactio
1434 1097 1483 1136 a.
1531 1096 1689 1156 ¹552
1728 1076 1989 1137 Passavii
2035 1076 2181 1137 inita
2215 1092 2274 1136 et
2306 1077 2465 1138 hanc
2497 1097 2548 1137 a.
2594 1096 2750 1156 ¹555
2800 1094 3002 1139 secuta
3049 1097 3164 1159 pax

547 1179 859 1259 religionis
911 1201 1067 1263 prou
1116 1203 1184 1244 ea
1233 1203 1402 1245 anno
1466 1185 1625 1263 1566
1665 1188 1980 1265 Augustae
2014 1182 2482 1244 Vindelicorum
2528 1199 2589 1244 et
2631 1201 2772 1265 post
2817 1185 2880 1245 in
2912 1185 3165 1246 diversis

547 1288 698 1350 sacri
723 1288 987 1351 Romani
1023 1290 1266 1372 Imperii
1289 1290 1574 1353 Comitiis
1596 1290 2046 1352 universalibus
2077 1289 2433 1350 confirmata
2467 1289 2583 1351 fnit
2616 1291 2678 1351 in
2712 1291 3006 1352 omnibus
3037 1290 3164 1352 suis

547 1397 822 1477 capitulis
887 1398 1168 1459 unanimi
1217 1398 1625 1479 ImperatoriS,
1684 1398 2058 1475 Electorum,
2115 1397 2466 1479 Principum
2513 1414 2571 1459 et
2604 1398 2891 1460 Statuum
2939 1399 3162 1460 utrius-

549 1524 672 1585 que
694 1504 1034 1584 Religionis
1055 1523 1358 1566 consensu
1392 1504 1557 1565 initis
1589 1524 1658 1565 ac
1690 1505 1995 1566 conclusis
2028 1520 2151 1565 rata
2188 1507 2483 1567 habeatur
2514 1520 2842 1585 sancteque
2877 1522 2936 1567 et
2966 1505 3161 1567 invio-

548 1611 806 1673 labiliter
848 1628 1139 1674 servetur.
1207 1611 1387 1688 Quae
1433 1631 1580 1673 vero
1628 1613 1703 1672 de
1755 1612 2078 1674 nonnullis
2111 1613 2174 1672 in
2208 1633 2276 1673 ea
2310 1613 2579 1674 articulis
2611 1614 3019 1674 controversis
3053 1615 3165 1676 hac

549 1720 955 1781 transactione
1003 1720 1321 1781 communi
1368 1719 1632 1801 partium
1680 1719 1906 1800 placito
1944 1734 2165 1781 statuta
2198 1736 2358 1794 sunt,
2391 1740 2460 1780 ea
2495 1738 2608 1800 pro
2642 1735 2934 1802 perpetua
2967 1722 3164 1783 dictae

550 1826 711 1908 pacis
742 1826 1169 1903 declaratione,
1202 1840 1326 1887 tam
1363 1828 1422 1887 in
1457 1825 1696 1887 iudiciis
1729 1846 1919 1906 quam
1953 1826 2093 1887 alibi
2114 1827 2510 1904 observanda,
2532 1827 2944 1903 habebuntur,
2967 1829 3165 1889 donec

548 1953 657 2015 per
678 1933 790 1995 Dei
822 1933 1078 2012 gratiam
1112 1934 1188 1993 de
1224 1932 1549 2013 Religione
1583 1933 1707 2014 ipsa
1743 1933 2119 2008 convenerit,
2157 1952 2285 1993 non
2309 1947 2529 1993 attenta
2549 1933 2817 1994 cuiusvis
2839 1954 2949 1995 seu
2971 1934 3162 1996 eccle-

549 2040 770 2102 siastici
814 2061 924 2103 seu
977 2040 1208 2122 politici
1240 2040 1397 2101 intra
1430 2041 1526 2101 vel
1557 2056 1722 2102 extra
1758 2041 2116 2121 Imperium,
2165 2058 2549 2120 quocunque
2582 2055 2859 2120 tempore
2894 2041 3163 2122 interpo-

549 2148 654 2208 sita
703 2147 1183 2207 contradictione
1232 2146 1325 2207 vel
1377 2147 1834 2226 protestatione,
1891 2166 2047 2227 quae
2099 2165 2320 2207 omnes
2371 2147 2583 2207 inanes
2629 2161 2688 2206 et
2734 2146 2904 2207 nihili
2952 2147 3163 2227 vigore

551 2256 775 2315 horum
825 2253 1228 2315 declarantur.
1291 2254 1358 2314 ln
1407 2254 1658 2334 reliquis
1703 2253 2000 2315 omnibus
2033 2268 2239 2314 autem
2273 2253 2428 2313 inter
2467 2252 2789 2333 utriusque
2825 2252 3164 2332 Religionis

551 2362 860 2438 electoreS,
897 2360 1225 2442 Principes,
1247 2360 1453 2421 Status
1487 2380 1707 2422 omnes
1727 2377 1787 2422 et
1808 2361 2089 2442 singulos
2122 2361 2198 2420 sit
2226 2359 2558 2440 aequalitas
2578 2374 2778 2420 exacta
2799 2373 3161 2439 mutuaque,

552 2483 860 2548 quatenus
892 2467 1124 2529 formae
1155 2468 1543 2550 reipublicae,
1576 2469 2125 2531 constitutionibus
2175 2466 2413 2548 imperii
2464 2481 2522 2527 et
2554 2467 2854 2549 praesenti
2890 2483 3163 2527 conven-

550 2576 703 2636 tioni
757 2575 1095 2636 conformis
1146 2591 1255 2653 est,
1307 2575 1385 2635 ita
1438 2591 1503 2636 ut
1557 2575 1725 2655 quod
1775 2575 1884 2637 uni
1934 2575 2083 2654 parti
2136 2575 2370 2635 iustum
2415 2590 2524 2650 est,
2570 2573 2738 2634 alteri
2785 2592 3042 2654 quoque
3089 2573 3165 2633 sit

553 2682 803 2759 iustum,
836 2682 1118 2745 violentia
1151 2683 1325 2744 omni
1360 2697 1419 2744 et
1450 2682 1542 2744 via
1580 2681 1735 2759 facti,
1773 2697 1840 2744 ut
1873 2682 2034 2758 alias,
2072 2683 2147 2743 ita
2181 2698 2240 2743 et
2275 2682 2371 2743 bic
2405 2682 2559 2743 inter
2581 2696 2907 2761 utramque
2930 2693 3161 2761 partem

554 2804 849 2871 perpetuo
882 2789 1207 2871 prohibita.

765 2906 794 2966 s
833 2917 886 2958 2.
950 2897 1287 2958 Terminus
1336 2918 1368 2957 a
1424 2916 1551 2976 quo
1606 2896 2005 2958 restitutionis
2056 2897 2118 2957 in
2171 2895 2588 2958 ecclesiasticis
2634 2910 2692 2955 et
2738 2913 2895 2973 quae
2940 2893 3164 2954 intuitu

476 3030 494 3063 ς
554 3023 771 3065 eorum
821 3005 885 3065 in
931 3004 1194 3085 politicis
1239 3019 1468 3065 mutata
1501 3020 1662 3081 sunt,
1694 3004 1767 3064 sit
1801 3004 1933 3065 dies
1964 3005 2004 3064 l.
2039 3003 2309 3065 Januarii
2341 3001 2488 3063 anni
2534 3003 2716 3080 1624.
2803 2999 2930 3061 Fiat
2963 3000 3165 3080 itaque

554 3111 849 3173 restitutio
882 3112 1168 3172 omnium
1203 3111 1578 3184 Electorum,
1627 3111 1984 3191 Principum
2034 3125 2094 3171 et
2140 3109 2425 3171 Statuum
2478 3108 2803 3189 utriusque
2852 3105 3167 3186 religionis

554 3220 998 3300 comprehensa
1045 3217 1228 3280 libera
1261 3218 1506 3299 Imperii
1540 3219 1873 3279 Nobilitate
1928 3235 1993 3278 ut
2025 3234 2083 3278 et
2115 3216 2619 3279 Comunitatibus
2651 3231 2710 3276 et
2744 3214 2918 3294 Pagis
2949 3213 3163 3274 imme—

554 3326 723 3387 diatis
769 3326 1039 3408 plenarie
1086 3343 1143 3387 et
1190 3345 1373 3406 pure;
1441 3325 1683 3386 cassatis
1745 3324 2040 3386 omnibus
2088 3325 2328 3385 interim
2376 3322 2720 3384 istiusmodi
2772 3321 2970 3382 causis
3036 3322 3166 3381 latis

555 3433 871 3515 publicatis
904 3450 961 3494 et
995 3433 1283 3494 institutis
1314 3432 1628 3493 sententiis
1660 3432 1935 3501 decretis,
1968 3431 2494 3502 transactionibus,
2526 3429 2715 3510 pactis
2746 3448 2856 3489 seu
2878 3427 3165 3488 dedititiis

555 3562 662 3601 seu
694 3540 827 3601 aliis
858 3556 915 3600 et
937 3540 1426 3609 executionibus;
1463 3539 1820 3600 reductione
1862 3539 1938 3599 ad
1972 3553 2193 3598 statum
2234 3537 2375 3596 dicti
2409 3536 2556 3597 anni
2589 3536 2835 3616 dieique
2870 3536 2927 3595 in
2963 3534 3165 3595 omni-

554 3649 669 3708 bus
702 3648 871 3708 facta.

765 3763 794 3823 s
835 3774 887 3834 3.
954 3754 1241 3815 Civitates
1276 3762 1556 3831 Augusta
1594 3752 2082 3826 vindelicorum,
2137 3749 2664 3830 Dunckelspuhla,
2710 3748 3075 3808 Biberacum
3109 3762 3166 3806 et

555 3862 1068 3939 Ravensburgum
1103 3862 1401 3922 retineant
1434 3863 1616 3933 bona,
1654 3861 1786 3921 iura
1820 3876 1879 3921 et
1911 3858 2268 3920 exercitium
2306 3855 2648 3935 Religionis
2681 3854 2822 3915 dicti
2843 3852 2989 3914 anni
3009 3853 3165 3913 diei-

555 3986 710 4047 que:
774 3969 880 4029 sed
933 3967 1167 4028 ratione
1209 3968 1578 4047 dignitatum
1612 3966 2059 4027 senatoriarum
2092 3965 2479 4044 aliorumque
2514 3981 2849 4024 munerum
2885 3961 3166 4042 publico-

555 4093 693 4133 rum
725 4074 800 4134 sit
832 4074 987 4135 inter
1020 4074 1262 4153 utrique
1299 4073 1607 4154 Religioni
1639 4072 1915 4133 addictos
1948 4072 2281 4152 aequalitas
2313 4071 2602 4150 idemque
2638 4087 2953 4131 numerus.

768 4190 797 4248 S
830 4201 888 4260 4.
951 4181 1017 4241 ln
1065 4181 1264 4261 specie
1315 4195 1521 4240 autem
1572 4180 1780 4259 quoad
1824 4179 2125 4240 civitatem
2160 4184 2526 4256 Augustam,
2561 4177 2677 4237 sint
2708 4192 2942 4257 septem
2976 4174 3164 4234 Sena-

556 4303 719 4349 tores
751 4287 1009 4349 Consilii
1056 4286 1395 4349 secretioris
1442 4307 1513 4347 ex
1548 4285 1786 4346 familiis
1820 4285 2083 4366 patriciis
2116 4284 2350 4363 delecti,
2386 4304 2457 4344 ex
2493 4284 2586 4344 his
2620 4283 2929 4364 desumpti
2960 4282 3165 4362 reipu-

557 4395 746 4455 blicae
782 4394 1093 4455 Praesides
1144 4397 1292 4471 du0,
1345 4394 1531 4473 vulgo
1583 4392 1988 4474 Stadtpfleger
2036 4393 2193 4468 dicti,
2243 4412 2410 4453 unus
2459 4392 2535 4451 sit
2585 4391 2967 4465 Catholicus,
3020 4389 3168 4448 alter

558 4509 955 4582 Augustanae
988 4501 1432 4577 Confessionis,
1477 4521 1549 4562 ex
1597 4500 1848 4581 reliquis
1894 4500 2172 4581 quinque
2218 4514 2339 4559 tres
2372 4499 2725 4561 Catholicae
2762 4496 3066 4576 Religloni
3109 4511 3167 4556 et

559 4613 686 4672 duo
720 4617 1116 4693 Augustanae
1150 4609 1546 4671 Confessioni
1594 4609 1838 4680 addicti,
1876 4609 2202 4669 Senatores
2249 4606 2470 4686 reliqui
2502 4606 2786 4683 SenatuS,
2824 4620 2890 4664 ut
2922 4620 3163 4677 vocant,

561 4718 834 4794 minoris,
881 4737 996 4780 nec
1041 4737 1170 4779 non
1203 4716 1474 4799 Syndici,
1506 4722 1865 4778 Assessores
1896 4714 2110 4776 ludicii
2146 4714 2380 4776 Urbani
2427 4714 2647 4793 aliique
2682 4711 2991 4773 Officiales
3024 4730 3166 4772 om-

560 4844 670 4885 nes
715 4826 836 4886 sint
881 4826 1120 4906 aequali
1167 4844 1432 4887 numero
1482 4824 1801 4903 utriusque
1836 4822 2192 4901 Religionis.
2256 4822 2634 4897 Quaestores
2665 4820 2750 4880 rei
2786 4818 3166 4880 nummariae

560 4933 679 4993 sint
710 4949 850 5011 treS,
885 4953 1155 5014 quorum
1193 4934 1322 4995 duo
1357 4932 1561 5009 unius,
1580 4931 1789 4992 tertius
1811 4930 2081 4990 diversae
2105 4927 2460 5009 ReligioniS,
2483 4928 2559 4989 ita
2581 4928 2855 5007 quidem,
2876 4942 2942 4987 ut
2963 4925 3165 5006 primo
