3684 5416
632 1154 659 1202 5

610 1670 662 1705 to

611 2204 659 2249 ι5

604 3270 655 3315 ²5

601 3804 657 3849 30

597 4335 650 4382 35

717 382 821 457 598
1893 388 2155 460 Capituli.

1355 634 1485 692 245.
1541 635 2055 693 INNGCERTIUS
2093 638 2214 694 111.
2250 637 2685 708 (llos-1216).

976 799 1043 870 a)
1095 797 1600 854 Innocentius
1638 800 1752 854 111.
1793 800 2193 872 Clugiensi
2233 800 2656 872 Episcopo,
2693 799 2765 854 in
2804 816 2850 855 c.
2891 819 2941 873 9.
2984 800 3055 854 X.

1639 882 1707 935 de
1742 884 2235 939 constitutionibus.
2275 882 2313 935 l.
2355 900 2403 935 2.

930 1014 958 1043 ⁶
1009 1015 1166 1086 Corp.
1191 1017 1439 1069 iuna-an.
1462 1017 1550 1070 ed.
1590 1015 2024 1087 Friedberg.
2064 1014 2703 1071 Tom.11.col.11—12.
2745 1012 3330 1083 Potthast,n.88.

716 1137 851 1192 Non
891 1140 1160 1193 obstante
1201 1152 1359 1194 certo
1403 1138 1816 1194 canonicorum
1857 1157 2120 1205 numer0.
2162 1139 2332 1194 etiam
2361 1158 2462 1212 per
2486 1141 2706 1212 Papam
2734 1137 3101 1201 confirmato,
3130 1137 3326 1210 provi-

716 1217 970 1272 dendum
1011 1231 1097 1273 est
1135 1219 1379 1290 receptis
1422 1220 1565 1274 ultra
1605 1237 1912 1275 numerum
1954 1222 2024 1274 de
2051 1219 2688 1292 superexcrescentibus
2715 1218 3030 1287 fructibus;
3072 1218 3323 1272 maxime

1346 1299 1391 1354 si
1418 1300 1736 1356 voluntarie
1762 1319 1868 1372 per
1892 1300 2205 1356 canonicos
2234 1299 2444 1356 fuerint
2470 1301 2701 1372 recepti.

930 1413 1151 1489 Quum
1187 1413 1487 1475 Martinus
1521 1415 1569 1475 F
1572 1414 1924 1476 errariensis
1968 1415 2009 1490 †
2060 1419 2417 1489 canonicus,
2447 1413 2543 1489 F„
2593 1415 2705 1488 W„
2737 1414 2812 1477 B.
2845 1421 2906 1475 et
2932 1412 3035 1490 G„
3070 1414 3331 1474 canoni-

713 1544 922 1583 corum
956 1521 1473 1596 Ferrariensium,
1506 1530 1567 1583 et
1594 1525 1890 1603 magister
1920 1521 2003 1583 G.
2026 1521 2455 1584 Ferrariensis
2486 1523 2751 1603 capituli
2760 1529 3214 1603 procuratores
3251 1522 3336 1581 ad

715 1631 914 1691 sedem
962 1630 1357 1711 apostolicam
1405 1632 1821 1708 accessissent,
1866 1639 2051 1711 super
2096 1632 2474 1710 quaestione,
2520 1650 2700 1710 quam
2760 1631 2834 1690 de
2862 1628 3246 1710 praebendis
3278 1636 3336 1687 et

714 1735 1010 1797 reditibus
1042 1735 1348 1796 habebant
1375 1736 1459 1796 ad
1488 1738 1770 1810 invicem,
1817 1736 2107 1796 dilectum
2120 1737 2344 1815 filium
2377 1743 2652 1797 nostrum
2686 1738 2750 1797 S.
2782 1736 3034 1797 Mariae
3070 1738 3135 1794 in
3174 1733 3320 1795 Cos·

713 1843 918 1903 medin
967 1843 1293 1918 diaconum
1339 1841 1716 1901 cardinalem
1763 1844 1854 1902 eis
1886 1845 2294 1903 concessimus
2325 1843 2695 1916 auditorem,
2727 1863 2933 1903 coram
2966 1862 3084 1922 quo
3118 1841 3336 1901 Dictus

717 1949 802 2010 M.
835 1968 948 2030 pro
995 1969 1059 2009 se
1106 1968 1175 2008 ac
1220 1964 1488 2027 quatuor
1519 1946 1700 2007 sociis
1732 1947 1860 2007 suis
1895 1949 2234 2029 proposuit,
2269 1949 2442 2028 quod
2477 1949 2524 2009 F
2527 1948 2894 2011 errarienses
2926 1947 3233 2024 canonici,
3270 1963 3335 2006 ut

714 2075 792 2117 eo
823 2055 1088 2136 amplius
1119 2074 1268 2115 suos
1301 2054 1532 2114 reditus
1566 2070 2055 2131 augmentarent,
2088 2075 2219 2135 quo
2254 2071 2595 2135 proventus
2634 2056 2944 2131 ecclesiae,
2986 2055 3095 2135 qui
3131 2053 3325 2115 dividi

715 2178 1164 2225 consueverant
1192 2162 1353 2221 inter
1385 2160 1609 2240 plureS,
1642 2160 1706 2221 in
1741 2181 1892 2221 usus
1924 2162 2211 2222 cederent
2241 2181 2607 2243 paucorum,
2641 2162 3112 2243 quatuordecim
3150 2180 3327 2242 prae-

715 2270 948 2330 bendas
978 2285 1240 2343 tantum,
1277 2286 1514 2351 praeter
1545 2270 1627 2347 id,
1661 2271 1835 2351 quod
1868 2290 2115 2332 mensae
2149 2272 2562 2332 communiter
2594 2272 2988 2352 deputarunt,
3022 2271 3086 2330 in
3107 2271 3328 2331 eadem

714 2379 967 2440 ecclesia
1029 2396 1240 2440 contra
1302 2378 1624 2457 antiquam
1677 2377 2199 2438 consuetudinem
2250 2393 2613 2438 statuerunt.
2698 2377 3108 2439 Postmodum
3163 2396 3334 2451 vero,

714 2501 923 2547 contra
956 2485 1463 2546 constitutionem
1497 2485 1693 2564 ipsam
1726 2483 2070 2544 voluntarie
2103 2484 2441 2562 venientes,
2487 2484 2686 2544 dictos
2733 2485 3012 2564 quinque
3045 2483 3106 2543 in
3141 2501 3335 2543 cano-

716 2594 889 2655 nicos
921 2608 1301 2675 receperunt,
1338 2591 1523 2652 nullis
1555 2592 1919 2673 praebendis
1951 2592 2269 2671 assignatis
2302 2592 2555 2653 eisdem.
2594 2592 2667 2652 Et
2684 2591 2824 2652 licet
2844 2610 3065 2651 eorum
3097 2589 3334 2650 reditus

715 2721 846 2763 non
880 2700 1194 2762 modicum
1244 2699 1466 2762 fuerint
1510 2699 1910 2778 augmentati,
1960 2701 2246 2760 nondum
2278 2716 2485 2761 tamen
2518 2699 2603 2760 eis
2636 2698 2968 2762 voluerunt
3004 2719 3078 2759 ex
3111 2717 3331 2779 super-

713 2808 1198 2869 excrescentibus
1231 2807 1526 2867 reditibus
1559 2806 1900 2887 providere.
1935 2807 2167 2868 Verum
2199 2827 2271 2866 ex
2304 2808 2561 2868 adverso
2587 2806 2699 2868 fuit
2721 2807 3129 2888 propositum,
3150 2804 3329 2885 quod

709 2917 856 2978 olim
891 2918 964 2978 de
995 2917 1306 2976 communi
1332 2921 1455 2974 tam
1489 2917 1944 2990 canonicorum,
1978 2934 2157 2994 quam
2193 2921 2338 2974 tunc
2358 2912 2784 2976 Ferrariensis
2815 2915 3094 2997 episcopi
3109 2913 3330 2972 volun-

710 3029 834 3082 tate
879 3021 1349 3103 quatuordecim
1400 3019 1893 3100 praebendarum
1940 3039 2206 3080 numero
2253 3020 2319 3080 in
2367 3020 2736 3082 Ferrariensi
2788 3020 3042 3082 ecclesia
3060 3019 3330 3100 provida

710 3129 1152 3189 deliberatione
1171 3127 1449 3187 instituto
1470 3141 1527 3185 et
1546 3125 1916 3205 apostolicae
1939 3126 2331 3206 protectionis
2350 3128 2658 3209 praesidio
2679 3131 2988 3204 roborato,
3016 3124 3136 3206 [tan
3145 3121 3333 3204 dem],

713 3253 916 3315 quum
966 3254 1090 3294 una
1138 3234 1200 3294 in
1248 3234 1463 3294 eadem
1510 3221 1760 3292 ecclesia
1807 3235 2156 3313 praebenda
2206 3253 2490 3312 vacasset,
2525 3237 2601 3295 ad
2635 3236 2888 3295 multam
2922 3233 3327 3314 quorundam

710 3342 1059 3403 instantiam
1106 3342 1266 3402 duos
1312 3342 1388 3401 ad
1437 3359 1593 3418 eam,
1629 3355 1688 3400 et
1722 3340 2127 3420 postmodum
2159 3342 2236 3402 ad
2269 3361 2514 3423 praeces
2545 3341 2918 3403 venerabilis
2932 3342 3177 3419 fratris
3210 3358 3326 3399 no-

706 3453 834 3511 stri
864 3450 1286 3511 Ferrariensis
1335 3446 1607 3528 episcopi
1658 3447 1895 3507 dictum
1949 3449 2032 3508 M.
2068 3464 2127 3508 et
2172 3449 2489 3528 quendam
2536 3449 2727 3509 alium
2774 3447 2904 3508 sine
2952 3443 3332 3527 praeiudicio

708 3558 905 3618 dictae
940 3556 1394 3618 constitutionis
1425 3555 1491 3615 in
1523 3554 1860 3616 canonicos
1893 3570 2255 3634 receperunt
2288 3555 2385 3632 ita,
2434 3556 2608 3636 quod
2640 3555 2752 3636 ipsi
2787 3553 3074 3615 canonici
3109 3554 3186 3612 de
3224 3571 3327 3612 ca-

708 3664 898 3725 nonia
933 3664 1087 3724 nihil
1120 3663 1515 3744 perciperent,
1551 3662 1754 3722 donec
1787 3662 1967 3741 primi
2000 3662 2128 3724 duo
2162 3680 2362 3724 essent
2385 3664 2765 3745 praebendas
2788 3662 3023 3740 integre
3044 3659 3322 3720 assecuti.

710 3771 1057 3851 Quumque
1092 3790 1197 3851 per
1229 3770 1675 3831 canonicorum
1707 3770 2075 3830 industriam
2109 3769 2289 3831 fuerit
2324 3786 2743 3850 procuratum,
2778 3785 2847 3829 ut
2879 3789 2950 3829 ex
2983 3765 3322 3849 possessio·

709 3878 915 3954 nibus,
946 3898 1102 3958 quas
1137 3854 1383 3956 [eadem]
1420 3875 1671 3936 ecclesia
1705 3892 1983 3958 tempore
2016 3876 2208 3959 longo
2243 3878 2531 3958 possedit,
2579 3876 2787 3950 plures
2819 3877 2904 3937 eis
2938 3875 3169 3936 reditus
3203 3873 3329 3934 sol-

706 4002 1009 4061 verentur,
1041 3999 1643 4065 superexcrescentes
1676 3984 1912 4045 reditus
1945 3985 2265 4044 communi
2300 4004 2568 4061 mensae,
2603 4003 2762 4064 quae
2784 3984 2993 4044 minus
3015 3980 3332 4042 sufficiens

707 4091 919 4170 fuerat,
970 4094 1373 4153 communiter
1405 4091 1877 4173 deputaverunt,
1924 4113 2085 4172 quos
2133 4072 2276 4153 dicti
2312 4093 2595 4174 quinque
2627 4092 2740 4153 sibi
2775 4090 3178 4173 postmodum
3217 4106 3324 4168 pe·

706 4199 935 4259 tierunt
979 4214 1190 4260 contra
1236 4198 1483 4279 capituli
1530 4199 2035 4259 constitutionem
2082 4199 2147 4259 in
2194 4199 2565 4260 beneficium
2596 4198 2902 4279 assignari.
2968 4197 3147 4277 Quia
3180 4214 3320 4253 vero

706 4313 890 4385 super
933 4304 1032 4366 his
1066 4307 1254 4386 plena
1286 4305 1486 4380 nobi5,
1531 4309 1697 4367 sicut
1726 4307 1886 4367 idem
1920 4307 2266 4368 cardinalis
2297 4310 2581 4380 asseruit,
2613 4306 2863 4367 exhibet·
2876 4309 2904 4366 i
2931 4326 3050 4366 non
3070 4306 3325 4384 poterat

704 4411 1031 4484 certitudo,
1079 4432 1327 4472 causam
1379 4416 1575 4494 ipsam
1610 4420 1709 4474 tuo
1742 4415 2022 4474 duximus
2059 4415 2332 4473 examini
2356 4414 2863 4475 committendam.
2929 4412 3324 4486 MandamuS,

706 4532 1031 4598 quatenus,
1067 4537 1266 4597 quum
1301 4519 1363 4578 in
1396 4520 1836 4581 constitutione
1873 4519 2176 4601 praedicta
2199 4536 2256 4580 et
2277 4520 2747 4581 confirmatione
2768 4521 2931 4581 sedis
2953 4519 3321 4602 apostolicae

705 4624 802 4685 vel
850 4624 1031 4685 fuerit
1078 4624 1176 4685 vel
1222 4644 1352 4684 esse
1399 4626 1697 4700 debuerit,
1742 4627 1898 4687 sicut
1944 4626 2282 4703 consuevit,
2329 4647 2714 4709 expressum:
2759 4627 2930 4712 {nisi
2978 4629 3043 4688 in
3088 4642 3321 4687 tantum

705 4748 1120 4794 excrescerent
1153 4731 1445 4793 ecclesiae
1481 4732 1812 4810 facultates,
1846 4734 2020 4814 quod
2053 4733 2333 4814 pluribus
2366 4750 2613 4815 possent
2644 4733 2929 4796 sufficere
2964 4748 3322 4813 competen-

705 4854 861 4918 ter»,
911 4855 968 4900 et
1014 4861 1198 4921 quum
1230 4839 1416 4900 iidem
1452 4840 1729 4900 canonici
1764 4840 1831 4900 in
1865 4841 2330 4921 derogationem
2367 4862 2513 4902 suae
2546 4841 3001 4903 constitutionis
3032 4840 3110 4901 ad
3145 4857 3317 4899 vaca-

703 4962 868 5008 turas
915 4947 1290 5029 praebendas
1337 4927 1605 5028 quatuor
1644 4963 2006 5029 receperunt
2042 4949 2194 5009 ultra
2228 4968 2566 5011 numerum
2599 4949 3028 5026 constitutum,
3061 4947 3140 5009 ab
3172 4944 3319 5007 anti-
