3684 5416
538 1527 586 1557 CO

533 2596 588 2626 ⁴20

535 3130 584 3172 25

638 375 708 428 92
1286 361 1559 415 Potestas
1599 361 1977 417 ecclesiastica
2004 375 2061 418 et
2097 361 2403 433 imperium
2442 361 2618 417 civile.

860 546 916 606 8.
956 545 1310 624 Exsurgens
1342 545 1527 624 igitur
1559 568 1592 606 a
1626 565 1851 608 somno
1884 547 2164 627 protinus
2196 547 2359 608 iuxta
2379 547 2458 623 id,
2479 548 2705 627 quoda
2726 547 2947 608 sanctis
2967 546 3258 629 apostolis

644 650 997 712 admonitus
1044 671 1204 729 sum,
1255 652 1481 732 peregi,
1530 653 1952 733 advocatoque
1998 654 2228 715 eo'dem
2253 653 2582 735 praecipuo
2613 669 2681 714 et
2704 653 2972 715 almifico
3004 671 3169 736 patre
3199 671 3258 715 et

642 756 1076 818 inluminatore
1110 763 1327 820 nostro
1346 758 1660 820 Silvestrio
1694 758 2017 820 universali
2049 780 2220 841 papa,
2252 760 2461 821 omnia
2483 763 2525 820 'a
2556 760 2778 821 sanctis
2797 761 3086 842 apostolis
3098 761 3256 823 mihi

641 873 958 944 praecepta
993 864 1153 928 edixi
1185 869 1387 945 verba,
1420 868 1880 948 percontatique
1913 887 2060 930 eum
2091 887 2329 944 sumus,
2380 868 2486 949 qui
2518 868 2612 929 isti
2644 869 2728 930 dii
2758 885 2992 931 essent:
3045 872 3258 932 Petrus

643 985 701 1030 et
732 969 998 1033 Paulus?
1058 972 1159 1034 Ille
1206 992 1374 1049 ver0,
1409 992 1539 1035 non
1573 991 1680 1034 eos
1713 974 1865 1035 deos
1896 993 2035 1036 vere
2068 973 2204 1046 dici,
2237 974 2345 1036 sed
2377 974 2691 1055 apostolos
2721 976 3034 1038 salvatoris
3066 977 3257 1038 nostri

641 1077 879 1138 domini
899 1078 1010 1139 dei
1041 1079 1182 1140 Jesu
1217 1079 1460 1142 Christi.
1523 1080 1599 1140 Et
1641 1100 1889 1141 rursum
1934 1080 2302 1160 interrogare
2337 1082 2654 1162 coepimus
2686 1082 2958 1144 eundem
2991 1083 3259 1145 beatissi-

642 1196 818 1244 mum
850 1205 1092 1266 papam,
1142 1203 1350 1247 utrum
1397 1187 1655 1248 istorum
1685 1187 2111 1268 apostolorum
2144 1188 2477 1267 imaginem
2509 1208 2857 1270 expressam
2891 1191 3157 1268 haberet,
3191 1206 3260 1251 ut

642 1311 714 1352 ex
749 1292 979 1373 pictura
1013 1293 1388 1355 disceremus
1423 1293 1540 1355 hos
1574 1314 1721 1370 esse,
1758 1313 1919 1374 quos
1949 1295 2238 1356 revelatio
2272 1295 2581 1357 docuerat.
2630 1296 2812 1357 Tunc
2845 1296 3039 1358 isdem
3071 1316 3256 1358 vene-

643 1399 842 1460 rabilis
889 1416 1056 1481 pater
1102 1401 1397 1482 imagines
1446 1402 1789 1483 eorundem
1822 1403 2245 1482 apostolorum
2277 1422 2385 1484 per
2418 1403 2739 1465 diaconem
2771 1424 2956 1467 suum
2989 1404 3258 1486 exhiberi

644 1507 970 1590 praecepit,
1016 1497 1171 1587 quas
1204 1509 1357 1568 dum
1390 1508 1723 1589 aspicerem
1757 1519 2083 1587 et‘eorum,
2115 1529 2275 1590 quos
2308 1509 2371 1570 in
2405 1529 2631 1571 somno
2665 1510 2933 1573 videram
2968 1493 3259 1591 figuratos

643 1613 706 1685 in
754 1613 895 1694 ipsis
944 1614 1312 1694 imaginibus
1363 1615 1792 1696 cognovissem
1837 1616 2061 1692 vultus,
2115 1615 2346 1696 ingenti
2394 1617 2660 1678 clamore
2707 1636 2918 1679 coram
2967 1617 3258 1692 omnibus

642 1719 978 1800 satrapibus
1011 1721 1162 1794 meis
1194 1721 1512 1782 consessus
1545 1741 1706 1800 sum,
1741 1709 1848 1781 eos
1881 1742 2031 1801 esse,
2066 1742 2226 1802 quos
2258 1723 2322 1783 in
2357 1742 2586 1784 somno
2619 1723 2923 1786 videram.

858 1849 914 1906 9.
983 1829 1083 1889 Ad
1132 1827 1282 1889 haec
1333 1827 1714 1889 beatissimus
1760 1827 1971 1900 isdem,
2003 1828 2286 1898 Silvester
2332 1845 2500 1910 pater
2546 1846 2772 1906 noster,
2820 1831 2987 1892 urbis
3020 1831 3258 1894 Romae

644 1932 991 2015 episcopus,
1027 1934 1242 1996 indixit
1275 1935 1455 1996 nobis
1487 1935 1895 2023 poenitentiae
1927 1952 2171 2016 tempus
2203 1936 2364 1997 intro
2396 1937 2688 2018 palatium
2708 1954 2988 1999 nostrum
3007 1938 3258 1999 Latera-

565 2060 584 2103 5
646 2059 836 2100 nense
888 2041 947 2101 in
995 2061 1124 2103 uno
1172 2042 1385 2119 cilicio,
1435 2058 1502 2102 ut
1547 2042 1776 2120 omnia,
1825 2063 1983 2123 quae
2031 2065 2064 2104 a
2112 2043 2289 2104 nobis
2334 2043 2518 2125 impie
2553 2061 2790 2126 peracta
2823 2061 3006 2125 atque
3038 2045 3259 2106 iniuste

645 2150 932 2230 disposita
969 2151 1227 2228 fuerant,
1254 2151 1490 2231 vigiliis,
1522 2151 1762 2213 ieiuniis
1781 2169 1964 2233 atque
1984 2153 2248 2214 lacrimis
2267 2170 2325 2214 et
2345 2154 2724 2234 orationibus
2744 2156 2907 2236 apud
2930 2154 3260 2216 dominum

644 2258 831 2318 deum
871 2273 1155 2342 nostrum
1173 2260 1383 2320 Jesum
1405 2253 1723 2321 Christum
1754 2251 2116 2321 salvatorem
2138 2260 2620 2346 impetraremus.
2649 2261 2890 2322 Deinde
2911 2281 3018 2342 per
3037 2280 3261 2322 manus

649 2365 1117 2446 impositionem
1150 2365 1516 2429 clericorum
1550 2386 1747 2447 usque
1779 2368 1856 2428 ad
1891 2367 2094 2448 ipsum
2127 2370 2471 2448 praesulem
2503 2371 2661 2449 veni,
2710 2371 2914 2452 ibique
2946 2373 3258 2431 abrenun—

644 2471 797 2535 tians
831 2467 1070 2536 satanae
1105 2476 1352 2556 pompis
1386 2491 1442 2536 et
1474 2476 1761 2557 operibus
1794 2475 1925 2536 eius
1956 2475 2049 2536 vel
2084 2475 2381 2537 universis
2400 2476 2579 2538 idolis
2598 2478 2979 2554 manufactis,
3011 2480 3260 2541 credere

643 2600 743 2642 me
791 2580 852 2642 in
899 2582 1090 2643 deum
1137 2597 1389 2662 patrem,
1435 2583 1926 2664 omnipotentem
1974 2582 2265 2643 factorem
2311 2583 2458 2644 caeli
2492 2599 2550 2644 et
2580 2599 2791 2660 terrae,
2839 2585 3167 2646 visibilium
3202 2593 3261 2645 et

642 2686 1072 2765 invisibilium,
1110 2702 1168 2748 et
1200 2688 1263 2750 in
1296 2689 1505 2750 ,lesum
1538 2688 1856 2750 Christum
1890 2687 2086 2750 filium
2120 2677 2249 2751 eius
2282 2689 2554 2768 unicum,
2599 2690 2923 2753 dominum
2959 2707 3261 2771 nostrum,

644 2795 751 2874 qui
786 2810 970 2856 natus
1004 2811 1092 2855 est
1125 2795 1199 2855 de
1232 2795 1443 2876 spiritu
1477 2811 1686 2856 sancto
1718 2811 1776 2856 et
1807 2796 1999 2857 Maria
2036 2795 2286 2878 virgine,
2314 2784 2669 2878 spontanea
2702 2797 3014 2859 voluntate
3047 2818 3260 2861 coram

645 2900 819 2961 omni
853 2901 1090 2981 populo
1125 2901 1438 2982 professus
1475 2921 1636 2979 sum,
1659 2902 2109 2983 benedictoque
2130 2902 2299 2964 fonte
2322 2903 2438 2964 illic
2469 2923 2569 2965 me
2589 2903 2740 2965 trina
2761 2904 3068 2966 mersione
3091 2905 3259 2966 unda

643 3006 851 3068 salutis
909 3006 1272 3087 purificavit.
1335 3007 1421 3068 lbi
1473 3009 1660 3085 enim,
1713 3028 1819 3070 me*
1866 3009 2067 3091 posito
2116 3009 2303 3070 fontis
2333 3010 2590 3089 gremiO,
2625 3028 2815 3088 manu
2850 3011 2926 3071 de
2958 3012 3128 3072 caelo
3161 3032 3260 3073 me

646 3114 1043 3194 contingente
1067 3115 1325 3196 propriis
1345 3115 1465 3176 vidi
1485 3116 1698 3194 oculis,
1721 3117 1795 3177 de
1817 3138 1939 3196 qua
1961 3106 2232 3178 mundus
2253 3104 2610 3198 exsurgens,
2645 3121 2719 3180 ab
2742 3119 2915 3181 omni
2937 3139 3036 3181 me
3057 3121 3259 3202 leprae

647 3221 932 3302 squalore
984 3220 1358 3281 mundatum
1395 3222 1725 3300 agnoscite.
1791 3223 2148 3303 Levatoque
2182 3242 2280 3284 me
2314 3225 2389 3285 de
2425 3225 2749 3287 venerabili
2783 3226 2973 3305 fonte,
3007 3227 3262 3289 indutus

645 3329 911 3390 vestibus
944 3318 1236 3404 candidiS,
1277 3330 1735 3410 septemformis
1766 3331 1955 3392 sancti
1987 3331 2229 3413 spiritus
2262 3331 2324 3391 in
2358 3351 2458 3393 me
2490 3334 2951 3414 consignatione
2984 3335 3263 3397 adhibuit

651 3438 808 3497 beati
863 3436 1203 3497 chrismatis
1258 3436 1616 3498 unctionem
1656 3453 1713 3498 et
1757 3439 2047 3500 vexillum
2093 3454 2296 3499 sancte
2342 3439 2542 3500 crucis
2575 3440 2637 3500 in
2670 3460 2804 3501 mea
2839 3440 3038 3502 fronte
3070 3443 3264 3504 linivit

647 3544 888 3606 dicens:
953 3543 1203 3622 «Signat
1236 3560 1291 3603 te
1325 3544 1477 3604 deus
1509 3544 1713 3623 sigillo
1746 3544 1887 3605 fidei
1919 3566 2066 3606 suae
2098 3545 2160 3606 in
2192 3532 2448 3606 nomine
2485 3547 2667 3628 patris
2701 3564 2758 3608 et
2787 3547 2894 3609 filii
2925 3564 2985 3609 et
3016 3549 3262 3631 spiritus

535 3666 557 3709 ἲ
644 3651 833 3712 sancti
865 3651 929 3712 in
962 3650 1431 3731 consignatione
1465 3650 1669 3711 fidei».
1719 3650 1999 3713 Cunctus
2032 3652 2228 3713 clerus
2260 3654 2605 3734 respondit:
2666 3660 2971 3717 «Amen».
3024 3656 3262 3718 Adiecit

645 3758 919 3839 praesul:
962 3760 1123 3819 «Pax
1153 3759 1321 3821 tibi».

872 3886 964 3927 10.
1020 3866 1218 3926 Prima
1265 3865 1467 3945 itaque
1519 3866 1616 3926 die
1660 3882 1798 3947 post
1829 3883 2185 3949 perceptum
2217 3868 2369 3929 sacri
2403 3868 2777 3949 baptismatis
2810 3871 3169 3951 mysterium
3204 3888 3262 3932 et

646 3988 783 4053 post
815 3972 1198 4033 curationem
1231 3972 1507 4052 corporis
1542 3974 1664 4033 mei
1696 3993 1730 4034 a
1755 3972 1957 4054 leprae
1976 3973 2262 4054 squalore
2283 3974 2530 4054 agnovi,
2559 3995 2686 4035 non
2710 3996 2838 4037 esse
2859 3975 3050 4038 alium
3071 3977 3261 4038 deum

645 4079 760 4140 nisi
811 4095 1043 4161 patrem
1090 4095 1147 4139 et
1178 4078 1379 4140 filium
1411 4095 1469 4139 et
1500 4079 1782 4160 spiritum
1814 4096 2118 4160 sanctum,
2155 4100 2344 4161 quem
2377 4082 2761 4143 beatissimus
2792 4080 3077 4144 Silvester
3108 4103 3262 4165 papa
3347 4158 3360 4170 ·

568 4204 585 4235 ς
646 4187 970 4267 praedicat,
1019 4186 1351 4246 trinitatem
1398 4186 1458 4246 in
1511 4187 1756 4264 unitate,
1791 4188 2085 4249 unitatem
2118 4188 2178 4249 in
2210 4189 2487 4250 trinitate.
2550 4190 2713 4250 Nam
2747 4208 2967 4251 omnes
2999 4190 3081 4251 dii
3110 4211 3262 4271 gen·
3316 4270 3321 4275 ,

644 4293 816 4365 tium,
850 4312 1010 4372 quos
1045 4314 1247 4374 usque
1282 4296 1575 4356 hactenus
1605 4296 1768 4357 colui
1804 4297 2149 4373 daemonia,
2183 4316 2368 4378 opera
2391 4297 2721 4359 hominum
2743 4298 3090 4359 manufacta
3110 4317 3261 4360 con-

645 4404 1003 4482 probantur,
1053 4402 1281 4462 etenim
1330 4418 1628 4482 quantam
1672 4418 2034 4484 potestatem
2078 4404 2275 4466 isdem
2306 4406 2568 4466 salvator
2598 4421 2804 4465 noster
2835 4424 2950 4464 suo
2980 4405 3263 4486 apostolo

648 4509 825 4567 beato
860 4508 1039 4567 Petro
1072 4509 1398 4569 contulerit
1431 4508 1493 4569 in
1527 4509 1695 4569 caelo
1729 4530 1796 4570 ac
1828 4526 2005 4585 terra,
2055 4510 2429 4572 lucidissime
2463 4512 2642 4572 nobis
2675 4512 2868 4572 isdem
2900 4511 3264 4573 venerabilis

648 4629 814 4694 pater
864 4613 1067 4692 edixit,
1118 4616 1270 4675 dum
1317 4615 1567 4676 fidelem
1614 4636 1759 4676 eum
1806 4616 1867 4676 in
1901 4636 2010 4677 sua
2042 4616 2513 4696 interrogatione
2548 4618 2868 4678 inveniens
2900 4618 3010 4678 ait:
3083 4617 3167 4679 Tu
3197 4640 3263 4680 es

648 4721 896 4794 PetruS,
942 4728 1003 4782 et
1048 4731 1230 4804 super
1280 4722 1443 4783 hanc
1481 4728 1722 4803 petram
1769 4724 2109 4802 aedificabo
2141 4724 2459 4785 ecclesiam
2491 4745 2705 4799 meam,
2737 4732 2798 4785 et
2812 4732 3035 4806 portae
3071 4728 3268 4803 inferi

646 4848 766 4887 non
787 4827 1238 4908 praevalebunt
1266 4830 1559 4889 adversus
1591 4849 1739 4889 eam.
1803 4829 2112 4890 Advertite
2146 4834 2425 4911 potentes
2456 4847 2514 4891 et
2545 4850 2795 4892 auream
2827 4832 3028 4892 cordis
3060 4832 3263 4892 inten-

650 4934 790 5011 dite,
837 4934 988 5014 quid
1038 4936 1241 4995 bonus
1292 4934 1576 5014 magister
1622 4951 1678 4995 et
1725 4935 2017 4997 dominus
2049 4956 2165 4999 suo
2200 4936 2500 5018 discipulo
2533 4937 2804 4999 adiunxit
2837 4938 3152 5018 inquiens:
3205 4945 3269 4998 et
