3684 5416
541 1559 598 1591 -ΙΟ

540 2095 591 2137 ¹5

530 2630 592 2662 ’0

532 3170 590 3213 '25

536 4236 588 4279 35

530 4773 592 4811 40

650 404 683 456 ³5
693 404 763 455 24
1727 388 1899 443 Curia
1939 406 2199 444 romana.

647 570 972 652 pastoralis
994 572 1268 633 muneris
1290 587 1488 654 partes
1510 591 1640 633 esse
1658 572 2060 651 intelligimus
2075 573 2296 636 sedulo
2312 574 2671 654 invigilandi
2690 590 2749 636 et
2764 591 3072 655 quantum
3092 575 3274 637 nobis

654 697 725 738 ex
758 679 882 740 alto
915 679 1275 740 conceditur
1304 678 1553 741 intentis
1585 679 1803 740 studiis
1835 679 2171 758 adnitendi,
2195 696 2262 741 ut
2280 700 2429 742 oves
2449 681 2867 743 miserabiliter
2886 699 3172 762 errantes,
3194 683 3269 743 ad

654 785 884 847 Christi
906 784 1065 845 ovile
1086 785 1473 846 adducantur
1493 804 1561 846 ac
1582 784 1927 847 Dominum
1950 785 2151 865 gregis
2171 802 2509 866 agnoscant
2524 802 2581 846 et
2595 804 2924 868 pastorem.
2945 787 3097 865 Quo
3113 787 3272 850 scili-

653 908 764 970 cet,
800 891 1009 953 divina
1042 893 1385 974 adspirante
1416 892 1624 972 gratia,
1660 892 1944 953 desinant
1977 911 2085 973 per
2115 892 2376 954 infelicia
2399 914 2624 975 pascua
2644 895 3030 957 infedelitatis
3050 911 3108 956 et
3127 897 3270 957 hae-

652 1020 860 1062 resum
892 1001 1116 1080 vagari,
1151 1016 1209 1063 et
1243 1020 1402 1081 aqua
1437 1001 1749 1062 mortifera
1782 1001 2160 1082 pestilentiae
2193 1002 2405 1082 potari,
2437 1003 2544 1063 sed
2565 1003 2626 1064 in
2646 1003 2787 1065 loco
2810 1023 3070 1084 pascuae
3091 1023 3270 1065 verae

652 1106 792 1168 fidei
826 1127 895 1168 ac
926 1107 1205 1169 salutaris
1237 1107 1559 1168 doctrinae
1581 1108 1985 1182 collocentur,
2039 1122 2098 1168 et
2130 1107 2516 1170 adducantur
2548 1111 2624 1171 ad
2658 1109 2812 1171 vitae
2846 1110 3049 1172 fontes
3080 1130 3269 1191 aqua-

653 1234 813 1277 rum.
856 1215 931 1275 Et
964 1233 1111 1275 vero
1146 1215 1254 1295 qui
1288 1235 1420 1277 non
1452 1215 1750 1296 intelligit,
1784 1234 2042 1277 omnem
2077 1231 2351 1279 nostram
2384 1218 2865 1281 sollicitudinem
2900 1220 3266 1300 desiderare,

653 1340 1041 1401 omnemque
1073 1337 1366 1383 conatum
1399 1342 1432 1382 a
1466 1323 1649 1384 nobis
1683 1322 1925 1402 exigere
1958 1342 2119 1403 opus
2152 1324 2541 1386 adductionis
2574 1327 2925 1388 animarum
2959 1328 3036 1387 ad
3059 1326 3268 1388 Eccle-

652 1427 805 1489 siam
843 1428 1108 1490 Christi?
1158 1428 1408 1511 Quippe
1459 1431 1630 1510 quod
1681 1432 1832 1492 tanti
1886 1430 2091 1493 fecerit
2139 1433 2309 1493 Deus
2353 1434 2575 1495 mundi
2624 1435 2903 1506 salutem,
2949 1452 3016 1496 ut
3062 1435 3265 1517 ipsum

653 1533 1067 1616 Unigenitum
1102 1554 1290 1596 suum
1323 1536 1508 1614 daret,
1530 1535 1935 1615 Unigenitum
1973 1537 2165 1616 illum,
2198 1540 2310 1620 qui
2343 1561 2485 1602 cum
2521 1557 2677 1602 esset
2713 1542 3008 1623 splendor
3039 1541 3266 1621 gloriae

651 1658 709 1702 et
765 1641 956 1719 figura
1008 1642 1379 1702 substantiae
1431 1643 1582 1718 eius,
1634 1659 1882 1724 portans
1932 1646 2140 1707 omnia
2186 1648 2374 1707 verbo
2427 1648 2663 1710 virtutis
2715 1668 2882 1726 suae,
2936 1648 3269 1710 exinanivit

652 1748 1083 1829 semetipsum,
1135 1748 1399 1809 formam
1450 1750 1605 1810 servi
1658 1751 1978 1832 accipiens,
2042 1752 2233 1814 factus
2266 1754 2563 1816 obediens
2610 1774 2810 1836 usque
2857 1757 2932 1816 ad
2981 1773 3264 1835 mortem,

652 1871 918 1915 mortem
967 1873 1171 1916 autem
1220 1856 1446 1922 crucis:
1498 1871 1565 1916 ut
1603 1876 1713 1917 sua
1749 1858 1937 1919 nimia
1971 1859 2259 1921 charitate
2294 1881 2520 1937 serVOS‚
2555 1877 2613 1922 et
2645 1862 2840 1923 malos
2873 1882 3100 1941 servos,
3137 1865 3262 1924 Do-

653 1961 858 2022 minus
910 1962 1235 2023 redimeret
1276 1963 1470 2044 pretio
1503 1962 1837 2043 Sanguinis
1883 1966 1996 2025 sui.
2062 1966 2524 2029 Inaestimabilis
2572 1969 2757 2029 huius
2790 1970 3095 2030 charitatis
3125 1969 3264 2030 irni-

651 2081 884 2130 tatores'
907 2089 1038 2129 esse
1072 2070 1349 2150 profecto
1381 2088 1602 2130 omnes
1635 2071 1877 2142 debent,
1910 2071 2018 2152 qui
2049 2072 2383 2134 christiano
2417 2075 2674 2135 nomine
2708 2074 2963 2137 fideliter
2993 2076 3264 2153 glorian-

651 2190 769 2252 tur,
802 2192 859 2236 et
891 2178 1168 2236 membra
1203 2175 1431 2238 Christi
1465 2175 1661 2236 effecti
1694 2191 1858 2255 sunt,
1895 2193 1961 2238 ut
1993 2179 2122 2238 eius
2157 2180 2322 2240 verbi
2357 2180 2616 2242 factores
2638 2181 2776 2256 sint,
2801 2202 2932 2244 non
2952 2183 3265 2245 auditores

650 2297 925 2343 tantum:
979 2302 1124 2343 nam
1172 2299 1230 2344 et
1279 2302 1385 2363 per
1432 2298 1708 2344 sanctum
1744 2286 2121 2365 Apostolum
2171 2306 2356 2348 suum
2393 2305 2638 2348 monet:
2690 2288 2896 2350 Estote
2928 2293 3265 2351 imitatores

652 2391 803 2465 Dei,
836 2393 1001 2451 sicut
1020 2391 1158 2464 filii
1185 2390 1566 2464 charissimi,
1612 2398 1672 2451 et
1716 2391 2021 2452 ambulate
2051 2396 2115 2453 in
2149 2394 2496 2469 dilectione,
2531 2399 2693 2457 sicut
2723 2396 3022 2458 Christus
3053 2399 3270 2459 dilexit

651 2519 785 2572 n05,
820 2504 879 2557 et
907 2499 1173 2558 tradidit
1202 2501 1582 2579 semetipsum
1603 2508 1728 2580 pro
1759 2498 1951 2559 nobis.
1985 2498 2180 2574 Quod
2201 2501 2249 2561 si
2272 2502 2423 2562 haec
2442 2503 2515 2563 ad
2542 2522 3071 2584 unumquumque
3104 2505 3260 2565 chri-

652 2606 995 2666 stianorum
1050 2604 1270 2686 scripta
1321 2621 1483 2679 sunt,
1532 2619 1767 2684 quanto
1815 2605 2010 2684 magis
2057 2607 2134 2667 ad
2181 2627 2308 2677 eos,
2360 2608 2469 2688 qui
2517 2609 2579 2669 in
2626 2625 2855 2670 sortem
2890 2626 2949 2670 et
2981 2610 3262 2671 militiam

652 2713 881 2774 Christi
927 2712 1145 2787 vocati,
1200 2713 1380 2794 positi
1425 2728 1570 2773 sunt
1616 2714 1887 2796 episcopi
1923 2733 2132 2794 regere
2169 2715 2499 2776 Ecclesiam
2535 2721 2755 2778 suam?
2806 2715 3056 2791 Quibus
3086 2736 3263 2798 saepe

651 2840 761 2901 per
810 2821 1140 2901 prophetas
1186 2839 1340 2880 suos
1385 2819 1672 2899 gravibus
1720 2822 1918 2881 verbis
1966 2822 2396 2897 comminatur,
2442 2822 2492 2882 si
2542 2838 2857 2903 pascentes
2905 2824 3264 2905 semetipsos

650 2946 903 3005 gregem
938 2945 1069 2988 non
1102 2942 1380 3007 pascunt,
1416 2942 1472 2986 et
1504 2927 1675 3006 quod
1711 2947 1982 2989 crassum
2019 2945 2106 2989 est
2139 2930 2487 2991 occidentes
2521 2930 2842 2990 infirmum
2878 2951 3006 2993 non
3041 2952 3263 2994 conso-

649 3032 861 3111 lidant,
896 3048 1216 3111 aegrotum
1251 3052 1381 3093 non
1415 3048 1649 3105 sanant,
1683 3034 2066 3096 confractum
2102 3054 2233 3096 non
2266 3036 2534 3114 alligant,
2569 3036 2876 3099 abiectum
2913 3058 3044 3100 non
3078 3040 3261 3099 redu-

649 3157 819 3215 cunt,
854 3140 1159 3221 perditum
1199 3158 1329 3199 non
1361 3156 1686 3219 quaerunt.
1753 3139 1933 3215 Quae
1967 3141 2243 3223 profecto
2276 3142 2475 3217 voces,
2511 3157 2578 3202 ut
2610 3162 2832 3205 omnes
2866 3145 3264 3207 ecclesiarum

650 3265 916 3310 rectores
968 3248 1163 3308 valide
1211 3247 1505 3308 sollicitos
1555 3249 1778 3309 habere
1825 3249 2072 3326 debent,
2117 3250 2255 3310 licet
2299 3250 2363 3311 in
2412 3266 2645 3331 partem
2679 3252 3110 3313 sollicitudinis
3143 3251 3263 3312 sint

647 3354 865 3431 vocati,
909 3355 986 3416 ita
1037 3356 1235 3416 multo
1283 3354 1709 3416 vehementius
1756 3374 1873 3417 nos
1921 3372 2159 3434 urgent,
2201 3356 2308 3437 qui
2348 3357 2412 3417 in
2446 3357 2894 3437 plenitudinem
2928 3358 3100 3420 electi
3135 3377 3263 3419 non

648 3463 854 3525 solum
906 3464 1195 3524 universo
1244 3464 1432 3543 gregi,
1482 3465 1591 3525 sed
1643 3464 1824 3525 etiam
1881 3464 2228 3544 pastoribus
2276 3465 2603 3545 praepositi
2651 3485 2890 3528 sumus.
2954 3465 3260 3541 Quocirca

650 3572 824 3652 quod
859 3569 1154 3651 apostolis
1187 3571 1485 3631 omnibus
1517 3591 1548 3630 a
1586 3571 1865 3631 Domino
1898 3570 2318 3644 mandabatur,
2340 3586 2408 3632 ut
2428 3572 2850 3650 praedicarent
2871 3572 3261 3653 evangelium

649 3678 823 3738 omni
874 3693 1203 3755 creaturae,
1254 3677 1674 3758 principaliter
1723 3678 1900 3738 Petro
1951 3678 2365 3753 incumbebat,
2415 3678 2525 3759 qui
2578 3679 2872 3740 omnibus
2925 3683 3262 3761 praestabat

649 3786 1067 3868 praerogativa
1102 3786 1490 3867 principatuS,
1522 3802 1580 3846 et
1615 3786 1711 3846 cui
1746 3785 1864 3846 soli
1899 3785 2248 3847 iniunctum
2287 3786 2481 3846 fuerat
2502 3807 2534 3846 a
2560 3785 2854 3862 Domin0,
2891 3801 2959 3847 ut
2991 3802 3261 3866 pasceret

648 3913 794 3955 oves
845 3914 1005 3955 suas.
1072 3892 1470 3973 Quapropter
1520 3909 1577 3953 et
1631 3894 1734 3953 uni
1770 3894 1950 3954 Petro
1998 3913 2102 3953 vas
2150 3892 2322 3969 illud,
2373 3893 2548 3972 quasi
2594 3892 2871 3969 linteum,
2918 3892 3261 3953 ostenditur

648 4019 918 4082 quatuor
964 4001 1147 4062 initiis
1195 4001 1268 4061 de
1316 3999 1484 4061 caelo
1518 4001 1797 4061 submitti
1830 4000 1894 4060 in
1927 4017 2167 4079 terram,
2200 4000 2264 4061 in
2297 4020 2425 4081 quo
2458 4017 2629 4060 erant
2660 3999 2872 4060 omnia
2906 4000 3257 4080 quadrupe-

650 4108 745 4168 dia
779 4125 837 4169 et
870 4109 1172 4189 serpentia
1205 4124 1396 4167 terrae
1431 4123 1487 4167 et
1520 4107 1786 4167 volatilia
1821 4106 1988 4179 caeli,
2027 4108 2322 4187 quodque
2356 4106 2456 4166 illa
2488 4126 2609 4167 vox
2642 4121 2904 4186 sequuta
2936 4122 3042 4179 est,
3074 4126 3260 4186 surge

650 4215 854 4289 Petre,
888 4217 1115 4288 occide,
1147 4222 1205 4274 et
1235 4216 1561 4288 manduca,
1594 4229 1662 4274 ut
1694 4213 2201 4294 praefiguraretur
2223 4214 2377 4275 Petri
2412 4229 2471 4274 et
2503 4231 2928 4275 successorum
2964 4213 3099 4273 eius
3118 4232 3257 4273 mu·

653 4341 771 4382 nus
803 4342 873 4382 ex
906 4337 1172 4400 quatuor
1207 4321 1426 4381 mundi
1460 4321 1730 4401 partibus
1763 4319 2050 4381 homines
2081 4320 2245 4380 varia
2276 4321 2584 4401 impietate
2620 4319 2973 4401 insipientes
2997 4339 3256 4399 congre-

649 4428 831 4507 gandi
865 4447 993 4506 quo
1027 4447 1133 4486 eos
1165 4426 1341 4506 quasi
1373 4427 1734 4500 occidendO,
1771 4427 1892 4487 hoc
1925 4442 2030 4503 est,
2065 4428 2246 4486 veteri
2283 4427 2403 4487 vita
2435 4427 2740 4501 exuend0,
2761 4441 2820 4486 et
2841 4442 3060 4488 exutos
3081 4446 3254 4489 man-

648 4533 956 4605 ducando,
992 4532 1145 4593 idest
1175 4533 1237 4593 in
1270 4552 1379 4593 sua
1413 4539 1708 4608 membra,
1728 4534 1835 4614 qui
1861 4534 2093 4596 visibile
2115 4549 2240 4594 erat
2261 4550 2442 4615 caput
2465 4532 2790 4611 Ecclesiae,
2813 4535 3254 4609 convertendO,

647 4642 829 4702 etiam
877 4642 1152 4700 membra
1187 4640 1416 4701 Christi
1464 4642 1761 4717 redderet,
1814 4641 2128 4702 invisibilis
2162 4640 2462 4701 Ecclesiae
2496 4641 2738 4721 capitis;
2789 4656 2975 4721 atque
3017 4641 3097 4702 ita
3129 4641 3256 4701 adi-

650 4749 1026 4830 piscerentur
1086 4747 1616 4828 participationem
1692 4747 2106 4826 generationis
2169 4748 2413 4824 Christi,
2489 4767 2751 4828 eamque
2814 4749 3047 4831 adepti,‘
3099 4766 3255 4828 quae

648 4856 878 4917 Christi
925 4872 1069 4916 sunt
1113 4871 1413 4937 saperent,
1459 4875 1618 4934 quae
1666 4855 1896 4917 Christi
1942 4873 2086 4916 sunt
2132 4871 2554 4936 operarentur,
2588 4876 2656 4917 ac
2690 4857 2947 4917 demum
2981 4869 3087 4935 per
3117 4874 3251 4933 gra-

644 4963 791 5023 tiam
829 4963 1089 5043 Spiritus
1122 4963 1327 5025 Sancti
1373 4960 1504 5022 eius
1551 4962 1614 5021 in
1660 4977 1902 5022 aeterna
1950 4981 2176 5042 pascua
2218 4963 2659 5042 trasferrentur,
2695 4961 2946 5043 potandi
2981 4976 3251 5022 torrente
