3684 5416
675 337 778 407 516
1741 334 1912 390 Curia
1951 352 2213 392 romana.

672 535 773 580 tus
804 535 911 596 est,
946 519 1120 599 quod
1155 520 1289 580 Deo
1322 534 1591 592 auctore,
1628 535 1961 600 nostraque
1994 518 2382 579 solicitudine
2415 517 2659 598 publica
2693 536 2861 599 pace,
2893 533 2952 578 et
2983 516 3281 597 tranquil-

670 628 836 689 litate
884 628 1307 709 perfruuntur,
1357 627 1655 707 quodque
1688 627 1763 687 de
1796 645 2017 688 eorum
2052 626 2307 687 utilitate
2339 641 2398 686 et
2431 625 2640 707 quiete
2672 625 2884 686 multis
2918 624 3049 685 aliis
3081 624 3290 686 modis

673 734 1031 816 praestanda
1083 750 1143 795 et
1192 732 1477 813 augenda
1527 733 1771 794 assidue
1822 732 2189 812 cogitamus,
2242 734 2351 794 sed
2400 752 2508 795 eos
2555 731 2741 793 etiam
2786 734 2863 793 ab
2896 733 3286 793 exactionum

674 842 967 904 oneribus
999 844 1082 902 ob
1111 857 1474 922 temporum
1509 840 1822 902 interdum
1857 841 2263 918 difficultates,
2309 840 2630 921 variasque
2665 839 2894 920 publici
2929 840 3076 901 boni
3109 839 3292 900 ratio-

596 976 619 1020 5
675 970 804 1026 nes,
841 971 873 1011 a
904 949 1484 1012 Praedecessoribus
1518 948 1741 1011 nostris
1773 949 2095 1031 impositis,
2129 968 2522 1031 magnopere,
2542 963 2849 1030 quantum
2887 946 3016 1008 fieri
3049 948 3292 1029 poterit,

674 1059 959 1140 cupimus
993 1058 1329 1119 sublevare.

890 1173 917 1234 s
962 1185 1011 1226 1.
1076 1163 1385 1239 Quocirca
1433 1182 1657 1224 novam
1702 1163 2085 1226 instituimus
2131 1163 2557 1227 Cardinalium
2589 1161 3183 1243 Congregationem,
3223 1176 3289 1223 ut

677 1289 1111 1351 quaecumque
1141 1269 1494 1349 gravamina
1527 1269 1939 1350 vectigalium,
1985 1270 2396 1352 pedagiorum
2427 1285 2485 1330 et
2516 1268 2894 1329 tributorum
2931 1265 3295 1344 cujuscum-

677 1397 799 1458 que
844 1377 1087 1457 generis
1132 1377 1233 1437 illa
1280 1376 1417 1452 sint,
1471 1396 1815 1458 eorumque
1849 1377 2130 1458 exigendi
2164 1377 2448 1456 rationes,
2484 1376 2905 1453 Quaestorum
2939 1376 3215 1454 injurias,
3248 1375 3304 1436 si

574 1510 622 1543 ιο
679 1506 833 1566 quas
865 1485 1075 1546 adesse
1108 1486 1535 1566 compererint,
1581 1486 2172 1548 Commissariorum
2204 1485 2604 1563 extorsiones,
2637 1482 2845 1563 judicii
2880 1483 3079 1545 forma
3113 1484 3300 1565 plane

678 1590 1033 1672 postposita,
1083 1605 1320 1651 mature
1367 1591 1575 1652 audiat
1616 1608 1674 1653 et
1719 1607 2068 1672 cognoscat,
2099 1608 2283 1671 atque
2313 1591 2362 1653 si
2396 1590 2526 1651 fieri
2559 1609 2741 1672 posse
2779 1588 3108 1664 videbitur,
3143 1607 3299 1650 con-

677 1696 998 1759 troversias
1031 1699 1385 1760 moderetur
1416 1714 1474 1760 et
1506 1715 1875 1780 componat;
1926 1698 2098 1780 quod
2131 1699 2180 1760 si
2214 1698 2553 1760 rationibus
2586 1696 2730 1759 hinc
2763 1696 2906 1758 inde
2939 1696 3155 1775 allatiS,
3191 1716 3297 1757 ac-

679 1821 880 1866 curate
914 1804 1214 1886 expensis,
1261 1823 1355 1865 res
1387 1805 1635 1887 transigi
1671 1806 2037 1886 nequiverit,
2082 1824 2217 1866 eam
2249 1821 2437 1866 totam
2474 1806 2549 1866 ad
2585 1824 2701 1866 nos
2734 1803 2983 1881 deferat,
3020 1819 3088 1865 ut
3121 1803 3302 1884 quod

679 1931 951 1993 aequum
984 1927 1042 1973 et
1077 1911 1249 1993 pium
1283 1911 1412 1984 erit,
1461 1910 1595 1990 ejus
1629 1913 2142 1994 Congregationis
2174 1912 2432 1974 consilio
2465 1912 2799 1993 prudenter
2844 1909 3100 1971 definire
3134 1913 3300 1970 vale-

576 2044 623 2088 15
679 2037 875 2094 amm,
908 2037 1120 2079 causas
1153 2039 1300 2080 vero
1333 2019 1395 2080 in
1428 2019 1656 2100 quibus
1690 2018 1990 2099 judicialis
2021 2020 2178 2082 ordo
2212 2019 2562 2101 requiritur,
2584 2017 2847 2099 propriis
2880 2016 3187 2094 judicibus
3222 2017 3299 2078 de

681 2124 811 2204 jure
845 2125 1212 2187 decidendas
1246 2126 1579 2207 relinquat:
1630 2126 1761 2203 Qui
1792 2142 1999 2188 autem
2031 2148 2065 2188 a
2096 2126 2414 2188 Judicibus
2446 2125 2751 2187 senserint
2782 2145 2846 2186 se
2881 2140 3186 2205 gravatos,
3222 2123 3301 2184 ad

678 2232 1061 2309 Tribunalia,
1110 2251 1271 2312 quae
1320 2232 1415 2293 his
1461 2248 1607 2294 sunt
1651 2254 1726 2294 ex
1756 2233 2008 2314 antiqua
2041 2233 2424 2294 institutione
2455 2231 2818 2364 praeposita,
2850 2252 2919 2292 ac
2949 2232 3029 2292 ad
3060 2231 3198 2306 alia,
3234 2245 3310 2291 ut

680 2339 870 2400 moris
903 2355 1009 2416 est,
1045 2337 1194 2418 juris
1227 2339 1497 2401 remedia
1530 2339 1907 2420 confugiant.

1141 2569 1561 2651 Congregatio
1594 2569 1703 2645 X,
1720 2579 1846 2652 pro
1884 2569 2298 2631 Universitate
2328 2570 2539 2631 Stadii
2565 2569 2847 2632 Romani.

575 2798 630 2831 πο
898 2765 1052 2827 Illud
1085 2766 1268 2827 etiam
1301 2766 1656 2844 cogitantes,
1690 2767 1863 2847 quod
1895 2766 2210 2828 literarum
2244 2765 2537 2846 cognitio,
2558 2766 2961 2846 liberalesque
2983 2763 3308 2826 doctrinae

682 2887 741 2932 et
773 2871 1148 2953 disciplinae,
1183 2874 1411 2953 quibus
1446 2872 1732 2948 juventus
1766 2874 1829 2934 in
1863 2874 2123 2955 publicis
2156 2874 2516 2955 Gymnasiis
2550 2873 2871 2935 instruitur
2903 2888 2960 2933 et
2992 2872 3303 2947 eruditur,

685 2998 974 3055 magnam
1006 2979 1387 3041 Christianae
1423 2980 1819 3060 Reipublicae
1851 2981 1901 3040 si
1933 3000 2078 3042 cum
2112 2981 2330 3062 pietate
2360 2978 2844 3060 conjungantur,
2879 2978 3146 3039 afferunt
3178 2977 3303 3038 uti-

681 3083 952 3146 litatem:
987 3100 1134 3146 tunc
1166 3086 1333 3146 enim
1365 3086 1655 3148 Civitates
1675 3103 1734 3148 et
1756 3088 1967 3166 Regna
2000 3090 2234 3170 optime
2266 3089 2792 3163 administrantur,
2813 3106 2957 3148 cum
2995 3087 3308 3169 sapientes

685 3207 867 3271 atque
916 3191 1320 3270 intelligentes
1369 3194 1786 3273 gubernacula
1835 3195 2171 3276 possident,
2220 3198 2304 3258 ob
2350 3215 2487 3257 eam
2531 3215 2679 3256 sane
2726 3213 2975 3256 causam
3031 3194 3309 3255 Romani

575 3330 626 3374 25
686 3297 1007 3378 Gymnasii
1052 3297 1309 3379 ejusque
1358 3300 1779 3363 Universitatis
1829 3304 2140 3364 ornandae
2191 3319 2248 3364 et
2294 3301 2763 3384 amplificandae
2814 3319 3026 3362 curam
3074 3302 3311 3362 merito

683 3406 977 3486 gerimus,
1015 3407 1179 3467 unde
1213 3424 1271 3467 et
1303 3408 1497 3488 ipsam
1521 3408 1987 3471 Universitatem
2021 3413 2097 3471 ab
2131 3430 2268 3470 aere
2289 3409 2492 3470 alieno
2517 3408 3010 3488 vigintiduorum
3033 3407 3300 3469 millium

683 3528 1067 3575 scutatorum
1112 3530 1170 3575 et
1214 3514 1347 3575 aliis
1389 3515 1667 3596 pluribus
1714 3516 2007 3577 oneribus
2051 3517 2525 3593 sublevavimus,
2577 3535 2646 3576 ac
2679 3515 2857 3597 plane
2888 3514 3308 3576 liberavimus.

900 3629 929 3690 S
975 3642 1023 3682 ι.
1074 3620 1281 3701 Itaque
1313 3640 1380 3682 ut
1413 3622 1571 3683 illius
1604 3623 1940 3684 rationibus
1973 3624 2395 3703 quamoptime
2431 3622 2894 3704 prospiciamus,
2941 3622 3307 3684 Cardinales

685 3726 964 3807 quinque
997 3727 1197 3789 eidem
1219 3729 1581 3810 Gymnasio,
1606 3744 1663 3789 et
1688 3729 2095 3803 Universitati,
2127 3730 2420 3810 illiusque
2443 3728 2863 3791 reformationi
2887 3727 3302 3811 praeficimuS,

577 3866 632 3912 30
685 3834 914 3913 quibus
961 3834 1308 3897 facultatem
1356 3837 1777 3913 concedimus,
1827 3855 1893 3898 ut
1925 3858 2066 3899 cum
2102 3858 2262 3919 opus
2296 3837 2492 3913 fuerit,
2530 3837 2875 3917 praeclaros
2906 3834 3299 3914 Theologiae

687 3941 1031 4022 Magistros,
1065 3943 1546 4004 Jurisconsultos
1578 3944 1873 4024 egregiOS,
1908 3961 1966 4006 et
1998 3944 2339 4005 liberalium
2372 3944 2593 4005 artium
2616 3943 2998 4004 Professores
3036 3941 3301 4001 eximios

685 4049 1131 4129 undecumque
1179 4050 1255 4110 ad
1307 4047 1685 4126 juventutem
1732 4052 2136 4111 erudiendam
2187 4067 2461 4127 evocent,
2509 4051 2616 4132 qui
2660 4070 2907 4112 morum
2942 4048 3301 4128 integritate,

688 4156 1052 4231 eruditione,
1104 4172 1286 4237 atque
1338 4156 1632 4236 elegantia
1683 4156 1993 4219 literarum
2044 4178 2173 4219 non
2221 4159 2426 4219 minus
2474 4174 2795 4239 praestent,
2846 4176 3035 4238 quam
3069 4155 3302 4237 peritia,

687 4283 934 4343 usuque
982 4264 1263 4339 docendi,
1310 4263 1695 4343 assiduisque
1742 4265 2253 4345 praelectionibus
2285 4264 2537 4343 juvenes
2569 4265 2892 4340 instruant,
2941 4279 3137 4343 utque
3171 4262 3298 4321 sin-

579 4399 631 4444 35
691 4369 851 4449 gulis
884 4370 1275 4431 scientiarum
1308 4371 1615 4452 Magistris
1647 4390 1761 4452 pro
1794 4373 2157 4435 meritorum
2191 4372 2442 4449 ratione,
2475 4392 2540 4433 re
2574 4387 2781 4433 tamen
2814 4370 3164 4445 nobiscum,
3199 4383 3302 4428 aut

689 4499 832 4539 cum
867 4480 1334 4540 Successoribus
1369 4480 1589 4540 nostris
1624 4481 1989 4562 participata,
2021 4482 2400 4562 stipendium
2435 4480 2826 4543 constituant.
2871 4480 3124 4561 Insuper
3156 4497 3300 4538 cum

689 4588 753 4647 in
807 4588 917 4646 hac
950 4584 1132 4645 Alma
1184 4586 1347 4647 Urbe
1399 4603 1626 4663 nostra,
1677 4587 1972 4665 singulari
2021 4588 2134 4648 Dei
2187 4587 2486 4648 beneficio
2533 4588 2692 4647 inter
2739 4586 2886 4647 alias
2935 4585 3302 4647 discentium

689 4694 930 4756 scholas
963 4691 1368 4771 Graecorum,
1419 4695 1883 4771 Maronitarum,
1929 4711 1985 4756 et
2019 4697 2519 4776 Neophytorum,
2554 4694 2787 4773 ingenti
2828 4692 3199 4755 Pontificum
3231 4691 3300 4751 li-

689 4801 1017 4878 beralitate,
1067 4816 1249 4881 atque
1293 4800 1734 4879 munificentia,
1782 4818 1978 4863 erecta
2023 4803 2143 4864 sint
2174 4803 2472 4882 Collegia,
2507 4801 2927 4881 congruisque
2962 4799 3295 4860 redditibus

576 4933 636 4977 40
690 4912 913 4987 dotata,
944 4909 1008 4971 in
1040 4908 1267 4989 quibus
1300 4928 1466 4970 sacra
1497 4909 1865 4989 Theologia,
1897 4911 2298 4991 liberalesque
2330 4926 2483 4971 artes
2504 4910 2676 4971 Hebr
2691 4909 2839 4987 aice,
2865 4908 3116 4983 Graece,
3153 4912 3301 4967 Ara·
