3684 5416
524 1559 574 1592 10

525 2100 571 2145 ι5

521 2633 575 2666 20

521 3166 571 3208 25

521 3700 574 3745 30

520 4234 570 4280 35

624 403 730 457 472
1759 387 2111 444 Cardinales.

626 568 759 630 timi
805 571 1164 647 habeantur,
1208 571 1270 632 in
1315 573 1633 634 nonnullis
1666 589 1874 634 tamen
1909 573 2268 652 ProvinciiS,
2301 588 2359 634 et
2394 573 2719 651 Dominiis,
2753 574 3081 636 nobilitatis
3114 575 3244 657 pri—

626 676 861 757 vilegiis
893 696 1024 739 non
1056 679 1347 757 gaudent,
1385 698 1499 739 nec
1530 678 1607 740 ad
1639 680 1969 741 saecularia
2001 679 2224 759 officia,
2261 681 2537 742 honores
2570 697 2628 742 et
2660 680 3003 760 dignitateS,
3039 700 3244 762 neque

627 783 703 844 ad
755 783 1063 844 nobilium
1115 784 1469 865 feudorum,
1517 802 1576 847 et
1636 802 1910 849 statuum
1971 786 2392 849 successiones
2455 786 2884 864 admittuntur,
2945 787 3244 869 quodque

627 889 827 951 multo
862 892 1057 970 magis
1088 892 1454 954 indecorum
1476 893 1800 970 videretur,
1833 910 1892 954 et
1922 896 1997 955 ab
2020 893 2412 975 Apostolicae
2434 894 2609 956 Sedis
2642 893 2931 974 dignitate
2953 893 3244 971 alienum,

627 995 676 1056 si
711 996 1071 1059 huiusmodi
1118 997 1414 1076 illegitimi
1448 1019 1555 1081 per
1585 1019 1858 1081 sequens
1893 1001 2378 1080 Matrimonium,
2413 1019 2481 1063 ut
2512 1001 2873 1084 praefertur,
2907 1000 3241 1080 legitimati,

625 1101 691 1163 in
725 1104 1083 1165 Cardinales
1113 1124 1593 1185 assumerentur,
1641 1128 1710 1168 ac
1741 1105 2172 1171 Cardinalatus
2207 1108 2531 1188 celsitud0,
2567 1124 2625 1171 et
2657 1109 2968 1190 splendor,
3001 1108 3110 1188 qui
3142 1107 3238 1168 di-

625 1210 843 1290 gnitati
878 1212 1110 1291 Regiae
1142 1230 1554 1294 comparatur,
1591 1214 1763 1276 facile
1795 1215 2078 1297 deprimi,
2127 1215 2585 1292 commaculari,
2621 1230 2727 1277 aut
2760 1215 3232 1295 quodammodo

626 1315 1010 1380 inobscurari
1055 1335 1279 1399 posset.
1340 1319 1485 1381 Ideo
1538 1338 1608 1382 ut
1653 1322 1887 1402 puriori
1935 1321 2216 1404 dignitati
2249 1322 2532 1403 puriores
2565 1323 2793 1383 natales
2826 1323 3246 1402 respondeant

628 1441 1064 1502 quoscumque
1117 1424 1433 1504 illegitime
1484 1441 1679 1506 natos,
1731 1428 2118 1508 quorumvis,
2183 1427 2365 1489 etiam
2431 1429 2807 1508 Magnorum
2871 1427 3245 1509 Principum,

629 1529 810 1589 etiam
847 1530 1089 1608 Ducali,
1131 1546 1237 1592 aut
1285 1531 1521 1611 majori,
1570 1533 1750 1594 etiam
1786 1534 1996 1616 Regia,
2046 1550 2106 1595 et
2137 1534 2440 1616 Imperiali
2472 1535 2829 1596 auctoritate
2863 1534 3238 1615 fulgentium

627 1635 789 1697 filios
821 1655 1228 1718 quocumque
1261 1640 1478 1719 gradu,
1513 1639 1821 1720 dignitate,
1854 1655 1912 1701 et
1942 1641 2420 1721 praeeminentia
2442 1640 2767 1722 praeditos,
2788 1641 2971 1701 etiarn
3003 1640 3245 1720 genitos

626 1763 700 1803 ex
732 1743 957 1822 soluto,
989 1759 1047 1805 et
1077 1745 1296 1823 soluta,
1332 1745 1489 1807 inter
1522 1765 1683 1827 quos
1716 1761 1867 1807 tunc
1903 1747 2372 1809 Matrimonium
2405 1763 2684 1809 constare
2717 1762 2973 1827 poterat,
3021 1766 3092 1807 ac
3123 1766 3235 1827 po-

628 1865 753 1912 stea
800 1870 909 1932 per
938 1853 1328 1933 subsequens
1361 1853 1853 1931 Matrimonium,
1900 1853 2081 1914 etiam
2117 1854 2241 1931 rite,
2274 1870 2331 1914 et
2363 1852 2717 1915 solemniter
2748 1853 2814 1914 in
2848 1853 2997 1914 facie
3031 1853 3240 1914 Eccle-

628 1958 750 2018 siae
797 1974 1197 2038 contractum,
1245 1960 1343 2021 vel
1375 1959 1522 2021 alias
1554 1960 1945 2038 legitimatos,
1980 1976 2038 2020 et
2071 1961 2550 2040 quomodolibet
2579 1959 2944 2038 habilitates,
2981 1974 3039 2019 et
3071 1974 3241 2020 nata-

625 2063 789 2125 libus
836 2065 1162 2143 restitutOS,
1209 2086 1279 2127 ac
1324 2066 1692 2147 quorumvis
1738 2068 2054 2128 bonorum
2088 2086 2339 2147 capaces
2373 2066 2640 2143 effectOS,
2683 2065 2920 2126 etiamsi
2954 2084 3098 2127 cum
3129 2066 3233 2143 eis,

627 2186 695 2231 ut
740 2172 900 2231 hanc
944 2171 1140 2253 ipsam
1187 2172 1546 2253 dignitatem
1593 2171 1873 2235 obtinere
1919 2173 2176 2250 valeant,
2222 2193 2411 2253 super
2442 2173 2682 2234 defectu
2719 2171 3019 2234 natalium
3051 2172 3232 2233 fuerit

629 2296 925 2358 expresse,
976 2294 1034 2339 et
1083 2278 1146 2342 in
1195 2280 1398 2361 specie
1447 2280 1802 2342 auctoritate
1856 2279 2210 2360 Apostolica
2261 2279 2736 2360 quomodolibet
2798 2279 3240 2360 dispensatum,

628 2384 1036 2446 nihilominus
1084 2385 1427 2467 praedictae
1459 2385 1889 2447 Cardinalatus
1935 2384 2238 2464 dignitatis
2268 2405 2523 2468 prorsus
2556 2386 2876 2467 incapaces
2909 2401 2966 2446 et
2999 2385 3076 2445 ad
3109 2403 3242 2446 eam

628 2491 1029 2553 obtinendam
1062 2506 1361 2573 perpetuo
1396 2491 1696 2552 inhabiles
1729 2491 2139 2570 decernimus,
2175 2511 2244 2552 ac
2278 2492 2680 2553 declaramus

842 2607 871 2668 s
917 2619 1010 2679 13.
1060 2597 1181 2659 Sed
1229 2612 1286 2658 et
1331 2598 1584 2679 insuper
1631 2598 2055 2678 prohibemuS,
2088 2617 2166 2657 ne
2198 2597 2259 2675 ii,
2295 2617 2455 2678 quos
2488 2612 2739 2680 propter
2770 2596 3048 2659 defectus
3083 2595 3240 2672 vitia,

627 2720 732 2766 aut
762 2704 1206 2788 impedimenta
1241 2724 1680 2787 quaecumque
1712 2706 1790 2767 ad
1823 2725 2030 2768 sacros
2049 2704 2320 2767 Ordines
2351 2705 2700 2767 secundum
2735 2704 3065 2767 canonicas
3101 2723 3238 2766 san-

626 2812 860 2875 ctiones
892 2813 1240 2895 promoveri
1276 2813 1363 2874 fas
1395 2831 1527 2874 non
1560 2829 1666 2892 est,
1702 2813 1938 2874 etiamsi
1971 2832 2117 2873 cum
2147 2812 2293 2895 ipsis
2328 2813 2485 2874 dicta
2503 2813 2861 2875 auctoritate
2881 2810 3241 2895 Apostolica

628 2921 807 2982 fuerit
854 2921 1296 3003 dispensatum,
1343 2941 1496 2982 neve
1542 2920 1800 2998 alicujus
1848 2919 2141 2998 criminis,
2188 2940 2295 2981 aut
2337 2919 2625 2981 infamiae
2671 2936 2818 2981 nota
2864 2919 3141 3000 respersi,
3173 2919 3239 2980 in

629 3027 986 3089 Cardinales
1017 3028 1148 3088 ullo
1183 3047 1465 3108 unquam
1495 3044 1772 3109 tempore
1806 3043 2215 3089 assumantur.

843 3144 871 3203 s
917 3154 1009 3214 ¹4·
1073 3134 1425 3212 Caeterum,
1478 3150 1547 3195 ut
1598 3153 1728 3195 non
1777 3135 1985 3195 solum
2031 3135 2291 3212 honore,
2337 3133 2444 3194 sed
2493 3133 2677 3195 etiam
2708 3153 2772 3194 re
2804 3133 2934 3214 ipsa
2967 3132 3243 3194 cardines

628 3240 771 3319 sint,
824 3262 1011 3322 super
1060 3242 1291 3323 quibus
1341 3241 1498 3302 ostia
1546 3242 1910 3303 universalis
1945 3241 2249 3303 Ecclesiae
2293 3256 2429 3303 tuto
2479 3242 2771 3318 nitantur,
2824 3239 3155 3320 divinaque
3190 3254 3247 3300 et

629 3349 903 3409 humana
938 3348 1273 3411 ministeria
1306 3349 1419 3410 sibi
1453 3349 1781 3410 commissa
1817 3349 2028 3410 utilius
2062 3349 2281 3430 exequi
2314 3349 2568 3430 possint,
2593 3348 2936 3425 statuimus,
2958 3363 3026 3407 ut
3046 3346 3247 3408 lectis-

628 3455 785 3532 simi,
824 3473 880 3517 et
913 3458 1344 3538 praecellentes
1375 3456 1487 3517 viri
1519 3457 1582 3517 in
1616 3457 1821 3538 ipsum
1847 3456 2200 3538 Collegium
2221 3456 2658 3533 adscribantur,
2693 3470 2751 3515 et
2784 3472 3060 3535 quorum
3092 3453 3246 3513 vitae

629 3563 919 3644 probitas,
970 3583 1220 3625 morum
1266 3564 1518 3643 candor,
1568 3578 1880 3645 praestans
1927 3563 2225 3641 doctrina,
2274 3578 2336 3623 et
2365 3562 2650 3641 eruditi0,
2685 3560 2906 3623 eximia
2939 3560 3151 3643 pietas,
3187 3573 3244 3620 et

629 3688 771 3750 erga
803 3670 1063 3731 salutem
1094 3671 1445 3732 animarum
1478 3672 1699 3732 ardens
1731 3671 2031 3749 studium,
2066 3685 2125 3730 et
2157 3669 2346 3748 zelus,
2383 3670 2447 3730 in
2480 3669 2699 3730 dandis
2721 3667 2995 3730 consiliis
3015 3665 3249 3727 sincera

628 3775 782 3837 fides
815 3793 872 3836 et
906 3776 1236 3856 integritaS,
1271 3777 1335 3837 in
1370 3779 1552 3838 rebus
1586 3776 1873 3855 gerendis
1906 3776 2233 3856 singularis
2265 3776 2614 3858 prudentia,
2651 3774 3012 3852 constantia,
3048 3790 3105 3834 et
3137 3792 3249 3834 au-

629 3883 889 3962 ctoritas,
940 3900 997 3946 et
1044 3886 1194 3945 aliae
1243 3884 1565 3965 qualitates
1612 3906 1644 3945 a
1692 3884 1824 3962 jure
1857 3884 2206 3965 requisitae,
2240 3899 2367 3945 tam
2401 3884 2519 3965 ipsi
2550 3883 2851 3961 Pontifici,
2885 3901 3074 3962 quam
3107 3880 3248 3942 uni·

627 4010 806 4051 verso
840 3991 1124 4072 Collegio
1156 3992 1456 4071 cognitae,
1492 4006 1551 4052 et
1584 3993 1873 4072 probatae
1906 3991 2044 4052 sint.

843 4107 872 4168 S
918 4118 1011 4177 ¹5·
1075 4104 1166 4159 Ac
1218 4100 1481 4179 proinde
1530 4119 1607 4160 ne
1659 4099 1947 4160 homines
1993 4118 2304 4160 sacrarum
2365 4118 2575 4159 rerum
2634 4098 2814 4179 plane
2868 4094 3153 4176 imperiti,
3184 4109 3244 4154 et

630 4204 813 4265 rudes
859 4213 1045 4285 atque
1078 4206 1642 4268 Ecclesiasticarum
1676 4205 2072 4268 functionum
2119 4206 2331 4285 ignari,
2372 4205 2548 4286 quasi
2583 4206 2647 4265 in
2681 4203 2949 4265 Ecclesia
2982 4201 3095 4265 Dei
3129 4202 3245 4263 ho-

629 4310 830 4392 spiteS‚
879 4326 938 4371 et
984 4312 1292 4392 peregrini
1332 4312 1534 4375 statim
1568 4313 1932 4374 huiusmodi
1969 4313 2208 4375 muneri
2240 4312 2693 4395 praeficiantur,
2722 4308 2896 4391 juxta
2933 4311 3248 4372 decretum

629 4421 750 4499 jam
801 4419 1038 4501 pridem
1085 4441 1119 4481 a
1167 4420 1351 4481 nobis
1384 4419 1449 4482 in
1483 4421 1794 4502 praedicto
1828 4421 2189 4483 Consitorio
2223 4435 2435 4482 nostro
2468 4420 2790 4499 sancitum,
2822 4420 2996 4501 quod
3029 4417 3252 4500 pariter

630 4530 851 4589 harum
886 4527 1039 4588 serie
1072 4527 1467 4609 innovamus,
1516 4530 1778 4591 districte
1810 4528 2250 4607 interdicimuS,
2299 4548 2376 4589 ne
2410 4528 2550 4608 quis
2584 4528 2892 4589 ullatenus
2923 4527 3000 4587 ad
3032 4525 3248 4587 Cardi-

629 4639 868 4700 nalatus
900 4637 1211 4698 honorem
1244 4638 1476 4699 assumi
1510 4654 1715 4719 queat,
1736 4638 1855 4699 nisi
1889 4637 1998 4718 qui
2031 4654 2203 4699 antea
2236 4637 2494 4699 clericali
2527 4638 2872 4698 charactere
2903 4633 3249 4715 insignitus,

628 4760 689 4806 et
722 4746 782 4805 in
814 4760 1085 4826 quatuor
1117 4745 1472 4809 minoribus
1494 4746 1834 4808 Ordinibus
1868 4745 2252 4819 consumma,
2285 4764 2392 4827 per
2423 4763 2660 4807 annum
2694 4744 2909 4805 saltem
2943 4740 3245 4818 habitum,

628 4868 687 4913 et
718 4867 1037 4914 tonsuram
1069 4854 1393 4931 gestaverit
1426 4854 1785 4916 clericalem.
