3684 5416
560 1536 609 1567 to

558 2070 604 2113 ¹5

552 2607 605 2638 20

550 3783 603 3829 30

547 4317 598 4362 35

668 384 736 438 34
1627 360 1880 416 Ecclesia
1907 359 2317 432 antiquissima.

665 552 930 612 Possum
963 549 1161 610 dicere
1195 548 1377 609 etia'm
1412 546 1563 607 illud
1596 547 1736 628 plus
1769 565 1900 606 esse
1935 544 2107 625 quod
2141 543 2332 605 semel
2366 563 2498 605 non
2532 559 2636 605 est.
2684 543 2875 619 Quod
2914 563 3042 606 non
3076 563 3281 605 unum

665 674 775 735 est,
823 676 1121 718 numerus
1162 671 1271 716 est.
1335 655 1622 735 Denique
1665 670 1803 735 post
1839 671 2037 714 unum
2069 653 2280 733 incipit
2313 671 2633 713 numerus.
2700 651 2917 714 Unum
2949 668 3155 712 autem
3190 669 3278 713 est

664 783 851 825 omne
899 763 1068 843 quod
1116 762 1306 823 semel
1354 778 1460 825 est.
1522 750 1643 822 Sed
1678 760 1928 823 Christo
1975 762 2342 835 servabatur,
2389 759 2543 819 sicut
2575 759 2637 819 in
2670 759 2903 833 ceteris,
2950 758 3028 819 ita
3060 759 3125 820 in
3159 759 3280 821 isto

665 889 920 951 quoque
953 868 1104 949 legis
1138 869 1479 951 plenitudo.
1514 868 1660 929 Inde
1692 867 1879 947 igitur
1909 866 2074 948 apud
2108 884 2225 927 nos
2258 866 2501 947 plenius
2528 883 2711 946 atque
2732 866 3084 927 instructius
3104 886 3277 948 prae·

663 977 949 1039 scribitur
996 977 1180 1037 unius
1227 975 1601 1037 matrimonii
1649 995 1781 1036 esse
1827 990 2113 1055 oportere
2146 973 2253 1053 qui
2287 973 2637 1051 alleguntur
2667 972 2729 1033 in
2762 973 3046 1034 ordinem
3078 992 3276 1034 sacer-

663 1085 951 1145 dotalem.
1017 1083 1233 1163 Usque
1280 1083 1436 1143 adeo
1469 1082 1778 1162 quosdam
1811 1068 2064 1140 memini
2100 1079 2380 1159 digamos
2413 1079 2554 1140 loco
2586 1079 2870 1140 deiectos.
2921 1078 3042 1141 Sed
3077 1080 3274 1141 dices:

663 1192 827 1270 Ergo
874 1190 1087 1251 ceteris
1134 1189 1293 1267 licet,
1343 1208 1503 1269 quos
1536 1188 1774 1268 excipit.
1838 1186 1993 1248 Vani
2027 1186 2280 1263 erimuS,
2332 1186 2381 1247 si
2416 1186 2834 1267 putaverimus
2866 1187 3038 1267 quod
3071 1206 3276 1248 sacer-

662 1297 912 1359 dotibus
946 1316 1077 1358 non
1111 1296 1286 1357 liceat
1317 1295 1485 1356 laicis
1518 1295 1714 1356 licere.
1777 1295 2008 1355 Nonne
2041 1309 2098 1353 et
2130 1292 2264 1353 laici
2297 1292 2642 1354 sacerdotes
2674 1297 2931 1355 sumus?
2965 1294 3278 1375 Scriptum

663 1421 784 1466 est:
823 1405 1114 1484 Regnum
1148 1421 1403 1483 quoque
1439 1422 1555 1463 nos
1588 1418 1647 1462 et
1678 1402 2027 1462 sacerdotes
2061 1401 2180 1461 deo
2214 1416 2272 1461 et
2304 1400 2456 1482 patri
2489 1419 2606 1460 suo
2639 1401 2796 1462 fecit.
2852 1401 3275 1462 Differentiam

663 1510 819 1571 inter
853 1510 1135 1571 ordinem
1168 1524 1227 1569 et
1260 1509 1503 1589 plebem
1536 1508 1854 1569 constituit
1887 1507 2173 1568 ecclesiae
2204 1506 2552 1584 auctoritas,
2586 1524 2643 1568 et
2675 1508 2881 1568 honor
2913 1527 3019 1588 per
3040 1507 3276 1569 ordinis

663 1636 1023 1679 consessum
1056 1615 1481 1677 sanctificatus
1520 1615 1700 1676 Adeo
1737 1614 1840 1675 ubi
1875 1613 2257 1675 ecclesiastici
2291 1614 2525 1675 ordinis
2558 1632 2687 1675 non
2720 1630 2810 1674 est
2841 1633 3186 1691 consessus,
3219 1631 3275 1675 et

661 1724 846 1785 offers
879 1740 938 1785 et
969 1723 1199 1805 tinguis
1234 1739 1301 1783 et.
1321 1723 1605 1783 sacerdos
1638 1742 1703 1783 es
1732 1721 1839 1782 tibi
1875 1721 2067 1782 solus.
2100 1720 2222 1784 Sed
2253 1719 2357 1782 ubi
2376 1737 2518 1797 treS,
2553 1720 2804 1782 ecclesia
2826 1737 2935 1797 cst,
2955 1720 3095 1782 licet
3115 1721 3271 1782 laici.

661 1831 1111 1912 Unusquisque
1147 1830 1314 1891 enirn
1346 1849 1457 1891 sua
1489 1830 1609 1891 fide
1645 1829 1806 1905 vivit,
1840 1848 1952 1889 nee
1984 1845 2073 1889 est
2105 1846 2515 1909 personarum
2547 1828 2822 1909 exceptio
2853 1828 3017 1909 apud
3041 1828 3271 1900 deum;

661 1939 962 2020 quoniam
995 1958 1122 1999 non
1144 1936 1464 1998 auditores
1494 1936 1646 2015 legis
1679 1934 2088 1997 iustificantur
2119 1956 2152 1996 a
2173 1935 2454 2009 dominc,
2483 1935 2592 1995 sed
2616 1934 2892 2012 factores,
2925 1936 3274 1997 secundum

663 2047 834 2127 quod
882 2061 939 2107 et
983 2044 1303 2127 apostolus
1337 2043 1500 2105 dicit.
1562 2043 1748 2122 Igitur
1779 2042 1829 2104 si
1866 2043 2052 2103 habes
2084 2042 2178 2104 ius
2208 2041 2538 2105 sacerdotis
2570 2042 2633 2103 in
2665 2042 2992 2125 temetipso
3024 2043 3130 2104 ubi
3163 2063 3273 2105 ne-

663 2172 827 2215 cesse
860 2169 969 2229 est,
1003 2154 1225 2213 habeas
1246 2166 1491 2232 oportet
1511 2151 1695 2212 etiam
1715 2149 2105 2230 disciplinam
2135 2149 2486 2225 sacerdotis,
2522 2148 2628 2210 ubi
2662 2167 2908 2210 necesse
2940 2150 3014 2211 sit
3048 2150 3272 2212 habere

661 2261 756 2322 ius
802 2259 1147 2322 sacerdotis,
1214 2259 1515 2340 Digamus
1560 2257 1828 2336 tinguis?
1879 2256 2162 2335 digamus
2193 2255 2416 2318 offers?
2477 2254 2734 2331 Quanto
2765 2256 2961 2335 magis
2992 2256 3148 2321 laico
3180 2257 3273 2319 di-

660 2387 846 2447 gamo
876 2367 1129 2462 capitale
1163 2382 1251 2428 est
1283 2385 1462 2448 agere
1496 2385 1609 2446 pro
1641 2363 1975 2439 sacerdote,
2011 2382 2156 2424 cum
2187 2358 2304 2443 ipsi
2334 2363 2635 2425 sacerdoti
2652 2363 2902 2444 digamo
2923 2364 3081 2426 facto
3103 2364 3271 2428 aufe-

662 2491 827 2535 ratur
858 2493 1037 2554 agere
1070 2473 1487 2534 sacerdotem?
1521 2471 1640 2532 Sed
1677 2469 2036 2547 necessitati,
2071 2470 2297 2550 inquis,
2333 2469 2704 2551 indulgetur.
2740 2472 2926 2532 Nulla
2947 2471 3273 2533 necessitas

660 2597 983 2642 excusatur
1014 2599 1172 2661 quae
1208 2596 1405 2661 potest
1436 2597 1567 2641 non
1614 2597 1761 2640 esse.
1824 2577 1969 2638 Noli
2002 2576 2269 2657 denique
2303 2576 2586 2657 digamus
2618 2578 3018 2660 deprehendi,
3052 2593 3111 2642 et
3143 2598 3272 2640 non

661 2686 992 2749 committis
1028 2688 1089 2748 in
1130 2686 1555 2748 necessitatem
1605 2683 2071 2748 administrandi
2122 2683 2294 2765 quod
2344 2703 2472 2748 non
2521 2685 2659 2748 licet
2703 2684 2971 2767 digamo,
3032 2685 3271 2752 Omnes

659 2816 774 2858 nos
820 2796 972 2857 deus
1019 2795 1097 2856 ita
1144 2794 1275 2856 vult
1306 2795 1637 2876 dispositos
1669 2813 1820 2863 esse,
1856 2808 1924 2854 ut
1958 2793 2190 2872 ubique
2222 2793 2616 2855 sacramentis
2648 2794 2781 2855 eius
2811 2795 3120 2858 obeundis
3152 2795 3271 2877 apti

657 2904 871 2965 simus.
927 2902 1106 2964 Unus
1153 2902 1326 2978 deus,
1363 2922 1487 2962 una
1522 2901 1690 2978 fides,
1726 2921 1850 2962 una
1884 2916 1942 2961 et
1974 2899 2317 2981 disciplina.
2361 2901 2575 2980 Usque
2607 2901 2765 2962 adeo
2799 2900 2915 2962 nisi
2947 2917 3006 2962 et
3037 2885 3171 2964 laici
3203 2922 3272 2964 ea

658 3012 985 3071 observent
1017 3029 1125 3090 per
1157 3028 1315 3089 quae
1350 3008 1685 3090 presbyteri
1717 3007 2087 3091 alleguntur,
2119 3007 2447 3088 quomodo
2479 3024 2659 3069 erunt
2692 3010 3025 3090 presbyteri
3055 3011 3162 3091 qui
3195 3011 3272 3072 de

582 3143 597 3153 -
657 3116 1258 3192 laicisalleguntur?
1309 3115 1475 3196 Ergo
1524 3134 1799 3196 pugnare
1848 3116 2150 3176 debemus
2196 3130 2333 3177 ante
2380 3115 2608 3177 laicum
2655 3116 2895 3176 iussum
2928 3137 2961 3177 a
2993 3117 3270 3178 secundo

658 3222 1057 3284 matrimonio
1117 3221 1438 3300 abstinere,
1485 3222 1641 3282 dum
1686 3223 2007 3304 presbyter
2049 3241 2182 3282 esse
2226 3241 2354 3284 non
2399 3220 2555 3282 alius
2599 3237 2799 3303 potest
2844 3241 3035 3302 quam
3081 3222 3271 3285 laicus

659 3331 849 3392 semel
883 3329 1063 3391 fuerit
1094 3330 1367 3392 maritus.
1437 3327 1496 3409 [1.
1531 3350 1581 3391 c.
1618 3349 1753 3410 pag.
1786 3327 2179 3410 418—420.]

1380 3561 1442 3635 f)
1507 3563 1612 3623 De
1659 3563 2122 3642 virginibus
2170 3562 2556 3624 velandis.

872 3759 1025 3840 Cap.
1049 3758 1146 3820 IX.
1182 3758 1515 3820 Videamus
1550 3777 1739 3836 nune,
1773 3779 1852 3820 an
1882 3759 2038 3820 sicut
2059 3776 2311 3821 naturae
2343 3774 2404 3820 et
2434 3778 2652 3820 causae
2672 3776 3033 3837 argumenta
3055 3759 3269 3840 virgini

658 3886 913 3947 quoque
951 3882 1301 3947 competere
1349 3867 1853 3946 monstravimus,
1899 3868 1978 3928 ita
2025 3868 2207 3929 etiam
2238 3867 2592 3948 disciplinae
2627 3866 3063 3928 ecclesiasticae
3096 3886 3269 3947 prae-

657 3974 878 4055 scripta
899 3974 975 4035 de
998 3972 1254 4034 muliere
1277 3973 1341 4034 in
1361 3973 1667 4053 virginem
1685 3989 1981 4055 spectant.
2000 3975 2148 4035 Non
2169 3974 2537 4055 permittitur
2557 3974 2799 4036 mulieri
2820 3974 2884 4035 in
2906 3973 3155 4035 ecclesia
3175 3973 3270 4035 lo-

656 4080 785 4160 qui,
809 4080 915 4140 sed
940 4100 1057 4141 nec
1072 4081 1311 4156 docere,
1327 4100 1439 4141 nec
1458 4081 1761 4161 tinguere,
1781 4100 1896 4142 nec
1915 4081 2287 4156 offerremec
2306 4080 2490 4142 ullius
2509 4080 2698 4141 virilis
2717 4081 3015 4158 muneris,
3036 4082 3270 4142 nedum

654 4186 1045 4248 sacerdotalis
1065 4186 1252 4248 officii
1274 4204 1505 4248 sortem
1524 4186 1638 4248 sibi
1662 4187 1988 4248 vindicare.
2026 4186 2433 4262 Quaeramus»,
2452 4207 2528 4248 an
2549 4187 2781 4267 aliquid
2806 4189 3031 4251 horum
3053 4186 3270 4266 ,virgini

655 4295 845 4355 liceat.
911 4293 972 4353 Si
1021 4293 1240 4375 virgini
1277 4313 1404 4355 non
1437 4293 1594 4370 licet,
1638 4294 1746 4355 sed
1781 4293 1845 4355 in
1878 4295 2174 4355 omnibus
2206 4294 2421 4356 eadem
2454 4294 2817 4356 condicione
2848 4294 3167 4372 subicitur,
3211 4308 3270 4354 et

651 4400 972 4462 necessitas
1006 4400 1362 4462 humilitatis
1395 4420 1539 4461 curn
1570 4400 1827 4462 muliere
1861 4417 2158 4477 censetur,
2194 4403 2361 4461 unde
2385 4401 2468 4462 illi
2492 4420 2686 4474 unum
2714 4402 2830 4462 hoc
2850 4402 3052 4463 licebit
3084 4401 3255 4482 quod

655 4508 829 4569 omni
865 4508 1128 4570 feminae
1164 4529 1296 4570 non
1328 4508 1503 4570 licet?
1538 4508 1710 4584 Quid
1745 4509 2197 4588 praerogativae
2231 4525 2501 4570 meretur
2520 4510 2810 4570 adversus
2833 4508 3270 4569 condicionem

655 4635 852 4692 suam,
900 4616 948 4676 si
982 4637 1104 4697 qua
1137 4616 1311 4697 virgo
1345 4619 1467 4692 est,
1497 4631 1556 4676 et
1589 4634 1836 4676 carnem
1868 4635 2046 4676 suam
2079 4616 2450 4677 sanctificare
2484 4611 2847 4696 proposuit?
2900 4615 3132 4677 Idcirco
3164 4634 3267 4675 ve·-

654 4722 1108 4785 laminis'venia
1140 4721 1204 4783 fit
1237 4722 1341 4798 illi,
1378 4738 1445 4782 ut
1477 4722 1541 4783 in
1563 4722 1880 4783 ecclesiam
1904 4713 2186 4782 notabilis
2208 4739 2265 4783 et
2286 4723 2542 4800 insignis
2566 4717 2846 4798 introeat,
2870 4739 2940 4784 ut
2961 4723 3266 4784 honorem

654 4830 985 4892 sanctitatis
1019 4829 1081 4891 in
1115 4829 1384 4891 libertate
1416 4830 1626 4913 capitis
1658 4831 1974 4891 ostendat?
2007 4830 2214 4890 Potuit
2245 4830 2494 4909 dignius
2528 4829 2820 4892 honorari
2854 4830 3056 4910 aliqua
3093 4850 3267 4911 prae-

655 4937 925 5017 rogativa
961 4936 1146 4997 virilis
1179 4953 1283 4998 aut
1314 4938 1543 5017 gradus
1575 4954 1677 4999 aut
1711 4936 1917 4999 officii.
1956 4937 2138 4998 Plane
2172 4937 2299 4998 scio
2334 4933 2556 4998 alicubi
2595 4937 2899 5018 virginem
2931 4937 2993 4998 in
3015 4937 3267 4999 viduatu
