3684 5416
510 1685 561 1719 to

510 2225 558 2269 ¹5

504 2760 559 2794 20

507 3825 563 3872 30

508 4361 560 4405 35

614 426 749 491 523-
1686 408 1855 465 Curia
1896 426 2156 465 romana.

1804 486 1936 493 ψ

610 649 670 706 b)
716 642 1018 699 Literae
1058 643 1329 698 breves
1384 642 1468 698 de
1520 642 2086 700 reformatione
2126 642 2785 716 Congregationis
2825 642 3226 714 Indulgen-

1022 722 1155 778 tiis
1193 740 1237 778 s.
1276 722 1652 795 Reliquiis
1692 722 2265 796 cognoscendis
2304 723 2819 795 praepositae.

826 875 856 905 ‘
905 875 1107 931 Archiv
1124 877 1246 949 far
1281 877 1481 934 kathol.
1520 876 1934 934 Kirchenrecht.
1973 876 2148 931 Tom.
2187 875 2257 948 78
2296 874 2507 948 (1898).
2546 893 2601 948 p.
2625 892 2736 950 337
2772 891 2893 947 seq.

827 1024 1174 1087 Christiana
1225 1024 1596 1105 reipublicae
1639 1039 1767 1085 tam
1816 1025 1933 1085 late
1984 1024 2118 1086 fusa
2167 1040 2419 1106 tamque
2469 1043 2731 1104 operosa
2777 1023 3223 1085 administratio

612 1129 877 1193 omnino
929 1129 1294 1212 postulabat,
1344 1146 1413 1192 ut
1457 1129 1741 1192 Pontifici
1792 1149 2056 1192 romano
2110 1131 2217 1192 viri
2251 1131 2558 1213 sapientes
2589 1147 2649 1192 et
2678 1150 2896 1210 graves
2929 1146 3227 1212 perpetuo

614 1239 968 1316 assiderent,
1000 1238 1378 1319 quibuscum
1410 1252 1468 1299 et
1500 1237 1753 1299 consilia
1786 1239 2248 1300 communicare
2280 1254 2339 1300 et
2371 1238 2799 1319 quotidianam
2832 1239 3228 1320 negotiorum

615 1347 848 1409 molem
897 1345 1105 1427 partiri
1152 1360 1506 1426 opportune
1538 1359 1762 1426 posset.
1823 1346 1990 1406 Hinc
2023 1366 2091 1406 ea
2123 1361 2270 1407 sunt
2301 1346 2362 1409 S.
2394 1347 2469 1408 R.
2501 1347 2568 1410 E.
2601 1345 3025 1407 Cardinalium
3057 1345 3226 1407 Con-

613 1453 747 1514 silia
780 1452 1226 1533 sapientissime
1258 1452 1603 1521 constituta,
1652 1471 1813 1532 quae
1846 1451 2160 1514 Romanae
2193 1452 2720 1534 Congregationes
2753 1470 3225 1535 nuncupantur;

615 1579 891 1641 quorum
937 1574 1026 1620 est
1071 1559 1447 1639 quibusdam
1493 1559 1558 1620 in
1605 1558 1803 1620 causis
1851 1559 1947 1620 ius
1993 1560 2214 1637 dicere,
2267 1560 2344 1621 de
2393 1559 2524 1620 iure
2555 1560 2954 1642 respondere,
2988 1561 3227 1640 aliaque

614 1669 939 1748 complura
972 1669 1322 1746 decernere,
1356 1667 1712 1750 transigere,
1747 1687 1908 1748 quae
1941 1667 2194 1747 transigi
2224 1667 2595 1747 decernique
2628 1686 2851 1729 eorum
2870 1667 3224 1729 auctoritate

613 1774 710 1836 lex
745 1792 803 1836 et
836 1776 1230 1837 consuetudo
1264 1775 1450 1836 iubet.
1516 1774 1591 1836 Iis
1622 1790 1851 1851 tamen,
1884 1775 2057 1855 quod
2091 1775 2265 1854 ratio,
2300 1776 2472 1855 quod
2508 1774 2799 1835 naturalis
2832 1793 3039 1835 rerum
3073 1775 3229 1835 ordo

613 1882 980 1961 requirebat,
1028 1900 1159 1942 non
1205 1881 1557 1961 promiscua
1606 1880 1929 1957 universis,
1960 1881 2067 1941 sed
2100 1900 2212 1941 sua
2244 1879 2503 1959 singulis
2536 1894 2802 1961 potestas
2821 1879 2980 1956 data,
3011 1897 3224 1939 suum-

614 2007 736 2069 que
770 1987 1167 2067 negotiorum
1200 1989 1276 2050 ad
1309 1988 1765 2070 expediendum
1801 1988 2139 2069 unicuique
2170 1988 2554 2070 assignatum
2586 2007 2804 2068 genus.
2857 1986 3052 2062 Quod
3083 2006 3228 2048 sane

614 2095 730 2156 nisi
763 2095 1158 2157 decessorum
1181 2095 1560 2156 Nostrorum
1596 2095 1976 2176 providentia
2012 2096 2284 2172 cavisset,
2322 2114 2544 2175 magna
2578 2112 2701 2156 erat
2733 2094 3060 2175 permixtio
3082 2093 3230 2155 iuris

615 2216 674 2263 et
705 2201 990 2264 confusio
1022 2203 1243 2277 futura,
1278 2202 1591 2283 simulque
1621 2223 1761 2284 spes
1793 2202 2124 2264 utilitatum
2159 2204 2586 2282 maximarum,
2608 2223 2762 2284 quas
2795 2200 3037 2263 nomini
3069 2199 3227 2262 chri-

613 2309 815 2371 stiano
865 2310 1396 2391 Congregationes
1446 2312 1768 2372 Romanae
1819 2326 2189 2391 pepererunt
2238 2310 2641 2391 quotidieque
2693 2310 2955 2391 pariunt,
3003 2307 3099 2368 vel
3150 2309 3224 2367 ab

614 2416 788 2477 initio
842 2417 1264 2478 intercidisset.
1328 2416 1603 2478 Iamvero
1654 2416 1842 2478 officii
1890 2417 2099 2479 Nostri
2148 2433 2238 2478 est
2281 2417 2440 2479 tueri
2487 2418 2551 2478 in
2599 2417 2685 2478 eis
2723 2414 3230 2478 constitutionem

613 2524 1251 2605 temperationemque
1299 2524 1588 2600 nativam,
1636 2523 1964 2585 efficiendo
2016 2541 2084 2585 ut
2129 2525 2515 2604 singularum
2561 2539 2828 2605 potestas
2871 2522 3000 2583 suis
3032 2521 3227 2583 conti-

614 2646 830 2691 neatur
876 2630 1124 2707 finibus,
1170 2650 1240 2691 ac
1283 2632 1333 2692 si
1381 2631 1533 2713 quid
1569 2631 1722 2692 forte
1756 2630 1964 2692 minus
1995 2645 2483 2692 consentaneum
2516 2630 2804 2692 invexerit
2834 2629 3223 2703 diuturnitas,

614 2741 962 2801 emendare.
1030 2740 1140 2801 His
1188 2741 1265 2803 de
1314 2743 1497 2802 rebus
1542 2755 1601 2802 et
1645 2740 1846 2802 causis
1893 2759 2033 2801 cum
2082 2741 2366 2813 animum
2407 2740 2842 2801 adiecissemus
2874 2739 2951 2800 ad
2986 2755 3229 2801 sacrum

613 2847 983 2921 Consilium,
1028 2847 1205 2908 cuius
1253 2848 1529 2909 muneris
1575 2864 1664 2909 est
1710 2849 1786 2908 de
1818 2848 2217 2927 Indulgentiis
2251 2848 2750 2929 Sanctorumque
2788 2847 3090 2929 Reliquiis
3120 2866 3225 2908 co-

612 2972 911 3032 gnoscere
962 2974 1031 3014 ac
1076 2969 1359 3033 statuere,
1412 2955 1667 3035 aliquod
1716 2955 1771 3015 ei
1815 2954 2091 3016 officium
2155 2956 2579 3036 providentiae
2628 2957 2890 3017 Nostrae
2936 2952 3227 3035 impertiri

615 3058 884 3121 vidimus
914 3077 1216 3141 oportere.

830 3167 985 3228 Illud
1019 3168 1299 3229 videlicet
1329 3168 1621 3229 Clemens
1640 3169 1737 3232 lx.
1759 3170 2046 3230 decessor
2077 3169 2309 3231 Noster
2343 3170 2604 3230 instituit
2635 3170 2813 3231 Motu
2833 3170 3097 3251 proprio
3131 3167 3228 3228 die

615 3274 715 3335 Vl.
752 3273 886 3334 Iulii
933 3294 1027 3335 an.
1061 3274 1443 3336 MDCLXIX
1487 3274 1670 3353 edito,
1717 3276 2164 3355 diligenterque
2211 3274 2343 3335 eius
2389 3295 2548 3356 quae
2595 3275 2795 3337 forent
2826 3291 3025 3357 partes
3058 3293 3227 3356 prae-

614 3379 855 3462 scripsit
887 3380 983 3442 his
1015 3382 1248 3443 verbis:
1301 3429 1524 3444 .....
1568 3402 1750 3443 «cum
1783 3382 2067 3444 facultate
2101 3401 2358 3443 ornnem
2393 3381 2816 3443 difficultatem
2848 3402 2917 3443 ac
2951 3382 3228 3443 dubieta-

612 3503 740 3549 tem
790 3488 854 3549 in
906 3488 1275 3551 Sanctorum
1325 3489 1615 3570 reliquiis,
1664 3505 1769 3551 aut
1814 3488 2220 3569 Indulgentiis
2265 3506 2702 3569 emergentem,
2756 3508 2915 3570 quae
2962 3488 3036 3550 ad
3089 3486 3228 3549 fidei

612 3597 845 3676 dogma
892 3617 1023 3658 non
1068 3597 1388 3677 pertineat,
1431 3597 1628 3658 Nobis
1674 3612 1882 3659 tamen
1930 3613 1988 3657 et
2021 3617 2284 3659 romano
2320 3597 2611 3659 Pontifice
2648 3616 2761 3678 pro
2796 3613 3074 3677 tempore
3106 3595 3228 3655 exi-

614 3718 812 3765 stente
846 3704 1001 3764 circa
1033 3704 1313 3782 graviora
1345 3703 1815 3784 difficilioraque
1852 3705 2169 3783 consultis,
2205 3704 2586 3786 expediendi.
2650 3707 2743 3765 Ac
2774 3703 2823 3764 si
2856 3703 2965 3784 qui
2998 3705 3226 3763 abusus

617 3812 682 3872 in
715 3810 802 3870 eis
836 3810 1204 3891 irrepserint,
1254 3811 1411 3889 illos,
1462 3811 1671 3873 iudicii
1705 3810 1901 3873 forma
1935 3811 2119 3891 plane
2153 3812 2513 3892 postposita,
2548 3809 2896 3889 corrigendi
2928 3825 2987 3870 et
3017 3828 3228 3869 emen-

615 3917 822 3980 dandi.
861 3917 1065 3979 Falsas
1097 3937 1369 3999 quoque,
1393 3919 1779 3999 apocryphas
1807 3918 2288 3999 indiscretasque
2319 3917 2737 3999 Indulgentias
2768 3917 2929 3999 typis
2963 3914 3230 3997 imprimi

613 4025 878 4101 vetandi,
911 4025 1237 4106 impressas
1271 4025 1758 4104 recognoscendi
1790 4040 1850 4086 et
1883 4025 2288 4104 examinandi,
2334 4044 2405 4086 ac
2438 4025 2543 4085 ubi
2576 4024 2795 4101 Nobis,
2827 4044 2937 4084 seu
2969 4042 3230 4085 romano

616 4131 898 4193 Pontifici
945 4152 1058 4213 pro
1103 4148 1383 4213 tempore
1430 4133 1705 4194 existenti
1755 4133 2045 4211 retulerit,
2092 4133 2316 4193 Nostra
2362 4151 2470 4192 seu
2505 4131 2671 4193 illius
2702 4129 3059 4192 auctoritate
3093 4128 3229 4189 reii-

618 4237 814 4298 ciendi
850 4282 1054 4301 .....
1106 4239 1417 4319 Reliquias
1463 4239 1540 4299 de
1587 4259 1756 4300 novo
1805 4239 2082 4300 inventas
2115 4236 2594 4317 recognoscendi
2626 4255 2884 4317 quoque
2916 4253 2974 4297 et
3005 4235 3225 4298 exami-

617 4344 805 4404 nandi
838 4389 1044 4406 .....
1088 4345 1428 4425 omniaque
1460 4346 1578 4426 pie,
1612 4361 1839 4422 sancte,
1872 4362 1929 4406 et
1961 4346 2315 4425 incorrupte
2349 4343 2479 4404 fieri
2512 4343 2831 4405 curandi».
2889 4343 3123 4404 Verum
3154 4341 3228 4402 ad

616 4451 768 4511 haec
815 4452 1227 4534 posteriorum
1273 4472 1562 4514 concessa
1611 4452 1978 4514 Pontificum
2025 4452 2141 4513 alia
2188 4450 2434 4512 accessit
2468 4449 2742 4529 facultas,
2777 4448 3074 4510 nimirum
3105 4447 3232 4528 ipsa

613 4578 819 4621 sacrae
865 4558 1284 4637 indulgentiae
1333 4579 1592 4649 munera
1638 4560 2026 4641 dilargiendi,
2074 4559 2307 4620 adiecta
2356 4558 2663 4639 rescriptis
2709 4557 2999 4632 clausula,
3033 4565 3231 4638 prae-

614 4670 783 4730 senti
810 4667 1076 4728 valituro
1109 4667 1334 4747 absque
1366 4668 1498 4729 ulla
1529 4667 1754 4730 Brevis
1786 4670 2183 4751 expeditione.

833 4775 953 4836 Sed
989 4794 1136 4836 cum
1170 4774 1356 4835 huius
1388 4776 1628 4855 generis
1661 4776 2097 4857 rescriptorum
2133 4772 2476 4855 frequentia
2508 4772 2797 4833 crevisset
2828 4785 3066 4852 praeter
3096 4789 3231 4831 mo-

509 4898 566 4940 40
617 4882 789 4962 dum,
841 4882 1189 4962 iisdemque
1242 4883 1320 4945 de
1370 4885 1553 4944 rebus
1600 4884 1931 4945 rescribere
1976 4883 2198 4944 eodem
2244 4896 2526 4961 tempore
2575 4895 2934 4941 consuesset
2978 4877 3169 4940 Curia
3198 4898 3232 4937 a

618 4988 1060 5070 diplomatibus
1082 4990 1433 5071 pontificiis,
1465 4991 1776 5051 abnormis
1797 4990 2105 5069 quaedam
2126 5009 2197 5051 ac
2214 5002 2602 5071 praepostera
2621 4986 3003 5066 agendarum
3024 5001 3234 5047 rerum
