3684 5416
469 1523 522 1554 lo

471 2057 514 2099 ¹5

465 2601 517 2632 20

461 3669 514 3713 30

461 4203 508 4246 35

579 374 683 429 234
1208 355 1472 409 Potestas
1513 355 1891 411 ecclesiastica
1934 369 1989 410 et
2026 355 2329 426 imperium
2371 353 2545 408 civile.

791 549 820 608 S
857 561 914 606 7.
981 541 1129 600 Item
1172 541 1783 602 excommunicamus
1817 557 1876 601 et
1909 541 2492 602 anathematizamus
2523 558 2743 601 omnes
2776 538 2936 614 illos,
2969 539 3076 618 qui
3111 539 3185 598 ad

577 647 928 723 Saracenos,
959 647 1217 720 Turcas,
1253 662 1312 707 et
1342 646 1494 707 alios
1527 647 1836 709 christiani
1877 648 2149 710 nominis
2182 648 2387 708 hostes
2420 663 2477 708 et
2512 645 2814 718 inimicos,
2846 645 2943 706 vel
2975 645 3186 706 haere-

576 755 744 826 ticos,
775 773 883 834 per
915 769 1153 816 nostras
1183 754 1308 814 sive
1343 755 1528 815 huius
1562 754 1816 816 Sanctae
1853 755 2028 816 Sedis
2060 755 2387 816 sententias
2420 772 2699 834 expresse
2732 768 2791 814 et
2822 751 3188 813 nominatim

574 860 930 936 declaratos,
969 859 1254 921 deferunt
1284 880 1392 921 seu
1428 861 1852 922 transmittunt
1886 880 2105 942 equos,
2140 878 2327 936 arma,
2364 859 2610 932 ferrum,
2647 857 2821 920 filum
2842 857 3002 932 ferri,
3025 874 3186 919 stan-

576 986 751 1040 num,
804 964 1150 1047 chalybem,
1204 967 1540 1047 omniaque
1593 967 1705 1029 alia
1760 967 2152 1030 metallorum
2205 987 2428 1046 genera
2481 983 2664 1046 atque
2713 966 2929 1027 bellica
2960 967 3186 1027 instru-

575 1088 800 1141 menta,
848 1071 1202 1151 lignamina.
1235 1091 1552 1153 canapem,
1588 1074 1788 1150 funes,
1824 1091 1949 1135 tam
1983 1094 2055 1135 ex
2088 1073 2223 1154 ipso
2256 1092 2505 1153 canape,
2542 1092 2731 1154 quam
2764 1072 2876 1134 alia
2910 1091 3185 1153 quacun·

573 1198 696 1258 que
749 1179 1015 1253 materia,
1067 1195 1126 1239 et
1177 1179 1374 1259 ipsam
1428 1181 1765 1257 materiam,
1817 1181 2058 1262 aliaque
2112 1180 2495 1250 huiusmodi,
2547 1179 2775 1260 quibus
2828 1179 3188 1241 christianos

573 1301 631 1346 et
663 1286 994 1347 catholicos
1029 1287 1416 1366 impugnant,
1455 1308 1565 1350 nec
1599 1307 1726 1349 non
1762 1288 1921 1358 illos,
1956 1289 2063 1368 qui
2096 1308 2206 1369 per
2237 1308 2301 1349 se
2334 1286 2427 1348 vel
2460 1286 2611 1348 alios
2644 1288 2721 1348 de
2754 1289 2936 1347 rebus
2956 1303 3183 1346 statum

575 1392 934 1454 christianae
968 1393 1340 1473 reipublicae
1374 1395 1917 1463 concernentibus,
1953 1396 2016 1456 in
2050 1394 2527 1456 christianorum
2559 1395 2892 1476 perniciem
2925 1410 2982 1454 et
3014 1393 3186 1453 dam-

581 1518 755 1575 num,
805 1500 972 1580 ipsos
1002 1500 1239 1561 Turcas
1287 1518 1342 1561 et
1376 1501 1737 1563 christianae
1771 1502 2088 1581 religionis
2120 1502 2422 1572 inimicos,
2460 1520 2707 1562 necnon
2742 1500 3093 1574 haereticos,
3126 1500 3187 1560 in

575 1606 877 1667 damnum
907 1608 1241 1669 catholicae
1276 1608 1590 1688 religionis
1622 1610 1910 1670 certiores
1946 1608 2193 1683 faciunt,
2228 1608 2469 1689 illisque
2501 1609 2577 1669 ad
2612 1608 2672 1669 id
2705 1607 3017 1674 auxilium,
3040 1625 3177 1666 con-

572 1712 778 1773 silium
812 1713 907 1774 vel
942 1712 1212 1774 favorem
1247 1716 1733 1795 quomodolibet
1769 1731 2091 1796 praestant.

787 1829 816 1889 S
853 1822 909 1881 8.
973 1821 1121 1883 Item
1169 1822 1789 1884 excommunicamus
1821 1839 1882 1884 et
1912 1824 2497 1884 anathematizamus
2530 1842 2750 1884 omnes
2784 1821 3187 1902 impedientes

573 1947 681 1990 seu
727 1929 1084 1991 invadentes
1132 1949 1255 2000 eos,
1287 1931 1395 2009 qui
1431 1930 1711 1991 victualia
1741 1949 1850 1991 seu
1886 1929 1999 1990 alia
2034 1931 2108 1991 ad
2145 1949 2330 1992 usum
2366 1932 2680 1992 Romanae
2713 1927 2938 1990 Curiae
2973 1945 3183 1989 neces-

571 2036 723 2097 saria
756 2036 1093 2108 adducunt,
1126 2056 1193 2098 ac
1227 2037 1410 2098 etiam
1442 2055 1567 2111 eOS,
1607 2038 1717 2117 qui
1752 2057 1828 2098 ne
1861 2038 1938 2098 ad
1975 2038 2324 2099 Romanam
2356 2037 2609 2098 Curiam
2628 2037 3063 2098 adduncantur
3096 2033 3186 2092 vel

572 2141 920 2215 afferantur,
968 2145 1316 2224 prohibent,
1365 2144 1717 2226 impediunt
1762 2164 1873 2205 seu
1907 2147 2285 2225 perturbant,
2317 2163 2429 2204 seu
2462 2145 2611 2205 haec
2646 2142 2930 2204 facientes
2964 2140 3182 2202 defen·

572 2246 731 2308 dunt
775 2268 881 2326 per
925 2268 991 2309 se
1038 2248 1132 2309 vel
1164 2249 1337 2322 alios,
1386 2250 1818 2330 cuiuscunque
1855 2251 2082 2313 fuerint
2112 2251 2369 2328 ordinis,
2403 2248 2932 2330 praeeminentiae,
2965 2246 3184 2309 condi-

571 2356 754 2417 tionis
786 2372 844 2415 et
875 2370 1081 2427 status,
1120 2355 1354 2416 etiamsi
1391 2355 1722 2437 pontificali
1756 2377 1869 2418 seu
1900 2357 2106 2437 regali,
2138 2375 2242 2419 aut
2274 2358 2386 2418 alia
2420 2357 2637 2437 quavis
2668 2354 3070 2418 ecclesiastica
3094 2353 3185 2413 vel

574 2463 888 2524 mundana
923 2461 1345 2543 praefulgeant
1378 2465 1692 2541 dignitate.

786 2580 814 2638 5
851 2591 907 2646 9.
972 2570 1119 2630 Item
1166 2571 1779 2634 excommunicamus
1811 2588 1870 2632 et
1902 2572 2490 2633 anathematizamus
2523 2590 2745 2632 omnes
2776 2570 2934 2647 illos,
2969 2571 3077 2650 qui
3109 2570 3185 2630 ad

575 2675 800 2738 Sedem
820 2675 1240 2758 Apostolicam
1274 2679 1590 2740 venientes
1624 2696 1679 2741 et
1713 2680 2067 2742 recedentes
2097 2681 2172 2741 ab
2205 2679 2439 2756 eadem,
2469 2698 2578 2740 sua
2601 2678 2696 2740 vel
2713 2677 2977 2740 aliorum
3001 2695 3186 2759 opera

572 2784 960 2861 interficiunt,
1006 2785 1313 2861 mutilant,
1362 2787 1645 2865 spoliant,
1678 2787 1950 2867 capiunt,
1985 2788 2278 2859 detinent,
2315 2805 2428 2847 nec
2463 2805 2594 2848 non
2627 2786 2768 2847 illos
2798 2804 3042 2862 omnes,
3077 2786 3184 2866 qui

572 2891 1059 2953 iurisdictionem
1090 2892 1481 2967 ordinariam,
1518 2893 1612 2954 vel
1645 2893 1989 2974 delegatam
2020 2915 2053 2954 a
2088 2895 2289 2967 nobis,
2330 2895 2424 2954 vel
2457 2894 2682 2956 nostris
2717 2893 3025 2955 iudicibus
3059 2913 3184 2953 non

575 3001 885 3077 habentes,
935 2999 1099 3059 illam
1147 2999 1259 3060 sibi
1311 3018 1537 3061 temere
1585 3001 1982 3077 vindicantes,
2027 3002 2248 3063 similia
2281 3017 2493 3063 contra
2529 3017 2839 3063 morantes
2870 3002 2935 3062 in
2969 3001 3180 3062 eadem

493 3135 506 3144 ·
570 3107 739 3166 curia
772 3106 1002 3167 audent
1036 3121 1404 3187 perpetrare.

784 3222 814 3281 5
848 3231 938 3273 10.
975 3214 1126 3274 Item
1147 3214 1758 3276 excommunicamus
1790 3230 1849 3276 et
1881 3216 2472 3281 anathematizamus
2490 3235 2711 3278 omnes
2734 3214 3180 3289 interficientes,

571 3318 941 3397 mutilantes,
992 3321 1403 3397 vulnerantes,
1436 3321 1797 3394 detinentes,
1846 3324 2175 3402 capientes,
2208 3342 2319 3384 seu
2352 3322 2790 3403 depraedantes
2826 3322 3182 3402 Romipetas

564 3445 677 3510 seu
724 3428 1083 3509 peregrinos
1130 3430 1206 3489 ad
1240 3428 1473 3491 Urbem
1523 3449 1704 3490 causa
1751 3429 2099 3491 devotionis
2144 3449 2253 3492 seu
2287 3430 2795 3510 peregrinationis
2826 3430 3181 3491 accedentes

569 3550 624 3592 et
670 3533 734 3593 in
781 3555 848 3595 ea
883 3552 1211 3612 morantes,
1261 3535 1352 3595 vel
1386 3539 1461 3596 ab
1499 3536 1624 3615 ipsa
1660 3537 2031 3614 recedentes,
2065 3554 2122 3599 et
2155 3538 2220 3598 in
2253 3537 2349 3598 his
2381 3537 2594 3598 dantes
2624 3536 2944 3609 auxilium,
2979 3535 3180 3597 consi-

574 3639 730 3701 lium
762 3641 856 3702 vel
891 3640 1181 3705 favorem.

782 3758 811 3818 5
857 3769 875 3808 ι
903 3771 949 3810 ι.
1015 3750 1162 3811 Item
1205 3749 1821 3811 excommunicamus
1853 3768 1909 3810 et
1942 3750 2530 3812 anathematizamus
2560 3769 2781 3812 omnes
2812 3748 3179 3810 interficien-

566 3871 677 3932 tes,
724 3855 1096 3933 mutilantes,
1132 3856 1542 3933 vulnerantes,
1573 3858 2002 3937 percutientes,
2037 3859 2358 3939 capienteS,
2391 3870 2783 3932 carcerantes,
2815 3855 3178 3930 detinentes,

568 3961 660 4022 vel
683 3963 982 4024 hostiliter
998 3963 1395 4043 insequentes
1415 3964 1475 4024 S.
1504 3965 1573 4026 R.
1597 3963 1661 4024 Ε.
1683 3964 2036 4036 cardinaleS,
2058 3965 2444 4044 patriarchas,
2479 3963 2987 4045 archiepiscopos
3020 3962 3177 4042 epis-

568 4089 777 4149 copOS,
819 4070 1106 4150 sedisque
1140 4071 1508 4150 apostolicae
1541 4071 1793 4150 legatos»,
1836 4072 1930 4132 vel
1966 4071 2239 4148 nuntiOS,
2271 4087 2379 4132 aut
2411 4090 2517 4132 eos
2548 4093 2581 4131 a
2615 4072 2743 4132 suis
2775 4070 3179 4141 dioecesibus,

568 4175 899 4253 territoriis,
948 4178 1119 4238 terris
1152 4197 1261 4238 seu
1294 4176 1591 4238 dominiis
1624 4177 1950 4253 eiicientes,
1986 4197 2227 4239 necnon
2263 4198 2331 4239 ea
2367 4180 2754 4251 mandanteS,
2789 4178 2883 4238 vel
2916 4193 3038 4238 rata
3072 4178 3177 4236 ha-

567 4284 800 4359 bentes,
830 4303 939 4343 seu
975 4299 1344 4363 praestantes
1375 4284 1440 4344 in
1475 4284 1560 4345 eis
1593 4283 1913 4361 auxilium,
1947 4285 2271 4347 consilium
2314 4287 2404 4347 vel
2441 4285 2735 4348 favorem.

782 4398 811 4458 5
858 4409 948 4452 12.
1013 4391 1160 4451 Item
1207 4391 1821 4453 excommunicamus
1868 4408 1925 4455 et
1972 4394 2559 4455 anathematizamus
2605 4412 2823 4454 omnes
2869 4393 3021 4471 illos,
3069 4394 3175 4472 qui

566 4514 674 4576 per
722 4516 805 4571 se,
855 4496 950 4557 vel
999 4516 1107 4576 per
1138 4497 1310 4573 alios,
1346 4516 1638 4577 personas
1670 4499 2098 4560 ecclesiasticas
2131 4519 2555 4580 quascunque,
2588 4501 2681 4560 vel
2714 4500 3069 4573 saeculares,
3101 4502 3177 4560 ad

568 4604 915 4664 Romanam
951 4604 1204 4666 Curiam
1255 4623 1442 4685 super
1491 4623 1712 4665 eorum
1760 4607 1960 4667 causis
2010 4622 2068 4668 et
2118 4607 2376 4685 negotiis
2425 4622 2823 4681 recurrentes,
2868 4626 2936 4667 ac
2980 4605 3081 4666 illa
3114 4606 3178 4666 in

566 4710 781 4772 eadem
828 4711 995 4771 curia
1043 4728 1485 4791 prosequentes
1517 4728 1623 4773 aut
1656 4729 2075 4794 procurantes,
2114 4714 2638 4794 negotiorumque
2669 4731 2956 4793 gestores,
2989 4715 3175 4774 advo-

566 4833 747 4893 catos,
795 4835 1223 4897 procuratores
1270 4836 1325 4879 et
1372 4835 1641 4898 agenteS,
1685 4839 1795 4880 seu
1829 4821 2009 4881 etiam
2045 4821 2355 4882 auditores
2389 4822 2483 4882 vel
2519 4821 2757 4882 iudices
2789 4838 2973 4900 super
3005 4819 3178 4880 dictis
