3684 5416
443 1530 489 1561 to

441 2075 486 2119 15

437 2609 489 2642 20

436 3146 485 3189 25

437 4215 487 4260 35

1190 349 1454 403 Potestas
1494 348 1871 404 ecclesiastica
1912 364 1968 404 et
2005 348 2308 420 imperium
2347 348 2520 404 civile.
3049 367 3154 422 237

546 532 730 592 etiam
774 532 823 592 si
873 532 1008 593 talia
1056 531 1509 594 committentes
1543 532 1765 593 fuerint
1797 533 2148 610 consiliarii,
2183 549 2514 608 senatores,
2551 533 2975 613 praesidentes,
3010 552 3156 594 can-

546 639 787 716 cellarii,
819 640 1310 717 vicecancellarii,
1345 658 1451 703 aut
1482 642 1706 722 quovis
1737 643 1859 705 alio
1895 642 2148 705 nomine
2179 642 2541 723 nuncupati.

760 756 791 817 s
827 767 925 809 20.
987 748 1137 809 Item
1183 748 1792 810 excommunicamus
1838 764 1900 809 et
1942 749 2528 811 anathematizamus
2573 769 2796 812 omnes
2843 749 3000 826 illos,
3049 751 3156 829 qui

545 874 652 936 per
695 875 760 916 se
801 875 912 917 seu
957 855 1130 932 alios,
1177 856 1403 917 directe
1437 855 1529 916 vel
1564 856 1879 931 indirecte,
1914 859 2030 917 sub
2064 875 2450 937 quocunque
2481 857 2659 919 titulo
2692 859 2787 918 vel
2819 858 3026 919 colore
3058 858 3152 918 in-

544 962 780 1038 vadere,
812 962 1145 1039 destruere,
1178 982 1479 1043 occupare
1512 983 1580 1024 ac
1613 961 1887 1024 detinere
1920 966 2445 1045 praesumpserint
2478 965 2542 1026 in
2574 979 2776 1027 totum
2810 966 2904 1027 vel
2935 965 2999 1027 in
3020 986 3155 1047 par-

543 1084 689 1148 tem,
736 1068 962 1130 almam
997 1069 1249 1144 Urbem,
1296 1088 1556 1149 regnum
1589 1069 1857 1146 Siciliae,
1904 1069 2135 1133 insulas
2169 1070 2486 1133 Sardiniae
2521 1088 2580 1132 et
2612 1072 2921 1144 Corsicae,
2957 1120 2971 1134 .
3007 1119 3020 1132 .
3055 1119 3068 1132 .
3103 1090 3159 1132 et

542 1175 687 1239 alias
729 1177 1016 1253 civitates,
1063 1192 1251 1239 terras
1283 1193 1341 1238 et
1386 1177 1542 1252 loca,
1579 1177 1679 1239 vel
1713 1177 1844 1237 iura
1877 1177 1954 1238 ad
1985 1176 2186 1259 ipsam
2221 1178 2571 1240 Romanam
2608 1179 2939 1242 Ecclesiam
2976 1180 3154 1260 perti-

544 1284 764 1358 nentia,
809 1284 1129 1366 dictaeque
1167 1286 1485 1347 Romanae
1517 1284 1820 1346 Ecclesiae
1867 1285 2130 1347 mediate
2178 1285 2270 1346 vel
2309 1286 2661 1348 immediate
2692 1286 2980 1363 subiecta,
3014 1306 3155 1349 nec-

544 1409 675 1453 non
718 1410 1075 1471 supremam
1119 1392 1609 1455 iurisdictionem
1653 1391 1717 1452 in
1767 1391 1904 1468 illis,
1953 1392 2134 1454 nobis
2169 1408 2227 1454 et
2265 1392 2468 1455 eidem
2503 1393 2821 1456 Romanae
2852 1393 3157 1456 Ecclesiae

543 1513 1012 1581 competentem,
1045 1502 1124 1562 de
1158 1500 1316 1563 facto
1352 1520 1666 1583 usurpare,
1700 1503 2080 1580 perturbare,
2117 1500 2375 1563 retinere
2409 1518 2466 1563 et
2498 1521 2712 1565 vexare
2744 1502 2923 1564 variis
2954 1503 3158 1564 modis

542 1622 964 1687 praesumunt,
1013 1625 1260 1668 necnon
1304 1606 1724 1681 adhaerentes,
1774 1606 2058 1684 fautores,
2103 1624 2160 1668 et
2206 1607 2562 1670 defensores
2606 1627 2845 1685 eorum,
2893 1628 3004 1669 seu
3038 1607 3154 1668 illis

541 1714 852 1793 auxilium,
883 1714 1214 1777 consilium
1248 1715 1342 1775 vel
1374 1714 1647 1776 favorem
1681 1715 2160 1794 quomodolibet
2192 1732 2588 1798 praestantes.

755 1830 786 1891 s
821 1841 921 1882 αι.
985 1821 1274 1883 Volentes
1308 1839 1656 1902 praesentes
1691 1836 1940 1882 nostros
1973 1839 2297 1902 processus
2327 1842 2397 1884 ac
2428 1822 2636 1884 omnia
2658 1837 2718 1883 et
2737 1841 3155 1903 quaecunque

544 1928 638 1990 his
669 1928 855 1989 literis
885 1945 1193 2005 contenta,
1226 1948 1562 2010 quousque
1592 1928 1690 1990 alii
1728 1928 2090 1990 huiusmodi
2111 1948 2435 2009 processus
2467 1950 2500 1989 a
2536 1928 2716 1992 nobis
2735 1943 2842 1991 aut
2864 1929 3156 1991 Romano

543 2035 835 2097 Pontifice
868 2055 980 2118 pro
1026 2053 1304 2117 tempore
1351 2037 1640 2098 existente
1676 2035 1842 2112 fiant,
1886 2052 1993 2098 aut
2039 2036 2451 2117 publicentur,
2501 2036 2723 2097 durare
2755 2056 3031 2116 suosque
3066 2037 3154 2098 ef-

547 2143 737 2205 fectus
768 2144 1035 2205 omnino
1066 2144 1289 2205 sortiri.

759 2260 788 2320 s
826 2270 925 2313 22.
992 2251 1322 2312 Caeterum
1369 2272 1401 2312 a
1449 2251 1768 2330 praedictis
1815 2251 2126 2314 sententiis
2171 2251 2382 2312 nullus
2428 2270 2535 2332 per
2581 2250 2790 2327 alium,
2822 2269 3014 2331 quam
3050 2271 3156 2331 per

544 2359 907 2421 Romanum
949 2357 1331 2436 Pontificem,
1381 2359 1494 2420 nisi
1545 2359 1609 2420 in
1656 2360 1873 2423 mortis
1906 2360 2161 2421 articulo
2190 2360 2582 2433 constitutus,
2622 2377 2735 2419 nec
2766 2359 2950 2421 etiam
2983 2376 3152 2420 tunc.

544 2465 658 2526 nisi
691 2466 768 2527 de
798 2467 1019 2527 stando
1050 2466 1355 2528 Ecclesiae
1390 2466 1690 2528 mandatis
1722 2483 1780 2528 et
1810 2466 2237 2529 satisfaciendo
2270 2466 2554 2530 cautione
2590 2464 2889 2545 praestita,
2923 2466 3157 2527 absolvi

542 2572 754 2652 possit,
785 2572 967 2634 etiam
999 2588 1308 2655 praetextu
1341 2573 1713 2653 quorumvis
1747 2573 2107 2636 facultatum
2139 2591 2197 2635 et
2232 2574 2611 2635 indultorum
2650 2623 2662 2636 .
2698 2618 2710 2632 .
2748 2622 2760 2635 .

720 2688 749 2749 s
785 2698 819 2740 2
831 2699 886 2760 3.
924 2678 1118 2756 Quod
1151 2680 1201 2742 si
1237 2679 1388 2742 forte
1421 2678 1613 2760 aliqui
1646 2696 1861 2742 contra
1895 2695 2174 2742 tenorem
2209 2679 2623 2761 praesentium
2655 2679 2876 2741 talibus
2910 2698 3153 2741 excom-

544 2786 959 2848 municatione
1007 2804 1064 2849 et
1110 2789 1494 2849 anathemate
1541 2787 1859 2868 laqueatis,
1899 2788 1994 2850 vel
2038 2807 2262 2849 eorum
2297 2788 2494 2862 alicui,
2526 2786 2936 2849 absolutionis
2970 2789 3155 2847 bene-

544 2891 753 2953 ficium
785 2893 1141 2976 impendere
1173 2896 1250 2956 de
1283 2893 1440 2956 facto
1473 2896 2012 2976 praesumpserint,
2030 2915 2137 2957 eos
2171 2893 2823 2957 excommunicationis
2854 2894 3154 2955 sententia

542 2999 938 3079 innodamus,
982 3001 1227 3080 gravius
1274 3019 1483 3064 contra
1530 3022 1637 3064 eos
1669 3002 2064 3084 spiritualiter
2093 3018 2153 3064 et
2185 3003 2621 3084 temporaliter,
2655 3018 2840 3084 prout
2873 3000 3156 3082 expedire

545 3107 919 3183 noverimus,
949 3111 1312 3188 processuri.

756 3224 785 3283 S
822 3234 922 3293 24.
986 3216 1374 3279 Declarantes
1405 3238 1474 3279 ac
1521 3233 1926 3298 protestantes
1972 3237 2411 3298 quamcunque
2456 3217 2940 3289 absolutionem,
2975 3217 3157 3277 etiam

542 3320 896 3382 solemniter
930 3342 1037 3404 per
1069 3343 1185 3386 nos
1219 3323 1579 3403 faciendam,
1614 3326 1956 3407 praedictos
1988 3325 2551 3387 excommunicatos
2583 3326 2699 3385 sub
2734 3324 3155 3403 praesentibus

543 3432 1045 3510 comprehensos,
1094 3434 1209 3495 nisi
1257 3434 1426 3514 prius
1464 3455 1498 3494 a
1532 3434 1880 3515 praemissis
1926 3453 2069 3495 cum
2105 3453 2251 3494 vero
2286 3433 2609 3513 proposito
2644 3432 2902 3494 ulterius
2933 3432 3150 3494 similia

544 3557 672 3600 non
705 3540 1148 3616 committendi,
1171 3542 1530 3612 destiterint,
1559 3560 1627 3602 ac
1661 3543 1891 3621 (quoad
1924 3560 2051 3618 eos,
2086 3541 2197 3622 qui
2229 3556 2441 3602 contra
2475 3541 2942 3602 ecclesiasticam
2974 3540 3149 3600 liber-

544 3660 745 3720 tatem,
781 3664 847 3708 ut
878 3649 1298 3727 praemittitur,
1332 3665 1552 3711 statuta
1588 3648 1856 3724 fecerint)
1906 3649 2022 3709 nisi
2053 3649 2222 3730 prius
2254 3663 2490 3725 statuta,
2529 3647 2971 3724 ordinationes,
3006 3667 3153 3708 con-

544 3753 907 3831 stitutiones,
958 3756 1355 3835 pragmaticas
1406 3773 1466 3817 et
1515 3757 1754 3818 decreta
1807 3755 2169 3817 huiusmodi
2221 3756 2465 3837 publice
2517 3754 2950 3831 revocaverint,
2998 3771 3157 3815 etex

543 3861 842 3939 archiviis,
876 3883 986 3924 seu
1019 3864 1456 3945 capitularibus
1488 3865 1659 3937 locis,
1691 3879 1797 3924 aut
1827 3864 2011 3940 libris,
2058 3864 2123 3925 in
2154 3864 2384 3944 quibus
2417 3865 2705 3925 adnotata
2745 3863 3155 3944 reperiuntur.

544 3969 729 4030 deleri
762 3988 818 4032 et
850 3973 1084 4045 cassari,
1118 3992 1185 4033 ac
1220 3991 1332 4032 nos
1365 3973 1442 4033 de
1474 3972 1863 4034 revocatione
1897 3972 2256 4033 huiusmodi
2290 3972 2575 4033 certiores
2600 3970 2864 4046 fecerint,
2900 3989 3008 4031 eos
3030 3989 3157 4030 non

544 4081 1091 4160 comprehendere,
1141 4101 1254 4142 nec
1299 4082 1384 4142 eis
1430 4082 1602 4144 aliter
1646 4082 1990 4161 suffragari,
2026 4082 2180 4162 quin
2211 4083 2396 4142 etiam
2432 4100 2541 4161 per
2575 4079 2936 4142 huiusmodi
2969 4081 3153 4140 abso-

541 4186 864 4266 lutionem,
896 4205 1002 4250 aut
1047 4207 1460 4269 quoscunque
1509 4190 1661 4251 alios
1708 4205 1879 4251 actus
1925 4189 2283 4266 contrarios,
2332 4189 2544 4249 tacitos
2588 4190 2683 4250 vel
2716 4206 3055 4269 expressos,
3091 4208 3159 4247 ac

544 4294 727 4355 etiam
779 4313 884 4375 per
935 4295 1285 4375 patientiam
1337 4311 1396 4356 et
1447 4295 1836 4357 tolerantiam
1884 4310 2157 4356 nostram
2203 4296 2297 4355 vel
2330 4312 2761 4355 successorum
2798 4310 3156 4356 nostrorum

543 4417 1035 4482 quantocunque
1080 4417 1358 4483 tempore
1405 4404 1829 4464 continuatam
1879 4403 1944 4463 in
1978 4403 2323 4481 praemissis
2357 4403 2651 4464 omnibus
2688 4419 2747 4463 et
2779 4403 3057 4482 singuliS,
3093 4423 3161 4463 ac

543 4509 1019 4589 quibuscunque
1051 4509 1286 4570 iuribus
1304 4510 1479 4571 Sedis
1499 4509 1893 4590 Apostolicae
1927 4530 1995 4570 ac
2027 4524 2268 4570 sanctae
2289 4511 2606 4571 Romanae
2638 4510 2934 4570 Ecclesiae
2961 4511 3155 4571 unde·

544 4636 792 4697 cunque
839 4633 897 4677 et
941 4618 1452 4697 quandocunque
1485 4618 1772 4697 quaesitis
1806 4617 1903 4678 vel
1934 4616 2320 4698 quaerendis,
2358 4616 2719 4677 nullatenus
2756 4618 3158 4697 praeiudicari

545 4743 726 4806 posse
758 4741 861 4785 aut
894 4725 1138 4786 debere.

758 4839 788 4900 S
827 4851 924 4911 25.
992 4831 1134 4892 Non
1166 4830 1551 4892 obstantibus
1585 4831 1933 4912 privilegiiS,
1971 4831 2391 4909 indulgentiiS,
2430 4831 2684 4892 indultis
2719 4846 2776 4890 et
2797 4830 2981 4890 literis
3005 4851 3158 4911 apo-

543 4937 771 4999 stolicis
801 4939 1190 5016 generalibus
1224 4938 1316 4998 vel
1351 4938 1734 5019 specialibus.
