3684 5416
446 1611 495 1641 to

447 2139 492 2182 ⁸5

443 2779 498 2811 20

447 3317 498 3361 25

448 3869 500 3908 ‘30

445 4394 497 4437 ⁴35

551 332 654 403 366
1699 328 2021 384 OrdinatiO.

551 515 794 574 ricalem
845 513 1123 574 habitum
1172 530 1229 573 et
1262 530 1583 574 tonsuram
1618 512 1898 574 deferens
1930 512 2109 573 alicui
2143 513 2426 573 ecclesiae
2462 534 2533 574 ex
2567 515 2857 575 mandato
2889 512 3167 594 episcopi

550 621 854 697 inserviat,
902 621 995 680 vel
1045 621 1109 680 in
1155 620 1487 681 seminario
1539 621 1903 680 clericorum
1940 636 2042 680 aut
2074 620 2135 680 in
2168 620 2371 700 aliqua
2406 621 2613 680 schola
2648 621 2742 681 vel
2778 621 3164 681 universitate

551 729 625 788 de
672 727 914 788 licentia
960 728 1233 809 episcopi
1281 728 1455 807 quasi
1501 727 1562 787 in
1597 729 1689 787 via
1724 728 1800 787 ad
1839 728 2105 787 maiores
2140 727 2389 787 ordines
2422 728 2844 808 suscipiendos
2878 743 3165 787 versetur.

551 833 618 894 ln
665 833 895 895 clericis
943 855 1086 895 vero
1119 833 1465 913 coniugatis
1498 849 1772 895 servetur
1809 833 2166 895 constitutio
2203 834 2496 895 Bonifacii
2534 835 2700 910 vlu„
2733 854 2891 915 quae
2925 834 3165 916 incipit:

553 941 817 1014 Clerici,
862 945 975 1022 qui
1015 962 1148 1002 cum
1198 944 1425 1015 unicis,
1461 942 1653 1002 modo
1689 942 1747 1001 bi
1784 941 2004 1017 clerici,
2035 941 2292 1001 alicuius
2324 942 2611 1003 ecclesiae
2644 942 2888 1003 servitio
2922 942 3016 1001 vel
3048 943 3163 1003 mi—

553 1050 803 1110 nisterio
854 1051 929 1108 ab
980 1049 1271 1130 episcopo
1324 1050 1621 1129 deputati,
1676 1049 1875 1109 eidem
1926 1048 2209 1109 ecclesiae
2256 1049 2516 1109 serviant
2561 1050 2656 1108 vel
2705 1048 3068 1117 ministrent,
3107 1064 3166 1109 et

550 1157 806 1216 clericali
858 1157 1067 1217 habitu
1118 1173 1176 1217 et
1222 1173 1472 1217 tonsura
1525 1172 1799 1221 utantur:
1853 1156 2085 1216 nemini
2136 1157 2345 1236 quoad
2380 1157 2500 1216 hoc
2535 1157 2851 1237 privilegio
2884 1158 2979 1217 vel
3012 1177 3163 1219 con-

550 1264 900 1337 suetudine,
936 1264 1118 1323 etiam
1154 1264 1643 1331 immemorabili,
1676 1263 2069 1341 suffragante.
2126 1261 2182 1341 [l.
2220 1283 2269 1324 c.
2305 1284 2439 1343 pag.
2487 1262 2649 1343 182]

729 1436 791 1488 C.
823 1436 935 1489 VII.
979 1435 1352 1490 Examinandi
1382 1449 1513 1489 sunt
1542 1435 1841 1490 ordinandi
1871 1453 1900 1488 a
1932 1434 2061 1488 viris
2090 1435 2281 1506 peritis
2309 1435 2440 1489 iuris
2471 1436 2637 1490 divini
2667 1450 2721 1490 et
2749 1436 2997 1490 humani.

766 1584 986 1644 Sancta
1035 1586 1314 1666 synodus
1362 1586 1759 1664 antiquorum
1810 1603 2123 1645 canonum
2174 1585 2437 1663 vestigiis
2470 1585 2849 1645 inhaerendo
2884 1585 3167 1659 decernit,

551 1706 636 1763 ut,
684 1691 940 1769 quando
989 1691 1314 1771 episcopus
1361 1691 1815 1752 ordinationem
1866 1691 2059 1751 facere
2108 1692 2498 1772 disposuerit,
2545 1711 2785 1768 omneS,
2821 1692 2926 1772 qui
2960 1693 3035 1752 ad
3069 1713 3164 1752 sa-

550 1817 721 1857 crum
759 1798 1166 1859 ministerium
1203 1799 1488 1859 accedere
1521 1798 1842 1875 voluerint,
1879 1797 2020 1858 feria
2054 1815 2268 1879 quarta
2301 1816 2439 1859 ante
2472 1799 2667 1879 ipsam
2690 1798 3164 1875 ordinationem,

551 1906 644 1965 vel
691 1905 948 1984 quando
995 1906 1291 1985 episcopo
1342 1906 1666 1981 videbitur,
1701 1906 1776 1965 ad
1811 1905 2114 1966 civitatem
2150 1923 2496 1966 evocentur.
2564 1905 2907 1986 Episcopus
2938 1920 3164 1982 autem,

552 2011 971 2073 sacerdotibus
1006 2028 1061 2071 et
1096 2012 1226 2071 aliis
1261 2013 1664 2092 prudentibus
1699 2012 1840 2072 viris
1877 2012 2080 2093 peritis
2114 2013 2352 2073 divinae
2388 2012 2535 2091 Iegis
2568 2032 2636 2072 ac
2669 2012 2729 2072 in
2753 2012 3167 2073 ecclesiasticis

552 2119 976 2180 sanctionibus
1012 2118 1344 2179 exercitatis
1380 2118 1492 2177 sibi
1527 2118 1790 2195 adscitis,
1838 2120 2335 2179 ordinandorum
2368 2138 2591 2200 genuS,
2626 2138 2975 2199 personam,
3007 2134 3167 2180 aeta-

552 2243 696 2302 tem,
743 2225 1210 2299 institutionem,
1259 2244 1480 2297 moreS,
1532 2225 1876 2286 doctrinam
1924 2241 1979 2285 et
2018 2226 2198 2286 fidem
2236 2227 2555 2304 diligenter
2586 2227 2906 2303 investiget
2938 2241 2993 2286 et
3027 2245 3167 2286 exa-

554 2334 760 2394 minet.
824 2330 878 2410 [l.
922 2350 969 2394 c,
1004 2353 1140 2413 pag.
1191 2332 1349 2411 184]

902 2504 966 2559 (Σ.
996 2506 1135 2559 VIII.
1177 2505 1499 2572 Quomodo
1531 2519 1585 2559 et
1613 2524 1641 2558 a
1674 2524 1791 2576 quo
1824 2506 2223 2577 unusquisque
2252 2506 2581 2577 promoveri
2612 2508 2834 2560 debeat.

766 2655 1202 2716 Ordinationes
1249 2674 1561 2716 sacrorum
1612 2655 1905 2716 ordinum
1955 2655 2190 2717 statutis
2224 2676 2253 2715 a
2289 2656 2419 2716 iure
2453 2655 2834 2738 temporibus
2870 2674 2938 2715 ac
2973 2654 3034 2714 in
3068 2673 3165 2714 ca-

553 2761 805 2822 thedrali
853 2761 1124 2838 ecclesia,
1176 2761 1404 2822 vocatis
1452 2762 2002 2842 praesentibusque
2036 2762 2108 2821 ad
2144 2762 2203 2822 id
2238 2762 2527 2823 ecclesiae
2561 2762 2889 2836 canoniciS‚
2926 2760 3167 2842 publice

552 2870 967 2936 celebrentur;
1019 2868 1066 2927 si
1115 2883 1323 2928 autem
1370 2868 1432 2928 in
1480 2869 1600 2928 alio
1648 2869 1947 2929 dioecesis
1981 2870 2140 2946 lom,
2179 2886 2494 2950 praesente
2528 2870 2692 2930 clero
2724 2868 2863 2946 loci,
2899 2868 3166 2946 dignior,

560 2989 863 3053 quantum
899 2973 1027 3033 fieri
1063 2976 1299 3054 poterit,
1333 2975 1588 3035 ecclesia
1623 2994 1867 3055 semper
1900 2976 2168 3038 adeatur.
2234 2976 2680 3056 Unusquisque
2717 2992 2924 3036 autem
2957 2997 2987 3035 a
3023 2993 3167 3056 pro-

555 3081 691 3162 prio
725 3080 1018 3161 episcopo
1053 3081 1389 3142 ordinetur.
1456 3080 1648 3156 Quod
1696 3082 1742 3140 si
1785 3082 1925 3161 quis
1957 3085 2031 3142 ab
2066 3082 2187 3143 alio
2222 3083 2569 3163 promoveri
2605 3097 2784 3163 petat,
2818 3082 3169 3143 nullatenus

555 3189 614 3248 id
650 3188 726 3266 ei,
763 3187 941 3247 etiam
979 3188 1246 3249 cuiusvis
1279 3189 1580 3268 generalis
1614 3204 1718 3249 aut
1750 3188 2037 3268 specialis
2073 3190 2341 3270 rescripti
2377 3190 2469 3250 vel
2504 3189 2800 3270 privilegii
2835 3203 3167 3270 praetextu,

554 3295 734 3356 etiam
784 3295 1022 3355 statutis
1071 3295 1453 3376 temporibus
1487 3295 1888 3376 permittatur,
1922 3295 2039 3355 nisi
2073 3297 2204 3357 eius
2236 3297 2506 3377 probitas
2539 3316 2605 3356 ac
2639 3316 2844 3358 mores
2875 3294 3168 3357 ordinarii

553 3404 646 3463 sui
683 3402 1036 3464 testimonio
1070 3404 1607 3463 commendentur.
1658 3403 1720 3464 Si
1755 3423 1935 3464 secus
1968 3403 2087 3477 fiat,
2120 3403 2414 3465 ordinans
2447 3425 2476 3463 a
2513 3404 2839 3465 collatione
2873 3403 3165 3465 ordinum

553 3529 658 3590 per
690 3529 944 3586 annum,
977 3526 1033 3570 et
1066 3509 1386 3571 ordinatus
1419 3530 1452 3570 a
1486 3526 1916 3591 susceptorum
1952 3511 2242 3571 ordinum
2279 3512 2656 3588 executione,
2689 3510 2991 3591 quamdiu
3026 3530 3167 3590 pro-

552 3619 688 3698 prio
720 3618 1033 3678 ordinario
1067 3618 1372 3679 videbitur
1405 3618 1709 3698 expedire,
1743 3618 1816 3678 sit
1850 3638 2209 3699 suspensus,
2272 3617 2328 3697 [1.
2363 3638 2408 3680 e.
2444 3639 2578 3699 pag.
2627 3616 2784 3697 184]

555 3774 617 3827 C.
649 3773 713 3824 X.
758 3771 1053 3843 Episcopis
1094 3772 1392 3827 inferiores
1435 3771 1669 3843 praelati
1713 3784 2014 3826 tonsuram
2060 3773 2147 3826 vel
2190 3772 2440 3828 minores
2481 3772 2708 3828 ordines
2752 3790 2822 3827 ne
2850 3772 3169 3834 conferant,

555 3851 656 3905 nisi
698 3852 1052 3921 regularibus
1093 3852 1196 3906 sibi
1236 3851 1506 3916 subditis;
1548 3869 1654 3906 nec
1690 3851 1795 3924 ipsi
1822 3865 1920 3906 aut
1949 3852 2193 3922 capitula
2222 3870 2601 3925 quaecunque
2631 3852 2997 3908 dimissior-ias
3027 3870 3169 3907 con-

959 3934 1195 3998 cedant3
1237 3932 1484 4003 graviori
1512 3933 1568 3987 in
1596 3933 1892 3987 decretum
1924 3934 2292 4004 peccantibus
2319 3951 2511 4005 poena
2537 3945 2764 3987 statuta.

768 4046 1114 4106 Abbatibus
1162 4065 1237 4105 ac.
1278 4046 1409 4106 aliis
1459 4047 1946 4127 quibuscunque
1981 4047 2377 4126 quantumvis
2412 4048 2706 4128 exemptis
2740 4067 2870 4107 non
2903 4046 3075 4107 liceat
3110 4047 3170 4106 in

557 4169 874 4233 posterum
909 4154 1060 4212 intra
1097 4153 1249 4213 fines
1283 4153 1538 4213 alicuius
1571 4154 1874 4215 dioecesis
1912 4154 2403 4230 consistentibus,
2436 4154 2616 4215 etiam
2653 4155 2700 4214 si
2735 4155 2966 4215 nullius
2998 4154 3137 4214 dioe

558 4260 707 4319 cesis
757 4258 850 4318 vel
896 4260 1159 4339 exempti
1207 4279 1336 4320 esse
1384 4260 1680 4331 dicantur,
1730 4261 2044 4341 cuiquam,
2095 4260 2201 4341 qui
2251 4261 2541 4340 regularis
2574 4262 2860 4322 subditus
2893 4261 3007 4321 sibi
3042 4280 3169 4321 non

555 4366 649 4442 sit,
686 4380 1010 4425 tonsuram
1044 4366 1141 4426 vel
1175 4366 1446 4426 minores
1482 4369 1731 4427 ordines
1765 4369 2073 4443 conferre3
2112 4387 2224 4428 nec
2256 4367 2368 4448 ipsi
2403 4371 2646 4428 abbates
2679 4382 2735 4427 et
2768 4367 2865 4427 alii
2887 4367 3170 4447 exempti,

555 4488 658 4532 aut
705 4472 959 4551 collegia
1008 4472 1102 4532 vel
1149 4472 1409 4553 capitula
1458 4493 1891 4554 quaecunque,
1940 4475 2121 4535 etiam
2169 4475 2567 4535 ecclesiarum
2601 4475 3062 4552 cathedralium,
3096 4474 3170 4534 li-

553 4595 709 4638 teras
757 4579 1133 4639 dimissorias
1166 4580 1474 4660 aliquibus
1508 4580 1737 4641 clericis
1769 4582 2201 4658 saecularibus,
2236 4597 2302 4643 ut
2335 4585 2409 4642 ab
2443 4581 2574 4642 aliis
2605 4582 2984 4657 ordinentur,
3019 4600 3170 4641 con-

556 4688 791 4749 cedant.
856 4673 975 4748 Sed
1029 4689 1254 4748 horum
1307 4688 1597 4748 omnium
1647 4688 1977 4764 ordinati0,
2026 4690 2274 4751 servatis
2322 4689 2635 4764 omnibuS,
2684 4707 2844 4769 quae
2891 4688 2952 4748 in
2985 4687 3173 4748 huius

554 4809 793 4854 sanctae
841 4795 1061 4876 synodi
1109 4795 1364 4856 decretis
1413 4795 1828 4871 continentur,
1876 4795 1950 4855 ad
1998 4797 2346 4878 episcopOS,
2383 4797 2537 4856 intra
2572 4814 2844 4876 quorum
2878 4794 3173 4855 dioecesis

556 4899 708 4961 fines
756 4902 1058 4979 exsistant,
1110 4902 1439 4983 pertineat;
1496 4922 1624 4963 non
1676 4903 2058 4964 obstantibus
2107 4904 2425 4984 quibusvis
2461 4902 2806 4985 privilegiiS‚
2838 4901 3172 4983 praescrip-
