3684 5416
384 1569 436 1600 10

384 2103 434 2147 15

388 3172 443 3216 25

394 3706 450 3753 30

395 4240 447 4285 35

396 4777 451 4817 ⁴0

1126 399 1389 453 Potestas
1429 396 1809 453 ecclesiastica
1851 409 1907 452 et
1943 395 2247 468 imperium
2286 396 2462 452 civile.

489 585 734 646 decreto
768 583 873 647 dd.
906 603 966 663 4.
1000 581 1147 643 Maii
1193 582 1372 651 1781.
1406 597 1466 643 et
1495 601 1761 662 sequen-

487 691 647 753 tibus
709 690 839 751 aliis
901 709 1030 751 non
1086 688 1415 750 intenderit
1464 689 1762 770 impedire

490 798 621 860 eius
653 815 839 858 usum
871 794 933 856 in
963 796 1213 875 scholis,
1236 795 1534 877 velleque,
1557 816 1636 858 ne
1669 794 1762 856 ul-

487 904 584 966 lus
630 917 976 986 praesumat
1018 902 1174 964 tueri
1208 902 1666 984 propositiones
1699 902 1762 963 in

489 1012 589 1073 illa
621 1009 1007 1093 proscriptas,
1053 1011 1387 1090 solumque
1418 1010 1762 1072 abstineant

489 1139 522 1178 a
555 1117 812 1200 publicis
858 1115 1375 1198 disputationibus
1420 1116 1496 1177 ad
1530 1116 1762 1178 evitan-

490 1224 643 1285 dum
673 1223 1032 1286 scandalum
1064 1240 1387 1287 sectarum.

586 1992 641 2035 2.
673 1972 874 2055 Super
893 1970 1137 2032 Placeto
1159 1969 1391 2050 Regio:
1428 1971 1601 2052 quod
1623 1991 1765 2033 cum

493 2079 711 2141 Edicto
763 2080 861 2140 26.
897 2078 1075 2139 Mart.
1122 2079 1305 2149 1781.
1341 2093 1446 2140 aut
1477 2077 1609 2140 aliis
1641 2078 1768 2139 suis

494 2185 819 2247 ordinibus
837 2204 966 2247 non
982 2185 1311 2246 intenderit
1326 2205 1602 2266 unquam
1621 2186 1770 2246 sub-

493 2292 678 2353 sterni
723 2291 838 2352 sibi
871 2292 1112 2352 decreta
1144 2291 1391 2374 proprie
1422 2291 1769 2371 dogmatica

495 2399 557 2461 S.
592 2397 785 2460 Sedis.

592 3169 646 3229 3.
709 3148 909 3229 Super
940 3148 1284 3210 iuramento
1318 3166 1520 3228 nuper
1553 3148 1770 3209 admo-

498 3255 651 3315 dum
697 3255 875 3317 novis
921 3255 1113 3337 Eppis
1157 3255 1564 3338 praescripto:
1619 3255 1768 3315 dum

498 3363 770 3423 sublatae
832 3362 1058 3423 fuerint
1120 3362 1563 3445 expressiones,
1619 3382 1774 3442 quas

499 3467 643 3547 Mai.
682 3468 802 3530 Vra
834 3469 996 3546 velit,
1037 3486 1104 3531 ut
1134 3469 1551 3549 designemus,
1583 3483 1776 3529 cessat

499 3575 706 3636 omnis
739 3575 1088 3637 difficultas,

589 3701 649 3761 4.
686 3681 915 3757 Quoad
946 3682 1133 3743 libros
1161 3682 1471 3764 permittat
1491 3682 1632 3761 Maj.
1656 3682 1774 3744 Vra

498 3789 711 3871 Eppos
755 3789 818 3851 in
863 3790 1157 3869 libertate,
1203 3790 1572 3871 prohibendi
1605 3790 1774 3868 taleS,

499 3915 660 3977 quos
704 3897 818 3978 ipsi
861 3896 1034 3977 gregi
1082 3916 1198 3958 suo
1245 3897 1499 3958 nocivos
1546 3897 1778 3957 iudica-

499 4004 724 4081 verint;
770 4023 885 4065 nec
917 4018 1154 4065 recuset
1182 4023 1465 4065 recursus
1497 4004 1776 4085 ipsorum

501 4110 818 4171 admittere
862 4112 939 4172 ad
977 4110 1432 4192 impediendam
1465 4130 1608 4172 cum
1640 4113 1778 4173 bra-

503 4218 644 4280 chio
690 4218 946 4281 seculari
992 4218 1244 4280 illorum
1274 4218 1689 4280 invectionem
1722 4235 1779 4280 et

503 4325 980 4387 distractionem.

602 4665 654 4725 5.
719 4645 1114 4707 Nunciaturis
1145 4646 1515 4727 Apostolicis
1549 4646 1612 4706 in
1646 4646 1779 4707 Sta-

504 4752 666 4813 tibus
698 4752 823 4813 suis
856 4753 1160 4834 permittat
1191 4752 1332 4832 Maj.
1364 4754 1484 4815 Vra
1518 4773 1780 4814 consue-

506 4876 640 4920 tum
673 4878 927 4921 cursum
959 4879 1282 4921 causarum
1315 4861 1390 4921 ad
1423 4876 1778 4942 competen-

506 4966 655 5028 tiam
677 4968 1037 5029 earumdem
1057 4967 1484 5048 spectantium,
1510 4982 1577 5028 ut
1596 4966 1779 5049 quip-

2990 399 3098 469 269

1821 584 1989 643 bono
2021 581 2354 662 religionis,
2402 601 2471 642 ac
2503 581 2707 642 Status
2747 580 2902 652 mei3
2951 581 3096 642 nul-

1821 689 1942 748 lam
1991 688 2251 769 proinde
2297 688 2497 750 habeo
2544 686 2962 749 difficultatem
2999 707 3095 748 re-

1819 794 2100 856 solvendi
2133 813 2233 855 me
2267 795 2342 856 ad
2375 793 2848 856 declarationem
2870 793 3093 855 decreti

1818 901 2251 963 concernentis
2296 901 2527 962 bullam
2564 901 2936 980 Unigenitus
2968 917 3092 962 tam

1819 1023 2099 1088 respectu
2163 1027 2449 1070 meorum
2498 1008 2837 1088 Epporum,
2900 1025 3092 1088 quam

1819 1135 2099 1177 mearum
2118 1114 2470 1178 scholarum
2488 1115 2904 1196 publicarum;
2931 1113 3094 1195 prio-

1820 1224 1989 1284 ribus
2021 1238 2234 1284 notam
2263 1222 2517 1284 reddam
2553 1241 2688 1284 eam
2722 1241 2854 1283 esse
2890 1239 3094 1282 meam

1818 1330 2218 1409 voluntatem,
2250 1349 2329 1391 ne
2361 1330 2525 1392 ullus
2556 1330 2777 1392 audeat
2808 1328 2965 1390 tueri
2984 1347 3095 1389 seu

1820 1456 1935 1517 pro
1967 1458 2077 1499 seu
2111 1453 2324 1499 contra
2356 1435 2815 1518 propositiones
2848 1435 2910 1497 in
2931 1434 3098 1496 bulla

1821 1543 2220 1626 proscriptas3
2284 1559 2342 1605 et
2386 1545 2611 1606 eodem
2650 1544 2785 1626 ipso
2817 1559 3099 1623 ternpore

1822 1651 2171 1731 permittam
2222 1650 2685 1732 posterioribuS,
2746 1666 2816 1712 ut
2868 1649 2931 1710 in
2984 1649 3100 1708 hac

1822 1757 2172 1818 modalitate
2235 1758 2296 1818 id
2361 1758 2566 1838 ipsum
2618 1758 2797 1819 detur
2847 1753 3099 1816 notitiae

1821 1864 2212 1926 studentibus
2242 1864 2642 1944 Theologiae.

1912 1971 2012 2032 Ad
2051 1991 2104 2034 2.
2167 1970 2492 2046 Quantum
2524 1972 2598 2032 ad
2633 1972 2944 2033 Placetum
2976 1969 3098 2029 Re-

1822 2079 2029 2161 gium:
2095 2078 2375 2159 quamvis
2427 2078 2491 2139 in
2542 2077 2783 2139 Scholis
2844 2074 3106 2157 publicis

1826 2186 2220 2248 Monarchiae
2255 2205 2424 2246 meae
2458 2185 2769 2264 doceatur,
2790 2183 2854 2243 in
2875 2182 3105 2262 quibus

1825 2293 2087 2372 casibus,
2136 2308 2196 2354 et
2240 2291 2496 2373 quando
2528 2291 2602 2352 sit
2649 2287 3098 2351 necessarium:

1826 2420 1957 2462 non
1974 2419 2191 2462 recuso
2207 2398 2611 2461 nihilominus
2631 2397 2934 2458 declarare
2950 2393 3104 2455 San-

1825 2507 2010 2568 ctitati
2027 2506 2295 2585 Vestrae,
2317 2507 2510 2587 quod,
2532 2506 2582 2566 si
2603 2503 2929 2566 Gubernio
2950 2521 3102 2564 con-

1825 2614 2054 2691 stiterit,
2102 2614 2336 2674 bullam
2381 2614 2738 2695 quampiam
2785 2630 2916 2672 esse
2948 2628 3103 2691 pure

1824 2721 2259 2805 dogmaticam,
2306 2721 2567 2783 liberum
2619 2720 2673 2780 ei
2707 2737 2954 2780 cursum
2990 2718 3100 2777 ad-

1827 2830 2024 2891 mittet
2069 2830 2134 2890 in
2168 2827 2544 2905 executione,
2578 2826 2733 2907 quin
2765 2826 2860 2886 illa
2894 2824 3101 2906 quoad

1827 2939 1913 3017 id,
1946 2938 2120 3018 quod
2153 2938 2380 3016 dogma
2414 2934 2672 3016 respicit,
2706 2933 2947 2995 placeto
2981 2931 3105 2994 Re-

1827 3045 1931 3126 gio
1965 3048 2405 3107 substernatur.

1919 3152 2015 3212 Ad
2044 3171 2099 3231 3.
2129 3150 2323 3226 Quod
2343 3149 2761 3210 iuramentum
2783 3148 3107 3228 Epporum

1827 3258 2119 3319 constitui
2152 3256 2428 3338 adoptari
2451 3256 2645 3317 facere
2668 3255 3104 3331 iuramentum,

1829 3366 2003 3446 quod
2036 3378 2344 3446 praestant
2375 3362 2531 3444 Eppi
2553 3361 2792 3439 Gallici,
2826 3378 2885 3422 et
2916 3361 3108 3422 taliter

1831 3471 2088 3533 cessabit
2121 3470 2324 3532 omnis
2356 3468 2651 3549 quaestio,

1919 3686 2016 3746 Ad
2050 3704 2109 3764 4.
2171 3682 2329 3765 Eppi
2378 3682 2440 3743 in
2489 3680 2886 3743 censurandis
2933 3679 3105 3741 libris

1830 3808 2089 3875 possunt
2151 3791 2367 3868 facere,
2430 3804 2488 3849 et
2539 3789 2813 3849 fecerunt
2861 3804 3104 3868 semper

1832 3897 2414 3980 repraesentationes
2446 3894 2785 3970 Gubernio,
2832 3894 3004 3974 quod
3038 3893 3110 3953 il-

1830 4006 1926 4067 los
1975 4004 2326 4066 secundavit
2374 4003 2438 4064 in
2481 4002 2738 4080 casibus,
2784 4001 3010 4082 quibus
3041 4000 3103 4060 id

1831 4112 2149 4187 convenit;
2187 4130 2317 4172 non
2349 4129 2609 4193 possum
2641 4109 2823 4190 igitur
2843 4127 3111 4170 consen-

1832 4221 1943 4281 tire
1996 4220 2059 4281 in
2111 4218 2442 4280 maximam
2492 4216 2997 4298 prohibitionem,
3053 4229 3112 4275 et

1836 4326 2155 4409 publicum
2203 4325 2544 4407 quodpiam
2607 4324 2879 4385 edictum
2930 4323 3113 4383 relate

1835 4434 1912 4495 ad
1944 4431 2154 4512 libros,
2188 4452 2461 4514 quorum
2493 4451 2708 4493 cursus
2740 4431 3119 4512 adprobatus

1837 4556 1929 4602 est
1961 4562 1994 4601 a
2027 4541 2303 4602 Censura
2337 4539 2401 4600 in
2434 4540 2607 4601 Statu
2640 4537 3022 4599 auctorisata.

1928 4647 2025 4708 Ad
2066 4668 2118 4727 5.
2180 4648 2418 4708 Norma
2458 4646 2716 4707 stabilita
2749 4662 2863 4726 pro
2896 4641 3118 4702 ordine

1836 4754 2133 4815 iudicatio
2167 4755 2232 4814 in
2256 4753 2616 4815 Monarchia
2638 4751 2806 4814 haud
2833 4746 3117 4823 admittit,

1837 4876 1905 4921 ut
1926 4860 2303 4922 Nunciatura
2325 4881 2388 4922 se
2408 4874 2669 4942 reponat
2690 4860 2754 4920 in
2775 4854 3115 4939 possessio-

1837 4986 1984 5028 nem
2001 4966 2149 5028 iuris
2167 4967 2513 5049 cuiuspiam
2526 4966 2754 5029 ferendi
2768 4962 3117 5026 sententias.
