3684 5416
1582 360 2074 444 'Metropolitffi
3035 381 3095 431 47
3107 381 3125 417 r

704 589 771 660 b)
825 591 1321 647 Innocentius
1363 592 1466 647 111.
1508 593 1996 650 Antiocheno
2032 595 2559 661 patriarchae,
2598 595 2667 651 in
2707 613 2754 651 c.
2803 614 2843 654 1.
2885 597 2953 650 X.

1368 675 1436 728 de
1473 678 1831 730 translatione
1867 679 2119 748 episcopi.
2165 677 2200 730 1.
2237 694 2288 748 7.

725 816 755 845 ‘
796 815 953 886 corp.
984 819 1088 869 ίαν.
1116 835 1236 869 ean.
1267 817 1357 871 ed.
1396 815 1826 888 Friedberg.
1857 818 2031 872 Tom.
2062 819 2123 872 11.
2153 818 2258 874 col.
2285 822 2515 893 96—97.
2564 821 2663 875 Po
2684 820 2925 875 tthast
2964 836 3016 872 n.
3047 837 3136 890 52.

514 956 863 1019 patriarcha,
906 955 1003 1028 qui
1045 955 1455 1013 confirmatum
1480 957 1537 1013 in
1565 957 2064 1038 archiepiscopum
2094 959 2364 1017 transfert
2391 962 2466 1016 ad
2492 961 2690 1017 sedem
2718 961 3127 1034 episcopalem,

433 1058 459 1103 5
924 1039 997 1093 ab
1027 1039 1435 1112 episcoporum
1464 1038 1909 1097 confirmatione
1938 1040 2320 1112 suspenditur.
2359 1043 2515 1097 Ioan.
2543 1044 2719 1099 Andr.

729 1169 948 1247 Quum
982 1191 1054 1231 ex
1090 1171 1197 1232 illo
1227 1173 1495 1252 generali
1531 1172 1873 1254 privilegiO,
1909 1173 2080 1253 quod
2115 1175 2294 1234 beato
2315 1174 2495 1235 Petro
2529 1190 2588 1236 et
2622 1195 2728 1256 per
2759 1195 2903 1237 eum
2938 1177 3130 1238 eccle-

517 1278 641 1339 siae
673 1278 992 1340 Romanae
1026 1277 1339 1340 Dominus
1391 1294 1599 1340 noster
1646 1279 1924 1354 indulsit,
1974 1280 2272 1341 canonica
2306 1281 2712 1360 postmodum
2745 1285 3131 1345 manaverint

516 1384 808 1463 instituta,
860 1385 1241 1447 continentia
1291 1386 1553 1447 maiores
1605 1387 1896 1448 ecclesiae
1943 1407 2158 1448 causas
2207 1403 2337 1448 esse
2368 1389 2446 1448 ad
2478 1389 2710 1449 sedem·
2732 1391 3135 1470 apostolicam

514 1492 930 1574 perferendas,
966 1514 1035 1554 ac
1067 1512 1177 1574 per
1208 1493 1330 1553 hoc
1360 1493 1790 1554 translationes
1810 1494 2269 1576 episcoporum,
2289 1497 2457 1556 sicut
2472 1496 2882 1578 depositiones
2903 1518 3145 1571 eorum,

413 1627 463 1661 ιο
515 1617 573 1661 et
603 1600 847 1662 sedium
878 1601 1253 1663 mutationes
1286 1602 1364 1662 ad
1396 1620 1721 1662 summum
1752 1601 2127 1682 apostolicae
2161 1602 2324 1664 sedis
2355 1602 2689 1664 antistitem
2722 1604 2799 1664 de
2827 1603 2956 1665 iure
2992 1623 3130 1684 per-

515 1707 772 1786 tineant,
821 1728 936 1770 nec
982 1728 1168 1790 super
1213 1709 1307 1770 his
1355 1710 1693 1790 quicquam
1742 1724 1982 1790 praeter
2013 1710 2146 1770 eius
2179 1730 2501 1771 assensum
2537 1711 2754 1771 debeat
2786 1711 3132 1772 immutari:

515 1815 813 1876 miramur
858 1838 977 1877 non
1025 1818 1327 1877 modicum
1360 1823 1421 1875 et
1449 1837 1777 1890 movemur,
1810 1817 1983 1896 quod
2017 1813 2182 1897 [tu],
2201 1817 2707 1897 praedecessoris
2739 1821 2836 1878 tui
2862 1817 3136 1899 exempla

517 1927 782 1996 secutus,
827 1926 940 2003 qui
981 1930 1142 1984 motu
1176 1926 1478 2005 propriae
1522 1922 1859 1984 voluntatis
1904 1924 2355 1984 Mamistanum
2404 1926 2469 1983 in
2511 1921 2865 1984 Tarsensem
2900 1924 3136 1984 dicitur

517 2029 932 2104 transtulisse,
979 2031 1044 2090 L.
1091 2033 1393 2111 quondam
1427 2036 1844 2113 Apamensem
1894 2032 2158 2092 electum
2208 2031 2270 2090 in
2317 2029 2770 2111 Tripolitanam
2817 2029 3139 2091 ecclesiam

416 2159 463 2205 ις
517 2135 892 2210 transtulisti,
940 2156 1050 2196 nec
1096 2136 1217 2196 tibi
1257 2138 1502 2215 sufficit
1531 2138 1759 2198 dictam
1779 2138 2286 2218 praedecessoris
2321 2140 2417 2198 tui
2431 2140 2995 2218 praesumptionem
3031 2157 3135 2197 so-

518 2244 821 2304 lummodo
853 2245 1117 2319 imitari,
1151 2246 1272 2306 imo
1304 2247 1488 2306 etiam
1522 2247 1586 2306 in
1622 2248 1922 2306 iniuriam
1956 2251 2229 2305 nostram
2264 2247 2461 2326 ipsius
2481 2251 2908 2325 transgressus
2928 2263 3138 2304 exces-

519 2373 651 2414 sum
699 2367 775 2427 et,
820 2371 989 2413 novo
1030 2353 1303 2431 quodam
1337 2351 1700 2413 mutationis
1732 2370 1961 2432 genere
1995 2349 2356 2431 parvificasti
2389 2350 2709 2426 maiorem,
2745 2367 2805 2411 et
2836 2369 3140 2430 magnum

519 2459 995 2540 quodammodo
1029 2460 1365 2536 minorasti,
1397 2459 1755 2541 episcopare
1789 2458 2345 2541 archiepiscopum,
2378 2458 2576 2520 immo
2598 2458 2802 2539 potius
2822 2457 3144 2518 dearchie-

518 2565 840 2647 piscopare
886 2585 1306 2647 praesumem,
1355 2586 1537 2647 quum
1586 2566 1790 2626 dictus
1808 2567 2254 2646 praedecessor
2284 2572 2421 2626 tuus
2455 2567 2683 2626 dictum
2717 2565 3137 2647 archiepisco-

412 2700 467 2735 20
504 2682 661 2756 pum
694 2674 771 2735 de
810 2671 863 2735 T
855 2673 1144 2735 harsensi
1172 2673 1428 2735 ecclesia
1462 2675 1527 2734 in
1560 2672 1882 2734 ecclesiam
1917 2671 2312 2733 transtulerit
2327 2670 2558 2732 similis
2579 2672 2925 2752 dignitatis.
2970 2670 3139 2731 Licet

522 2782 689 2842 enim
737 2781 936 2842 dictus
983 2781 1052 2842 L.
1088 2781 1374 2842 nondum
1422 2780 1631 2841 fuisset
1678 2780 1743 2840 in
1790 2779 2330 2860 archiepiscopum
2362 2796 2772 2856 consecratus,
2808 2779 3141 2841 confirma-

519 2889 707 2950 tionis
737 2904 946 2949 tamen
979 2907 1212 2950 munus
1246 2903 1572 2969 receperat,
1607 2905 1666 2950 et
1697 2886 2263 2969 archiepiscopalia,
2295 2903 2602 2968 quantum
2637 2888 2691 2948 ei
2724 2887 2915 2964 licuit,
2950 2886 3138 2947 mini-

524 3012 758 3071 strarat,
808 2996 961 3056 sicut
1009 2995 1190 3056 nobis
1234 2995 1428 3077 ipsius
1476 2996 1771 3057 relatione
1822 2996 2114 3071 innotuit,
2150 2995 2356 3075 quise
2393 2994 2738 3055 Valiensem
2777 2994 3141 3075 episcopum

520 3123 704 3185 quum
737 3105 802 3163 in
835 3109 1057 3183 nostra,
1079 3110 1238 3163 esset
1251 3106 1614 3185 praesentia
1645 3106 2040 3177 constitutus,
2073 3103 2329 3163 asseruit
2361 3101 2779 3163 confirmasse.
2830 3103 2924 3162 Ne
2958 3100 3142 3180 igitur

414 3234 466 3279 25
522 3211 915 3292 perpetrandi
946 3210 1165 3272 similia
1199 3211 1411 3272 ceteris
1443 3211 1694 3272 audacia
1726 3211 2048 3288 tribuatur,
2082 3213 2143 3271 si
2170 3217 2378 3271 tantus
2410 3231 2688 3271 excessus
2722 3210 2975 3270 relictus
2988 3210 3141 3285 fue-

523 3320 612 3379 rit
652 3320 989 3400 impunitus
1036 3334 1092 3380 te
1139 3320 1214 3379 ab
1261 3319 1701 3399 episcoporum
1751 3317 2228 3379 confirmatione
2275 3316 2566 3377 duximus
2611 3314 3144 3395 suspendendum,

523 3444 832 3506 quousque
863 3436 1048 3508 super
1078 3425 1197 3485 boc‘
1224 3426 1404 3485 aliud
1431 3431 1796 3498 statuamus,
1832 3422 2122 3502 [sciturus
2154 3429 2264 3483 etc.
2300 3422 2450 3484 Dat.
2485 3424 2766 3483 Lateran.
2790 3420 2962 3480 XVI.
2997 3419 3150 3480 Kal.

522 3531 726 3614 April.
772 3532 972 3613 1198.]

524 3716 584 3786 c)
637 3712 1131 3768 Innocentius
1186 3713 1297 3767 Ill.
1350 3713 1423 3768 in
1477 3713 1700 3768 Conc.
1742 3701 2242 3766 Lateranensi
2296 3708 2389 3762 IV.
2428 3726 2477 3761 a.
2527 3724 2653 3776 ¹2¹5
2694 3704 2959 3758 habito
3001 3721 3048 3758 c.
3091 3723 3144 3775 5.

417 3824 474 3870 30
822 3821 891 3843 =
931 3813 977 3852 c.
1019 3813 1104 3867 23.
1144 3795 1211 3850 Χ.
1252 3796 1319 3847 de
1347 3797 1658 3865 privilegiis
1695 3800 1750 3846 et
1783 3795 2084 3846 excessibus
2119 3792 2606 3861 privilegiatormn.
2647 3786 2716 3840 V.
2757 3804 2841 3858 33.

735 3934 765 3968 ¹⁸²
819 3935 1030 4006 Corpus
1067 3937 1173 3987 iar.
1213 3952 1332 3986 can.
1374 3934 1462 3987 ed.
1506 3930 1958 4001 Friedberg‚
2010 3931 2182 3984 Tom.
2224 3930 2286 3982 11.
2327 3928 2434 3982 col.
2473 3944 2597 3999 43¹·
2661 3924 2962 3985 Hefele,
3003 3926 3150 3977 Con·

518 4016 848 4089 geschichte.
903 4016 1077 4071 Tom.
1106 4015 1175 4067 V.
1213 4032 1267 4086 p.
1295 4012 1598 4084 882—883.

524 4159 698 4216 Ponit
739 4158 1047 4215 concilium
1076 4157 1339 4213 ordinem
1368 4169 1617 4229 quatuor
1644 4152 2108 4226 patriarchalium
2136 4150 2377 4215 sedium,
2404 4167 2587 4221 usque
2617 4148 2724 4202 ibi:
2764 4148 3021 4215 Servata,
3049 4145 3146 4200 ubi

526 4239 689 4312 ponit
716 4237 819 4294 tria
846 4236 1134 4309 privilegia
1163 4239 1431 4308 ipsarum.
1485 4235 1741 4291 Primum
1770 4234 1902 4307 quia
1931 4235 2067 4288 dant
2093 4231 2341 4304 pallium.
2396 4229 2730 4286 Secundum
2779 4227 2886 4282 ibi:
2942 4224 3143 4281 Domi-

418 4355 472 4402 35
525 4322 705 4390 nicae,
746 4320 879 4393 quia
920 4331 1052 4374 ante
1092 4335 1154 4373 se
1194 4335 1424 4374 crucem
1466 4316 1674 4371 deferri
1702 4315 1930 4378 faciunt,
1960 4326 2364 4386 praeterquam
2392 4310 2448 4366 in
2478 4311 2720 4372 casibuS‚
2749 4307 2838 4363 hic
2877 4306 3147 4380 exceptis.

526 4401 792 4457 Tertium
817 4399 919 4455 ibi:
949 4400 1008 4454 ln
1037 4399 1328 4469 omnibm,
1349 4398 1479 4471 quia
1509 4397 1581 4451 ad
1608 4396 1770 4467 ipsos
1795 4396 2128 4467 appellatur.
2157 4395 2228 4447 Et
2253 4392 2310 4447 in
2336 4392 2450 4447 hoc
2470 4388 2918 4464 potestaturibi:
2946 4388 3146 4445 Salvis.

738 4515 1018 4594 Antiqua
1066 4512 1558 4593 patriarchalium
1606 4511 1852 4572 sedium
1901 4507 2212 4590 privilegia
2246 4521 2629 4582 renovantes,
2661 4519 2861 4565 sancta
2896 4503 3146 4564 univer-

523 4624 633 4687 sali
665 4623 913 4705 synodo
944 4623 1323 4702 approbante
1355 4621 1686 4696 sancimus,
1717 4633 1785 4680 ut
1818 4632 1960 4698 post
1993 4616 2341 4677 Romanam
2375 4613 2712 4689 ecclesiam,
2741 4630 2900 4691 quae
2940 4608 3148 4689 dispo-

526 4746 713 4794 nente
747 4729 1027 4792 Domino
1060 4746 1249 4808 super
1281 4746 1497 4789 omnes
1528 4726 1675 4787 alias
1707 4724 2054 4787 ordinariae
2088 4722 2400 4804 potestatis
2432 4720 2670 4782 obtinet
2709 4718 3153 4798 principatum,

416 4872 477 4914 40
529 4854 744 4921 utpote
780 4852 972 4898 mater
1004 4835 1440 4896 universorum
1460 4832 1689 4895 Christi
1722 4831 2005 4892 fidelium
2038 4845 2096 4890 et
2129 4828 2432 4907 magistra,
2453 4823 3150 4904 Constantinopolitano

530 4946 823 5029 primurn,
889 4942 1304 5004 Alexandrina
1368 4940 1739 5018 secundum,
1803 4937 2191 5001 Antiochena
2251 4935 2522 5012 tertium,
2586 4930 3156 5013 Hierosolymitana
