3684 5416
581 1545 634 1578 10

581 2079 629 2124 ¹5

580 2615 634 2646 20

583 3238 635 3282 25

580 3648 634 3693 30

586 4111 638 4156 35

700 368 796 442 ι98
1322 374 1585 429 Potestas
1624 375 2002 431 ecclesiastica
2042 389 2098 431 et
2134 375 2437 448 imperium
2477 373 2653 430 civile.

692 552 881 636 ipsius
912 555 1175 617 maxime
1208 555 1565 638 profuturae
1596 579 1810 640 pacem
1841 559 2103 642 imperii,
2152 577 2220 622 ut
2251 579 2591 643 speramus,
2638 557 2899 642 dilectus
2929 555 3094 617 filius
3125 601 3141 616 .
3178 601 3191 615 .
3223 599 3237 614 .
3266 597 3285 615 .

690 661 1096 742 Tridentinus
1139 664 1367 726 electus
1398 682 1455 727 et
1488 667 1669 728 frater
1701 667 2004 730 Henricus
2035 670 2111 732 de
2143 668 2360 731 ordine
2394 669 2714 748 Minorum
2744 682 2887 748 tuae
2918 660 3288 730 celsitudinis

685 768 889 858 ‘nuntii
934 789 1063 831 non
1108 770 1313 832 solum
1360 773 1436 833 ad
1482 773 1747 848 veritatis
1779 776 2261 857 expressionem,
2291 776 2401 837 sed
2432 776 2510 837 ad
2543 772 2978 835 exhortationis
3009 767 3287 832 sollicita-

686 872 921 935 tionem
951 876 1244 957 aperient,
1279 893 1348 938 ut
1381 879 1444 940 in
1477 879 1564 940 eis
1596 879 1910 941 doctrinae
1943 881 2255 962 specimen
2288 881 2650 962 exemplaris
2684 876 3012 960 inspiciens
3042 892 3103 937 et
3131 875 3288 937 salu-

689 980 829 1041 taris
859 984 1325 1046 consuetudinis
1357 985 1859 1049 informationem
1896 987 2196 1069 recipiens
2218 989 2549 1070 prudenter
2568 1004 2806 1066 satagas
2824 986 2890 1047 in
2920 981 3158 1046 cunctis
3176 981 3288 1067 tuis

686 1087 1073 1168 processibus
1117 1090 1303 1153 vitare
1349 1093 1704 1171 discordias,
1752 1093 1879 1154 vias
1915 1111 2051 1156 tuas
2086 1092 2278 1156 facere
2310 1115 2423 1177 pro
2457 1114 2635 1176 posse
2683 1091 2986 1175 pacificas,
3032 1104 3091 1151 et
3139 1060 3287 1170 [per]

685 1194 952 1273 semitas,
997 1217 1151 1277 quas
1182 1198 1466 1282 princeps
1510 1201 1693 1282 pacis,
1742 1219 1847 1262 rex
1895 1220 2113 1281 regum
2163 1217 2223 1262 et
2268 1200 2680 1263 dominatium
2727 1199 3024 1261 dominus
3061 1193 3290 1272 docuit,

685 1317 990 1381 quantum
1023 1302 1152 1385 ipse
1184 1304 1293 1365 tibi
1326 1290 1646 1386 concessit,
1681 1326 1794 1387 pro
1828 1306 2059 1368 viribus
2091 1307 2428 1371 ambulare.
2509 1307 2802 1370 Ceterum
2837 1325 2979 1367 cum
3012 1303 3293 1380 inchoata

686 1407 937 1470 feliciter
966 1411 1042 1471 ad
1074 1412 1350 1473 eiusdem
1386 1414 1681 1476 culmen
1665 1414 1925 1502 imperii
1938 1430 2078 1475 tuae
2110 1415 2524 1501 promotionis
2555 1414 2815 1495 auspitia
2848 1433 2978 1475 non
3001 1429 3289 1494 prosecu-

685 1509 869 1578 tionis
915 1519 1458 1598 procrastinatione
1504 1521 1753 1600 differri,
1799 1523 1908 1616 sed
1960 1523 2178 1604 festina
2224 1523 2513 1612 deinceps
2544 1522 3090 1594 consummatione
3122 1537 3295 1600 com-

686 1623 836 1705 pleri
883 1625 1108 1686 utilitas
1154 1625 1472 1688 manifesta
1518 1628 1789 1708 suadeat,
1837 1609 2226 1716 serenitatem
2258 1647 2430 1716 tuam
2464 1631 2785 1692 hortamur
2816 1648 2884 1690 ac
2916 1629 3156 1690 sincero
3185 1626 3291 1688 tibi

685 1732 905 1828 affectu
936 1751 997 1795 et
1027 1735 1284 1806 consilio
1316 1715 1667 1853 suademus,
1701 1753 2008 1818 quatenus
2039 1738 2125 1799 sic
2156 1753 2216 1800 te
2248 1757 2591 1820 praepares,
2610 1737 2695 1800 sic
2711 1737 3024 1819 disponas.
3047 1751 3130 1815 ut,
3149 1754 3297 1797 cum

684 1854 741 1898 te
774 1833 851 1898 ad
861 1824 1263 1918 unctionem,
1308 1842 1839 1928 consecrationem
1873 1859 1933 1906 et
1965 1843 2297 1927 imperialis
2330 1844 2687 1907 diadematis
2718 1844 3185 1906 coronationem
3216 1843 3291 1903 de

686 1946 912 2008 nostris
943 1947 1318 2029 recipiendas
1350 1949 1634 2011 manibus
1666 1951 2024 2013 duxerimus
2056 1954 2466 2032 evocandum,
2496 1988 2584 1996 —
2615 1954 2690 2015 ad
2725 1954 2899 2033 quod
2931 1951 3295 2026 terminum,

688 2052 751 2113 in
798 2054 1102 2134 proximo,
1150 2072 1332 2135 prout
1378 2043 1863 2119 circumstantiae
1910 2060 2264 2140 pensandae
2299 2060 2702 2142 permiserint,
2733 2058 3120 2121 intendimus
3150 2055 3297 2117 assi-

687 2179 875 2242 gnare
907 2194 1011 2244 ÷,
1046 2181 1176 2224 non
1209 2154 1599 2266 improvisus,
1631 2166 1738 2226 sed
1769 2166 1925 2228 sicut
1959 2167 2104 2229 tanti
2138 2168 2371 2247 negotii
2402 2168 2726 2230 sollemnia
2758 2167 3028 2248 exigunt,
3052 2181 3299 2246 paratus

686 2287 977 2351 appareas
1024 2282 1083 2329 et
1133 2269 1209 2330 ad
1247 2272 1581 2352 praemissa
1616 2292 1745 2334 non
1775 2293 2083 2368 morosus,
2116 2277 2224 2338 sed
2256 2292 2587 2359 promptus
2620 2293 2677 2337 et
2709 2274 2964 2336 festinus
2996 2291 3293 2336 occurras.

686 2363 944 2458 Expedit
974 2394 1200 2456 autem,
1236 2396 1303 2441 ut
1334 2379 1605 2459 aliquem
1637 2381 1732 2442 vel
1762 2361 2026 2462 aliquos,
2058 2383 2173 2463 qui
2204 2402 2391 2465 super
2424 2384 2702 2444 eiusdem
2732 2381 3145 2463 assignatione
3178 2396 3296 2441 ter-

686 2480 860 2560 mini,
909 2483 1059 2570 quid
1103 2500 1243 2545 tuae
1276 2486 1696 2548 commoditati
1725 2504 2059 2568 congruat,
2110 2504 2168 2551 et
2213 2489 2359 2570 alias
2404 2490 2587 2572 plene
2618 2506 2789 2551 tuam
2821 2507 3007 2572 super
3038 2489 3157 2547 hoc
3189 2503 3297 2566 per

689 2589 903 2649 omnia
947 2583 1328 2651 x'roluntatem
1380 2591 1563 2651 nobis
1608 2581 1923 2654 ⁴insinuare
1968 2595 2229 2674 valeant,
2290 2595 2410 2656 cito
2455 2596 2531 2656 ad
2575 2592 2979 2676 praesentiam
3025 2608 3297 2677 nostram

689 2695 912 2759 mittas.
973 2695 1204 2757 Datum
1238 2696 1528 2778 Lugduni
1561 2699 1598 2760 6
1635 2698 1925 2761 kalendas
1957 2700 2245 2779 octobris,
2279 2700 2672 2782 pontificatus
2702 2698 2894 2761 nostri
2913 2718 3081 2761 anno
3101 2697 3294 2760 tertio,

1184 2906 1277 2962 58.
1325 2906 1610 2961 DAN'mS
1649 2907 2140 2964 ALLIGnEmI:
2179 2909 2283 2963 DE
2321 2909 2800 2965 MONARGRIA.

1854 3031 2024 3088 Liber
2060 3033 2145 3088 111.

904 3139 931 3167 ‘
987 3141 1071 3192 De
1109 3141 1436 3194 Monarchia
1469 3142 1599 3197 libri
1631 3142 1724 3195 III.
1764 3158 1867 3212 per
1904 3142 2261 3198 Carolum
2308 3142 2569 3207 Witte,
2624 3143 2793 3198 Wien
2840 3142 2990 3217 1873.
3066 3143 3298 3202 Maas,

692 3222 927 3273 Dante’s
963 3220 1308 3275 Monarchia.
1346 3220 1645 3292 Hamburg
1693 3220 1841 3294 1891.
1890 3222 2121 3286 Idem,
2163 3223 2219 3277 in
2257 3224 2578 3293 Zeitschrfft
2593 3225 2714 3294 fiir
2750 3223 3293 3277 Geschichtswissen-

695 3300 901 3370 schaft.
927 3299 1045 3357 vl.
1057 3298 1169 3369 178.
1220 3301 1503 3372 Meyer,
1540 3299 1597 3354 in
1635 3303 1923 3359 Romania.
1958 3304 2106 3378 ¹873²
2134 3305 2307 3358 Tom.
2336 3304 2510 3361 xxu.
2547 3322 2659 3376 172.
2712 3304 2969 3368 Raina,
3008 3306 3295 3374 Rassegna

692 3383 1084 3451 bibliografica.
1133 3380 1283 3454 1893.
1324 3399 1380 3452 p.
1407 3398 1456 3452 9.
1522 3382 1831 3453 Prompt
1870 3383 1925 3438 in
1963 3386 2236 3440 Giornale
2273 3387 2566 3439 Dantesco.
2607 3386 2643 3441 1.
2687 3403 2805 3457 270.
2871 3383 3225 3440 Guerrini
3265 3400 3296 3438 e

689 3458 926 3525 Ricci‚
964 3462 1126 3515 Stude
1155 3462 1510 3533 epolemiclze
1545 3463 1853 3517 dantesche.
1893 3464 2162 3536 Bologna
2196 3464 2345 3520 1880.
2373 3483 2479 3536 p.
2456 3484 2515 3519 1
2552 3483 2712 3537 seqq
2791 3463 3297 3528 Scartazzini‚

690 3544 902 3597 Dantes
936 3541 1255 3596 Handbuch.
1309 3540 1542 3613 Leipzig
1591 3542 1740 3613 1892,
1780 3560 1833 3614 p.
1872 3562 1998 3616 199,
2041 3562 2139 3616 345
2185 3561 2346 3616 seqq.
2412 3544 2741 3616 Cipolla‚
2794 3548 2843 3601 Il
2878 3550 3108 3600 trattato
3156 3546 3299 3599 della

689 3625 1020 3682 Menan-hia
1056 3624 1118 3677 di
1135 3626 1317 3677 Dante
1354 3624 1612 3692 Alnjgloers
1641 3642 1670 3677 e
1705 3626 1744 3677 l’
1762 3628 2013 3696 opuscolo
2048 3627 2114 3679 de
2140 3630 2411 3697 potestate
2448 3629 2603 3696 regia
2641 3630 2699 3679 et
2720 3628 2913 3698 populi
2941 3628 3002 3679 ds
3030 3626 3306 3680 Giooamu

691 3708 753 3761 di
784 3706 993 3775 Panga:
1031 3703 1256 3759 Torino
1293 3703 1441 3773 1892.
1505 3701 1840 3773 Cipolla‚
1882 3706 1932 3759 Il
1955 3707 2150 3777 popolo
2186 3707 2324 3758 nelle
2360 3712 2519 3777 opere
2554 3706 2617 3760 di
2634 3709 2832 3760 Dante.
2872 3704 3114 3761 Cassino
3150 3721 3296 3775 ¹90¹·

691 3786 1064 3848 Scaduto,
1115 3787 1273 3840 Stato
1307 3803 1337 3837 e
1374 3782 1568 3837 Clu’esa
1607 3787 1759 3854 negli
1789 3788 1975 3839 scritti
2009 3788 2224 3857 politici
2265 3805 2373 3839 ecc.
2414 3803 2468 3857 p.
2515 3787 2742 3856 51—-64
2806 3785 2865 3842 F.
2912 3786 2977 3840 X.
3021 3786 3259 3840 Kraus
3283 3826 3300 3850 ‚

692 3870 894 3934 Dante,
946 3869 1058 3920 sein
1106 3868 1274 3920 Leben
1325 3866 1442 3919 und
1486 3870 1595 3921 sein
1645 3867 1831 3933 Werk,
1884 3869 1996 3920 sein
2045 3867 2350 3921 Verhdltm's
2400 3885 2500 3938 {ur
2553 3869 2735 3939 Kunst
2781 3869 2897 3921 und
2942 3884 3043 3939 {ur
3092 3867 3297 3922 Pom

695 3946 887 4001 Berlin
923 3945 1069 4019 1897.
1109 3963 1164 4017 p.
1193 3944 1491 4017 271-282.

912 4077 1063 4158 Cap.
1111 4098 1162 4139 1.
1209 4075 1507 4152 Quaestio
1554 4077 1738 4158 igitur
1769 4096 2076 4159 praesens,
2121 4078 2199 4139 de
2231 4097 2354 4158 qua
2397 4076 2717 4158 inquisitio
2762 4077 2964 4138 futura
2996 4092 3105 4155 est,
3147 4076 3303 4138 inter

697 4185 827 4246 duo
861 4182 1184 4245 luminaria
1214 4202 1442 4263 magna
1466 4198 1769 4245 versatur:
1805 4185 2169 4246 Romanum
2202 4184 2425 4246 scilicet
2447 4184 2830 4264 Pontificem,
2863 4200 2924 4245 et
2943 4184 3300 4245 Romanum

697 4291 1076 4374 Principem3
1124 4307 1184 4353 et
1214 4291 1558 4373 quaeritur:
1595 4308 1856 4353 utrum
1907 4293 2352 4355 auctoritas
2403 4292 2884 4353 Monarchae
2932 4290 3306 4367 Romani,

698 4399 808 4481 qui
840 4399 916 4460 de
949 4374 1081 4478 jure
1114 4400 1450 4461 Monarcha
1482 4399 1701 4461 mundi
1733 4414 1841 4478 est,
1865 4414 1932 4459 ut
1961 4399 2026 4460 in
2058 4400 2337 4461 secundo
2369 4398 2526 4460 libro
2558 4400 2887 4480 probatum
2906 4413 3013 4473 est,
3043 4396 3302 4457 imme-

700 4508 911 4570 diate
958 4530 992 4568 a
1046 4508 1206 4567 Deo
1254 4508 1720 4591 dependeat,
1767 4528 1859 4568 an
1905 4509 1992 4568 ab
2032 4507 2311 4588 aliquo
2346 4506 2494 4569 Dei
2536 4506 2843 4568 vicario
2873 4506 2970 4567 vel
3001 4504 3303 4582 ministre,

700 4636 890 4699 quem
923 4616 1080 4678 Petri
1111 4635 1532 4678 successorem
1562 4615 1857 4698 intelligo,
1890 4616 1998 4697 qui
2031 4635 2169 4677 vere
2203 4616 2464 4696 claviger
2496 4630 2587 4676 est
2617 4613 2788 4693 regni
2821 4612 3159 4676 coelorum.

917 4726 1068 4807 Cap.
1124 4744 1177 4785 2.
1239 4723 1339 4784 Ad
1383 4739 1767 4806 praesentem
1820 4722 2244 4804 quaestionem
2295 4721 2764 4800 discutiendam,
2812 4721 2966 4782 sicut
3014 4719 3095 4796 in,
3124 4738 3303 4801 supe-

703 4832 966 4895 rioribus
996 4849 1086 4894 est
1105 4846 1440 4914 peractum,
1472 4830 1728 4911 aliquod
1749 4829 2126 4913 principium
2158 4847 2247 4891 est
2277 4828 2761 4907 adsumendum,
2796 4828 2860 4889 in
2881 4828 3097 4890 virtute
3130 4824 3309 4904 cujus

701 4940 1068 5025 aperiendae
1114 4938 1377 5024 yeritatis
1421 4952 1784 5019 argumenta
1848 4937 2211 5000 formentur.
2274 4937 2436 4997 Nam
2487 4936 2620 4996 sine
2667 4934 2935 5016 praefixo
2986 4931 3304 5017 principio,
