3684 5416
360 1561 412 1591 to

360 2095 408 2136 ¹5

355 2630 411 2661 20

357 3700 416 3743 30

359 4234 416 4278 35

358 4768 421 4808 40

1421 392 1671 447 Ecclesia
1698 392 2110 465 antiquissima.

465 592 639 649 τινες
687 572 819 635 ὑπὸ
874 574 1247 659 βαρβάρων
1296 572 1335 651 ἢ
1388 571 1740 637 δεσποτῶν

467 678 1025 758 εὐνουχίσθησαν,
1061 679 1485 759 εὑρίσκοιπο
1518 680 1598 743 δὲ
1630 682 1740 744 ἄλ-

464 785 600 860 λως
629 787 825 860 ἄξιοι,
872 785 1034 864 τοὺς
1080 786 1433 867 τοιούτους
1463 790 1562 865 εἰς
1590 790 1739 867 κλῆ-

466 912 592 969 ρον
622 892 970 970 προσίεται
1004 894 1045 955 ὁ
1074 893 1320 957 κανών.

554 1004 619 1065 11.
660 1000 929 1080 Ἐπειδὴ
963 1003 1181 1065 πολλὰ
1214 1003 1357 1082 ἤτοι
1388 1003 1519 1066 ὑπὸ
1540 1004 1742 1081 ἀνάγ-

464 1127 590 1186 κης
633 1109 672 1186 ἢ
719 1110 943 1187 ἄλλως
989 1111 1437 1194 ἐπειγομένων
1476 1112 1607 1173 τῶν
1634 1115 1741 1173 ἁν-

464 1213 753 1292 θρώπων
799 1216 1073 1294 ἐγένετο
1110 1219 1300 1294 παρὰ
1330 1218 1450 1280 τὸν
1478 1216 1743 1279 κανόνα

466 1320 584 1383 τὸν
622 1323 1207 1401 ἐκκλησιαστικὸν,
1258 1324 1435 1387 ὥστε
1485 1321 1741 1402 ἀνθρώ-

464 1448 635 1506 πους
668 1429 803 1492 ἀπὸ
825 1431 1096 1493 ἐθνικοῦ
1122 1430 1270 1514 βίου
1291 1433 1441 1509 ἄρτι
1461 1431 1742 1509 προσελ-

465 1534 707 1613 θόντες
726 1538 803 1617 τῇ
824 1535 1055 1611 πίστει,
1070 1537 1182 1600 καὶ
1206 1540 1280 1600 ἐν
1295 1538 1500 1621 ὀλίγῳ
1517 1537 1741 1620 χρόνῳ

465 1644 968 1722 κατηχηθέντας
1015 1643 1224 1723 εὐθὺς
1273 1646 1375 1707 ἐπὶ
1426 1645 1503 1708 τὸ
1554 1665 1744 1707 πνευ-

467 1749 745 1830 ματικὸν
776 1750 1069 1829 λουτρὸν
1101 1754 1311 1829 ἄγειν,
1344 1753 1457 1815 καὶ
1491 1755 1633 1835 ἅμα
1652 1753 1742 1833 τῷ

470 1858 912 1939 βαπτισθῆναι
943 1860 1320 1937 προσάγειν
1353 1862 1449 1937 εἰς
1482 1863 1741 1922 ἐπισκο·

466 1963 595 2042 πὴν
610 1965 651 2042 ἧ
665 1966 1221 2050 πρεσβυτερεῐον·
1246 1968 1474 2045 καλῶς
1493 1966 1739 2041 ἔδοξεν

468 2069 660 2149 ἔχειν,
723 2075 844 2135 τοῦ
905 2074 1145 2136 λοιποῦ
1208 2072 1418 2155 μηδὲν
1470 2076 1741 2137 τοιοῦτο

465 2178 805 2257 γίνεσθαι·
868 2180 981 2242 καὶ
1026 2180 1165 2259 γὰρ
1206 2180 1317 2242 καὶ
1352 2181 1605 2259 χρόνου
1639 2180 1742 2244 δεῖ

466 2286 557 2366 τῷ
590 2288 1083 2370 κατηχουμένῳ,
1125 2287 1238 2350 καὶ
1272 2288 1439 2370 μετὰ
1469 2287 1547 2350 τὸ
1585 2289 1740 2372 βάπ-

465 2408 665 2475 τισμα
697 2392 1102 2477 δοκιμασίας
1139 2394 1483 2472 πλείονος·
1520 2393 1744 2476 σαφὲς

466 2501 605 2577 γὰρ
636 2500 714 2563 τὸ
747 2500 1203 2563 ἁποστολικὸν
1238 2501 1515 2585 γράμμα
1547 2501 1624 2564 τὸ
1644 2502 1742 2563 λέ-

466 2627 608 2684 γον·
643 2606 754 2686 Μὴ
776 2608 1133 2689 νεόφυτον,
1167 2609 1283 2670 ἵνα
1303 2608 1387 2690 μὴ
1410 2608 1759 2691 τυφωθεὶς.

468 2717 564 2792 εἰς
610 2716 813 2798 κρίμα
865 2718 1117 2798 εμπέση
1163 2716 1276 2778 καὶ
1320 2715 1577 2794 παγίδα
1621 2719 1744 2779 τοῦ

468 2821 821 2906 διαβόλου.
857 2826 915 2885 εἰ
948 2822 1029 2886 δὲ
1060 2823 1421 2902 προϊόντος
1453 2826 1574 2886 τοῦ
1594 2823 1742 2903 χρό-

467 2949 592 2990 νου
640 2931 929 3012 ψυχικόν
977 2952 1035 2992 τι
1085 2932 1446 3012 ἁμάρτημα
1492 2931 1742 3011 εὑρεθῇ

468 3036 618 3115 περὶ
669 3037 746 3100 τὸ
798 3037 1186 3116 πρόσωπον,
1236 3039 1349 3100 καὶ
1401 3039 1743 3118 ἐλέγχοιτο

358 3166 403 3208 2-
469 3143 600 3205 ὑπὸ
634 3143 764 3206 δύο
794 3145 835 3222 ἢ
868 3146 1068 3223 τριῶν
1088 3144 1466 3227 μαρτύρων,
1500 3146 1743 3207 πεπαυ-

469 3251 616 3312 σθω
660 3252 702 3312 ὸ
748 3254 1057 3329 τοιοῦτος
1089 3255 1210 3315 τοῦ
1242 3251 1535 3331 κλήρου·
1585 3251 1627 3311 ὁ
1661 3249 1742 3313 δὲ

468 3357 658 3434 παρὰ
707 3360 919 3420 ταῦτα
963 3359 1189 3431 ποιῶν,
1238 3358 1332 3436 ὡς
1382 3356 1746 3421 ὑπεναντία

470 3465 547 3540 τῆ
596 3465 852 3545 μεγάλῃ
899 3464 1172 3547 συνόδῳ
1206 3466 1746 3548 θρασυνόμενος,

472 3569 682 3647 αὐτὸς
711 3570 1133 3634 κινδυνεύσει
1165 3573 1314 3650 περὶ
1337 3572 1456 3635 τὸν
1472 3573 1745 3651 κλῆρον.

564 3680 654 3740 111.
694 3677 1212 3757 Ἀπηγόρευσεν
1241 3680 1551 3742 καθόλου
1583 3680 1622 3758 ἡ
1648 3699 1747 3760 με·

472 3784 648 3862 γάλη
697 3784 1015 3863 σύνοδος,
1060 3786 1221 3868 μήτε
1268 3787 1608 3868 ἐπισκόπφ
1642 3784 1745 3867 μή·

472 3911 546 3953 τε
576 3893 1017 3977 πρεσβυτέρῳ
1051 3893 1212 3976 μήτε
1259 3892 1555 3974 διακόνῳ
1591 3891 1750 3974 μήτε

474 4000 651 4076 ὅλως
697 4000 813 4062 τινὶ
852 4001 984 4062 τῶν
1017 4002 1091 4062 ἐν
1121 4002 1211 4081 τῷ
1243 4001 1471 4081 κλήρῳ
1505 4000 1749 4072 ἐξεῖναι

474 4106 919 4169 συνείσακτον
963 4106 1156 4185 ἔχειν,
1202 4106 1371 4184 πλὴν
1405 4108 1460 4168 εἰ
1492 4106 1576 4188 μὴ
1611 4108 1753 4184 ἄρα

473 4213 728 4294 μητέρα
757 4214 797 4292 ἢ
822 4213 1128 4295 ἀδελφὴν
1149 4214 1188 4293 ἢ
1211 4213 1423 4286 θείαν,
1449 4214 1486 4292 ἢ
1510 4214 1556 4275 ἃ
1576 4213 1752 4295 μόνα

473 4320 807 4398 πρόσωπα
879 4324 1108 4383 πᾶσαν
1170 4320 1469 4404 ὑποψίαν
1530 4319 1750 4382 διαπέ-

474 4449 707 4509 φευγε.

564 4539 663 4598 1V.
690 4535 1095 4597 Ἐπίσκοπον
1114 4534 1442 4614 προσήκει
1465 4536 1752 4616 μάλιστα

476 4641 595 4723 μὲν
625 4642 756 4704 ὑπὸ
788 4645 1054 4706 πάντων
1085 4646 1215 4706 τῶν
1248 4647 1322 4705 ἐν
1353 4646 1429 4724 τῇ
1465 4642 1753 4723 ἐπαρχίᾳ

474 4749 947 4814 καθίστασθαι·
982 4754 1039 4814 εἰ
1072 4749 1153 4813 δὲ
1183 4749 1517 4830 δυσχερὲς
1550 4750 1653 4828 εἴη
1675 4749 1752 4812 τὸ

474 4859 763 4932 τοιοῦτο,
797 4859 836 4936 ἢ
859 4857 974 4920 διὰ
990 4857 1532 4937 κατεπείγουσαν
1552 4857 1752 4935 ἀνάγ-

473 4984 599 5042 κην
643 4966 683 5044 ἢ
732 4965 847 5027 διὰ
892 4968 1103 5047 μῆκος
1136 4964 1331 5038 ὁδοῦ,
1376 4965 1755 5041 ἐξάπαντος

3009 399 3068 451 ὀι

1794 578 1940 640 alias
1984 578 2343 661 dignissimi,
2389 579 2539 641 tales
2586 581 2662 642 ad
2696 581 2935 643 clerum
2967 581 3078 642 ad-

1795 685 1974 746 mittit
2020 685 2248 763 regula.
2315 684 2384 766 [c.
2434 707 2491 753 7.
2530 687 2681 749 Dist.
2719 688 2857 762 LV3
2911 708 2961 750 c.
3018 708 3076 768 3.

1796 792 1869 853 X.
1902 792 1944 854 1.
1986 790 2107 871 20.]

1885 1005 1949 1067 11.
1985 1005 2303 1080 Quoniam
2332 1006 2522 1087 plura,
2552 1022 2656 1068 aut
2686 1027 2792 1088 per
2813 1007 3078 1068 necessi·

1794 1128 2000 1185 tatem,
2022 1129 2126 1173 aut
2146 1113 2290 1173 alias
2309 1113 2675 1194 cogentibus
2698 1113 3074 1186 hominibuS,

1798 1220 2088 1279 adversus
2119 1218 2585 1280 ecclesiasticam
2618 1218 2770 1280 facta
2804 1236 2948 1281 sunt
2980 1238 3078 1280 re-

1796 1325 2027 1404 gulam,
2065 1341 2130 1385 ut
2162 1323 2450 1386 homines
2470 1345 2543 1384 ex
2563 1325 2771 1406 gentili
2805 1326 2923 1387 vita
2957 1345 3077 1387 nu-

1799 1450 1906 1512 per
1939 1432 2296 1493 accedentes
2329 1432 2405 1491 ad
2437 1430 2644 1509 fidem,
2675 1434 3082 1493 etinstructos

1799 1539 1966 1599 brevi
1997 1555 2296 1620 tempore,
2333 1558 2477 1599 mox
2511 1540 2586 1599 ad
2618 1538 2931 1601 lavacrum
2951 1538 3076 1621 spi·

1799 1646 1967 1707 ritale
2001 1648 2420 1727 perducerent,
2452 1646 2761 1726 simulque
2798 1663 2862 1708 ut
2884 1647 3081 1728 bapti-

1798 1752 1910 1813 zati
1957 1769 2116 1830 sunt,
2160 1752 2340 1813 etiam
2388 1752 2465 1812 ad
2510 1752 2948 1834 episcopatum,
2979 1753 3076 1814 vel

1797 1861 1874 1921 ad
1897 1861 2342 1942 presbyterium
2360 1875 2819 1940 promoverent:
2844 1861 3077 1940 optime

1799 1968 2040 2049 placuit,
2062 1967 2211 2028 nibil
2231 1968 2349 2028 tale
2369 1968 2445 2027 de
2465 1966 2708 2046 reliquo
2730 1966 2878 2027 fieri.
2915 1967 3077 2027 Nam

1799 2089 1857 2135 et
1888 2089 2167 2155 tempore
2202 2092 2363 2154 opus
2396 2089 2486 2133 est
2518 2073 2571 2133 ei
2605 2072 2712 2153 qui
2745 2073 3078 2134 catechiza-

1796 2198 1916 2257 tur,
1939 2197 1995 2241 et
2013 2196 2149 2262 post
2167 2179 2463 2260 baptisma
2483 2178 2841 2258 probatione
2857 2198 3080 2258 quam·

1800 2289 2079 2370 plurima.
2147 2285 2474 2348 Manifesta
2509 2300 2596 2345 est
2629 2286 2796 2345 enim
2832 2299 3082 2365 aposto-

1797 2394 1909 2456 lica
1942 2393 2274 2474 Scriptura,
2306 2411 2465 2472 quae
2499 2390 2676 2452 dicit:
2713 2391 2902 2471 „Non
2926 2410 3077 2451 neo·

1800 2502 2082 2584 phytum,
2135 2520 2212 2561 ne
2264 2501 2326 2561 in
2372 2501 2722 2581 superbiam
2777 2499 2970 2560 elatus
3017 2501 3079 2561 in

1801 2608 2102 2669 iudicium
2134 2606 2358 2668 incidat
2392 2622 2450 2667 et
2471 2608 2768 2686 laqueum
2789 2605 3081 2669 diaboli“.

1803 2716 1867 2778 Si
1928 2734 2075 2776 vero
2142 2734 2431 2796 processu
2481 2714 2778 2796 temporis
2827 2714 3079 2794 aliquod

1802 2824 2092 2885 delictum
2139 2823 2377 2883 animae
2425 2822 2579 2882 circa
2628 2840 2954 2902 personam
2986 2839 3084 2882 re-

1801 2931 2066 3013 periatur
2112 2929 2492 3004 huiusmodi,
2542 2945 2600 2989 et
2632 2949 2664 2989 a
2700 2930 2948 2990 duobus
2983 2928 3077 2989 vel

1800 3039 1994 3099 tribus
2038 3037 2292 3097 testibus
2325 3052 2635 3118 arguatur,
2684 3057 2716 3097 a
2752 3035 2917 3097 clero
2949 3036 3084 3096 talis

1800 3145 2117 3205 abstineat.
2185 3142 2247 3205 Si
2281 3144 2419 3223 quis
2452 3159 2654 3204 autem
2679 3159 2914 3224 praeter
2935 3144 3083 3203 haec

1803 3253 2026 3330 fecerit,
2078 3250 2252 3331 quasi
2299 3266 2508 3311 contra
2540 3268 2843 3328 magnum
2874 3249 3080 3311 conci-

1799 3356 1957 3418 lium
2007 3377 2071 3417 se
2122 3356 2402 3430 efferens,
2464 3357 2591 3437 ipse
2642 3358 2718 3416 de
2771 3356 3087 3418 clericatus

1804 3465 2044 3525 honore
2079 3463 2530 3545 periclitabitur.

1895 3679 1983 3740 111.
2016 3676 2324 3739 Interdixit
2357 3696 2463 3758 per
2495 3677 2705 3738 omnia
2738 3696 2962 3757 magna
2982 3696 3086 3757 sy-

1806 3786 2031 3850 nodus,
2067 3803 2195 3845 non
2226 3784 2536 3865 episcopo,
2562 3802 2688 3845 non
2712 3787 3088 3865 presbyterO,

1808 3909 1940 3952 non
1973 3891 2256 3967 diacono,
2293 3910 2420 3951 non
2452 3890 2631 3951 alicui
2654 3892 2939 3970 omnino,
2976 3891 3085 3970 qui

1807 4000 1870 4058 in
1924 3999 2087 4059 clero
2140 4015 2248 4076 est,
2314 4000 2492 4059 licere
2549 3999 3086 4061 subintroductam

1809 4106 2033 4166 habere
2070 4106 2424 4166 mulierem:
2463 4105 2580 4166 nisi
2616 4107 2765 4167 forte
2806 4122 3083 4180 matrem,

1808 4228 1913 4273 aut
1974 4231 2286 4288 sororem,
2351 4230 2455 4274 aut
2504 4214 2774 4290 amitam,
2838 4213 2935 4274 vel
2986 4233 3089 4274 eas

1806 4338 2045 4382 tantum
2082 4341 2372 4403 personas
2406 4341 2563 4401 quae
2598 4321 2979 4401 suspiciones
3001 4320 3090 4381 ef·-

1808 4429 2069 4509 fugiunt.

1899 4537 1995 4596 IV.
2062 4536 2437 4617 Episcopum
2483 4536 2773 4596 convenit
2824 4535 3089 4596 maxime

1810 4645 2066 4723 quidem
2099 4646 2173 4703 ab
2208 4643 2502 4703 omnibus
2542 4643 2648 4722 qui
2683 4658 2826 4702 sunt
2861 4644 2922 4702 in
2946 4661 3089 4722 pro-

1811 4752 2003 4812 vincia
2037 4752 2339 4831 episcopis
2359 4749 2624 4812 formari.
2658 4750 2720 4812 Si
2743 4766 2946 4810 autern
2970 4750 3089 4810 hoc

1812 4857 2059 4919 difficile
2102 4856 2299 4933 fuerit,
2350 4874 2452 4918 aut
2485 4874 2731 4938 propter
2763 4858 3089 4918 instantem

1814 4964 2250 5042 necessitatem,
2285 4979 2388 5024 aut
2421 4981 2667 5046 propter
2701 4965 2929 5025 itineris
2949 4965 3090 5025 lon-
