3684 5416
340 1551 391 1582 lo

339 2085 388 2128 ¹5

334 2621 392 2652 20

335 3263 389 3306 25

331 4309 401 4378 35'

331 4869 389 4909 40

1410 379 1659 435 Ecclesia
1688 380 1842 453 antiq
1852 381 2098 437 uissima.
2995 402 3023 456 3
3039 401 3052 437 ι

446 564 761 636 venimus;
800 582 957 642 quae
992 578 1196 623 tamen
1230 564 1394 641 apud
1430 563 1566 626 illos
1599 581 1809 626 coetus
1845 566 2239 628 venditantur
2259 567 2307 627 si
2329 566 2776 643 desideravero,
2810 566 3061 627 liberius

447 672 522 732 de
557 669 819 751 propriis
850 668 1003 729 locis
1034 687 1298 730 sumam.
1332 669 1547 732 Thura
1582 671 1762 751 plane
1796 691 1929 733 non
1962 673 2249 736 emimus,
2301 673 2363 734 Si
2397 673 2658 734 Arabiae
2692 687 3061 753 queruntur,

446 776 638 838 sciant
669 775 885 836 Sabaei
918 775 1113 856 pluris
1144 792 1202 837 et
1234 776 1485 838 carioris
1517 799 1659 839 suas
1691 798 1924 840 merces
1949 780 2314 842 Christianis
2347 780 2717 860 sepeliendis
2750 780 3059 861 profligari

447 903 634 964 quam
683 883 813 944 deis
846 881 1243 961 fumigandis.
1309 884 1508 959 Certe,
1540 884 1813 965 inquitis,
1862 887 2239 968 templorum
2274 885 2587 965 vectigalia
2620 887 2845 948 cotidie
2878 887 3062 947 deco·

447 1007 678 1070 quunt:
714 990 899 1070 stipes
932 989 1431 1070 quotusquisque
1464 991 1585 1052 iarn
1619 992 1831 1054 iactat?
1866 993 2012 1055 Non
2044 994 2213 1055 enirn
2246 993 2592 1055 sufficimus
2624 1008 2682 1053 et
2701 993 3062 1054 hominibus

447 1113 506 1173 eg
537 1097 665 1159 deis
697 1096 908 1157 vestris
942 1096 1438 1158 mendicantibus
1469 1117 1654 1179 opem
1691 1100 1866 1177 ferre,
1901 1120 2014 1161 nec
2035 1116 2326 1181 putamus
2346 1101 2479 1163 aliis
2503 1119 2690 1181 quam
2715 1099 3061 1181 petentibus

446 1203 927 1284 inpertiendum.
997 1202 1284 1282 Denique
1334 1203 1603 1284 porrigat
1648 1224 1904 1267 manum
1950 1206 2174 1286 Iupiter
2219 1222 2277 1266 et
2323 1206 2593 1287 accipiat,
2636 1226 2778 1268 cum
2812 1206 3058 1270 interim

447 1309 585 1390 plus
617 1323 825 1375 nostra
860 1309 1271 1371 misericordia
1304 1311 1560 1372 insumit
1592 1311 1831 1373 vicatim
1867 1333 2055 1393 quam
2094 1329 2285 1374 vestra
2307 1313 2523 1395 religio
2543 1312 2902 1394 templatim.
2937 1313 3058 1374 Sed

447 1432 642 1478 cetera
689 1415 1000 1495 vectigalia
1046 1417 1264 1496 gratias
1297 1419 1661 1480 Christianis
1713 1435 1894 1499 agent
1939 1440 2011 1481 ex
2059 1419 2179 1481 fide
2225 1420 2721 1501 dependentibus
2766 1420 3061 1492 debiturn,

447 1544 571 1605 qua
602 1524 807 1586 alieno
841 1523 1184 1586 fraudando
1218 1526 1619 1603 abstinemus,
1656 1542 1743 1605 ut,
1777 1527 1827 1587 si
1849 1527 2091 1588 ineatur
2110 1543 2417 1607 quantum
2438 1526 2836 1605 vectigalibus
2858 1541 3062 1607 pereat

446 1630 658 1693 fraude
692 1647 748 1691 et
783 1631 1104 1692 mendacio
1138 1648 1477 1693 vestrarum
1508 1633 1995 1714 professionum,
2030 1633 2202 1695 facile
2226 1635 2377 1695 ratio
2399 1633 2607 1696 haberi
2629 1632 2841 1714 possit,
2859 1632 3062 1695 -unius

444 1738 664 1820 speciei
697 1738 946 1820 querela
978 1755 1371 1820 compensata
1405 1759 1518 1820 pro
1552 1740 1892 1803 commodo
1925 1755 2264 1802 ceterarum
2301 1742 2632 1803 rationum.

659 1846 811 1926 Cap.
845 1844 1052 1907 XLIII.
1095 1845 1282 1906 Plane
1316 1846 1680 1924 confitebor,
1715 1846 1995 1927 quinam,
2016 1847 2067 1907 si
2090 1846 2267 1925 forte,
2291 1867 2431 1908 vere
2452 1849 2529 1908 de
2549 1847 2856 1908 sterilitate
2879 1846 3060 1907 Chri-

444 1953 783 2014 stianorum
832 1952 1131 2031 conqueri
1178 1954 1433 2033 possint.
1497 1953 1684 2015 Primi
1730 1971 1909 2015 erunt
1955 1956 2233 2029 lenones,
2279 1954 2694 2034 perductores,
2739 1953 3061 2033 aquarioli,

446 2077 581 2122 tum
613 2058 829 2133 sicarii,
862 2058 1178 2128 venerarii,
1214 2060 1397 2138 magi,
1444 2059 1588 2120 item
1623 2062 1953 2141 aruspices,
1988 2060 2184 2136 arioli,
2219 2060 2648 2121 mathematici.
2714 2061 2828 2121 His
2862 2060 3058 2121 infru·

447 2184 696 2229 ctuosos
727 2185 859 2227 esse
895 2184 1159 2244 magnus
1191 2181 1278 2226 est
1314 2165 1562 2228 fructus.
1614 2168 1690 2228 Et
1720 2182 1929 2228 tamen
1960 2168 2389 2247 quodcunque
2423 2167 2819 2247 dispendium
2853 2183 2942 2228 est
2975 2166 3061 2228 rei

448 2289 678 2335 vestrae
723 2291 832 2352 per
878 2272 1038 2332 hanc
1083 2289 1328 2350 sectam,
1377 2293 1521 2334 cum
1552 2274 1766 2355 aliquo
1799 2274 2107 2354 praesidio
2140 2273 2503 2354 conpensari
2537 2288 2756 2353 potest.
2826 2272 3059 2346 Quanti

448 2378 701 2455 habetis,
747 2397 879 2439 non
927 2376 1067 2437 dico
1114 2377 1222 2458 qui
1268 2378 1387 2439 iarn
1423 2380 1500 2440 de
1532 2380 1707 2441 vobis
1739 2379 2068 2441 daemonia
2101 2378 2428 2456 excutiant,
2462 2398 2591 2440 non
2626 2380 2766 2440 dico
2797 2379 2920 2440 iam
2953 2381 3061 2459 qui

447 2506 560 2567 pro
607 2486 782 2547 vobis
826 2503 1081 2565 quoque
1129 2503 1271 2545 vero
1316 2484 1435 2546 deo
1476 2505 1685 2566 preces
1715 2503 2010 2563 sternant,
2045 2486 2190 2568 quia
2225 2486 2378 2548 forte
2411 2505 2539 2546 non
2573 2485 2836 2563 creditis,
2870 2488 2975 2547 sed
3029 2507 3060 2546 a

448 2592 675 2673 quibus
709 2592 864 2653 nihil
896 2593 1110 2654 timere
1146 2593 1427 2674 possitis?
1480 2592 1537 2674 [1.
1574 2612 1624 2653 c.
1657 2613 1793 2675 pag.
1828 2597 1932 2671 61,
1976 2614 2113 2674 129,
2159 2596 2274 2675 136
2309 2593 2461 2674 seq.]

1444 2772 1517 2846 b)
1580 2774 1686 2834 De
1735 2792 2052 2835 corona.

624 2916 774 2995 Cap.
810 2915 848 2975 l.
909 2914 1194 2976 Proxime
1243 2915 1469 2976 facturn
1519 2932 1641 2976 est:
1690 2915 2044 2977 Liberalitas
2080 2915 2745 2996 praestantissimorum
2792 2914 3061 2995 impera-

447 3037 652 3083 torum
688 3024 1157 3102 expungebatur
1190 3023 1251 3083 in
1284 3022 1509 3100 castriS,
1541 3024 1764 3084 milites
1797 3022 2050 3085 laureati
2081 3023 2347 3084 adibant.
2403 3022 2678 3098 Quidam
2711 3022 2835 3084 illic
2868 3021 3062 3099 magis

448 3131 545 3190 dei
580 3129 751 3190 miles
783 3128 995 3190 ceteris
1025 3130 1404 3190 constantior
1435 3127 1740 3207 fratribus,
1790 3130 1901 3210 qui
1939 3151 2002 3191 se
2037 3131 2284 3190 duobus
2316 3129 2588 3192 dominis
2620 3130 3060 3209 servireposse

449 3250 1001 3318 praesumpserant.
1048 3236 1221 3297 solus
1266 3236 1461 3297 libero
1494 3236 1707 3318 capite,
1743 3254 2189 3298 coronamento
2222 3238 2285 3297 in
2321 3255 2512 3297 manu
2547 3237 2771 3308 otioso,
2807 3236 3058 3314 vulgato

448 3345 569 3404 iam
600 3360 659 3405 et
691 3343 800 3405 ista
833 3343 1152 3424 disciplina
1186 3343 1565 3421 Christiano,
1598 3345 1924 3405 relucebat.
1971 3345 2257 3423 Denique
2289 3343 2517 3424 singuli
2551 3343 2892 3422 designare,
2926 3343 3060 3403 elu-

448 3453 591 3512 dere
638 3452 905 3529 eminus,
950 3451 1299 3513 infrendere
1345 3453 1653 3514 cominus.
1721 3454 2011 3514 Murmur
2055 3452 2306 3513 tribuno
2339 3452 2647 3524 defertur;
2704 3466 2761 3511 et
2797 3469 3060 3531 persona

448 3560 566 3619 iam
617 3579 690 3620 ex
736 3559 956 3621 ordine
1002 3559 1358 3620 decesserat.
1421 3560 1635 3621 Statim
1682 3561 1990 3627 tribunus,
2027 3560 2176 3636 Cur,
2212 3559 2434 3638 inquit,
2484 3574 2609 3619 tam
2642 3559 2919 3618 diversus
2954 3557 3062 3617 ha·

448 3665 645 3726 bitus?
681 3665 940 3745 Negavit
971 3666 1070 3727 ille
1103 3667 1218 3727 sibi
1252 3686 1396 3727 cum
1430 3666 1646 3727 ceteris
1676 3666 1874 3727 licere.
1927 3668 2164 3728 Causas
2197 3664 2640 3747 expostulatuS,
2676 3663 3064 3726 Christianus

445 3791 607 3845 surn,
640 3772 972 3853 respondit.
1034 3772 1093 3833 O
1128 3773 1385 3834 militem
1418 3772 1762 3852 gloriosum
1794 3772 1857 3832 in
1891 3774 2042 3834 deo!
2083 3771 2386 3852 Suffragia
2418 3771 2657 3848 exinde,
2692 3787 2752 3831 et
2801 3789 2896 3830 res
2927 3789 3059 3829 am-

445 3879 647 3960 pliata,
700 3897 758 3940 et
809 3900 952 3942 reus
996 3881 1071 3940 ad
1121 3879 1477 3960 praefectos.
1542 3880 1774 3940 Ibidem
1822 3880 2209 3957 gravissimas
2260 3880 2515 3959 penulas
2549 3877 2774 3958 posuit,
2809 3876 3059 3936 relevari

443 3986 809 4067 auspicatuS,
847 3985 1316 4068 speculatoriam
1354 3987 1839 4048 morosissimam
1877 3987 1953 4048 de
1987 3986 2248 4067 pedibus
2280 3985 2554 4059 absolvit,
2601 3999 2792 4045 terrae
2823 3999 3062 4044 sanctae

444 4093 722 4155 insistere
755 4094 1079 4175 incipiens,
1112 4092 1390 4173 gladium
1421 4113 1536 4155 nec
1569 4093 1918 4155 dominicae
1950 4092 2298 4154 defensioni
2336 4090 2752 4153 necessarium
2774 4089 3058 4166 reddidit,

443 4200 650 4261 laurea
702 4217 759 4263 et
807 4202 882 4262 de
927 4221 1119 4263 manu
1170 4201 1389 4276 deruit,
1436 4217 1495 4262 et
1542 4220 1708 4262 nunc
1741 4200 1979 4264 rufatus
2012 4201 2329 4280 sanguinis
2362 4199 2456 4260 sui
2491 4218 2618 4279 spe,
2650 4197 2951 4258 calceatus
2984 4197 3062 4257 de

444 4308 740 4386 evangelii
775 4324 1078 4389 paratura,
1112 4309 1457 4370 succinctus
1488 4310 1761 4370 acutiore
1792 4311 1984 4370 verbo
2018 4307 2133 4384 dei,
2165 4323 2332 4370 totus
2364 4308 2441 4368 de
2474 4305 2757 4387 apostolo
2791 4319 3063 4365 armatus

442 4431 502 4475 et
549 4416 625 4476 de
672 4415 947 4496 martyrii
993 4415 1253 4476 candida
1300 4415 1522 4476 melius
1562 4431 1897 4478 coronatus
1930 4416 2295 4476 donativum
2329 4413 2560 4476 Christi
2594 4413 2656 4474 in
2690 4431 2925 4473 carcere
2959 4432 3063 4472 ex-

444 4538 660 4603 pectat.
709 4522 941 4584 Exinde
975 4522 1312 4585 sententiae
1343 4542 1532 4603 super
1565 4522 1690 4599 illo,
1728 4523 1939 4584 nescio
1973 4543 2051 4583 an
2086 4521 2582 4584 Christianorum
2621 4552 2701 4563 -
2736 4538 2862 4579 non
2896 4518 3064 4579 enirn

442 4631 596 4692 aliae
629 4630 1040 4707 ethnicorum,
1082 4645 1149 4689 ut
1180 4629 1255 4689 de
1289 4631 1554 4710 abrupto
1587 4644 1646 4690 et
1679 4629 1989 4710 praecipiti
2023 4646 2080 4689 et
2114 4630 2272 4690 mori
2307 4628 2560 4709 cupid0,
2597 4626 2704 4706 qui
2739 4627 2815 4687 de
2851 4626 3061 4686 habitu

442 4737 847 4817 interrogatus
894 4735 1135 4798 nomini
1180 4736 1501 4815 negotium
1549 4734 1775 4813 fecerit,
1822 4736 1995 4796 solus
2039 4736 2269 4797 scilicet
2316 4735 2485 4796 fortis
2531 4734 2688 4793 inter
2733 4748 2821 4792 tot
2857 4732 3065 4793 fratres

444 4844 921 4922 commilitoneS,
955 4845 1128 4907 solus
1161 4843 1569 4908 Christianus.
1605 4843 1791 4904 Plane
1823 4859 2119 4922 superest,
2152 4859 2219 4903 ut
2252 4843 2433 4904 etiam
2468 4839 2752 4921 martyria
2785 4857 3065 4899 recusare

444 4952 819 5014 meditentur
851 4953 960 5033 qui
995 4951 1349 5032 prophetias
1382 4951 1660 5012 eiusdem
1693 4949 1942 5031 spiritus
1975 4951 2166 5011 sancti
2201 4964 2583 5031 respuerunt.
2636 4945 2935 5008 Musitant
2956 4944 3065 5005 de-
