3684 5416
388 1561 436 1593 10

390 2096 434 2139 ¹5

385 2629 443 2661 20

384 3166 440 3208 25

383 3700 446 3744 30

389 4234 442 4277 35

391 4767 451 4807 40

1129 380 1391 434 Potestas
1430 379 1809 435 ecclesiastica
1850 393 1905 435 et
1942 381 2246 452 imperium
2285 380 2459 435 civile.
2986 398 3084 435 221

491 565 606 625 nisi
653 581 789 646 post
834 565 1388 626 convalescentiam
1433 565 1768 627 monitioni
1819 580 1878 626 et
1927 565 2227 626 mandatis
2265 566 2488 626 nostris
2522 565 2879 627 huiusmodi
2917 585 3100 647 paru-

490 671 601 731 erit
630 690 775 732 cum
807 671 1051 750 effectu,
1086 673 1151 732 in
1184 673 1399 734 eadem
1433 672 2099 735 excommunicationis
2130 671 2492 733 sententiam
2517 672 2850 748 reincidat),
2870 672 3100 733 absolvi

489 797 619 839 non
652 780 905 859 possint.

702 894 732 954 S
753 906 814 951 7.
845 887 1107 947 Necnon
1141 886 1488 947 rebellionis
1520 902 1596 962 et,
1633 888 1844 967 quoad
1880 887 2221 947 Henricum
2256 904 2488 968 regem,
2524 885 2705 945 etiam
2744 884 3102 965 perditionis

488 993 658 1071 regni
707 1008 763 1052 et
808 993 1234 1054 dominiorum
1267 993 1754 1074 praedictorum;
1815 1010 1873 1054 et
1903 1011 2028 1054 tam
2061 994 2269 1074 quoad
2306 1011 2448 1053 eum
2484 1010 2672 1072 quam
2707 992 2915 1072 quoad
2950 991 3102 1051 alios

491 1098 763 1160 monitos
807 1099 1193 1179 supradictos
1239 1120 1423 1181 supra
1472 1117 1529 1161 et
1577 1101 1973 1181 infrascriptis
2021 1100 2256 1181 poenis,
2290 1119 2446 1180 quas
2478 1099 2528 1159 si
2561 1098 2737 1160 dictis
2772 1096 3101 1159 monitioni

488 1219 547 1264 et
579 1205 900 1281 mandatiS,
936 1224 1000 1267 ut
1035 1207 1390 1286 praefertur,
1425 1226 1554 1268 non
1588 1208 1916 1289 paruerint,
1953 1228 2061 1270 eos
2093 1224 2150 1269 et
2182 1227 2401 1269 eorum
2437 1207 2737 1289 singulos,
2772 1206 2909 1285 ipso
2943 1203 3101 1265 facto

489 1312 817 1392 respective
862 1312 1175 1375 incurrere
1223 1314 1537 1383 volumus,
1588 1334 1694 1396 per
1740 1331 2093 1396 praesentes
2128 1331 2506 1376 monemus:
2542 1315 2752 1393 eisque
2788 1328 2846 1373 et
2878 1330 3099 1373 eorum

487 1417 737 1480 cuilibet
780 1419 1043 1482 districte
1090 1421 1524 1502 praecipiendo
1573 1423 1945 1484 mandamus
2011 1437 2318 1502 quatenus
2369 1422 2671 1482 Henricus
2738 1440 2840 1481 rex
2888 1438 2996 1500 per
3041 1438 3105 1478 se

488 1526 586 1586 vel
618 1542 1080 1607 procuratorem
1128 1528 1496 1608 legitimum,
1543 1544 1603 1590 et
1649 1529 1974 1590 sufficienti
2011 1530 2305 1590 mandato
2339 1528 2685 1602 suffultum,
2722 1526 2872 1588 infra
2909 1545 3102 1586 nona-

486 1632 687 1711 ginta;
721 1634 1054 1716 complices
1085 1656 1251 1712 vero,
1289 1637 1572 1712 fautores,
1607 1637 2026 1712 adhaerenteS,
2059 1637 2445 1698 consultores
2478 1651 2535 1696 et
2568 1653 2861 1716 sequaces
2895 1653 2963 1693 ac
2997 1631 3095 1692 alii

493 1741 555 1802 in
600 1741 952 1821 praemissis
996 1742 1475 1822 quomodolibet
1520 1743 1853 1823 culpabiles
1885 1742 2213 1823 supradicti
2247 1742 2581 1803 saeculares
2613 1757 2671 1802 et
2702 1740 3103 1812 ecclesiastici,

489 1847 670 1908 etiam
703 1849 1030 1928 regulares,
1063 1850 1479 1930 personaliter,
1529 1849 1680 1911 infra
1719 1851 2033 1930 sexaginta
2068 1850 2197 1911 dies
2228 1865 2628 1930 compareant
2660 1868 2871 1910 coram
2904 1847 3104 1920 nobis,

490 1956 565 2016 ad
611 1976 675 2016 se
722 1976 908 2037 super
954 1957 1302 2037 praemissis
1336 1958 1602 2037 legitime
1635 1959 2059 2019 excusandum
2092 1974 2151 2019 et
2186 1957 2673 2033 defendendum,
2708 1957 2853 2017 alias
2886 1956 3102 2016 viden-

493 2064 647 2123 dum
679 2079 739 2124 et
769 2063 1175 2138 audiendum,
1223 2079 1437 2125 contra
1470 2083 1578 2125 eos
1611 2080 1669 2125 et
1701 2083 1922 2125 eorum
1954 2065 2254 2143 singuIOS,
2300 2064 2483 2125 etiam
2517 2063 2901 2138 nominatim,
2939 2080 3101 2142 quos

492 2171 579 2232 sic
611 2188 943 2231 monemus
976 2186 1286 2251 quatenus
1316 2172 1614 2252 expediat,
1659 2173 1732 2232 ad
1768 2190 1990 2232 omnes
2022 2186 2081 2232 et
2112 2171 2390 2253 singulos
2424 2186 2610 2246 actuS,
2643 2169 2824 2231 etiam
2860 2186 3103 2230 senteu-

489 2277 640 2338 tiam
686 2277 1082 2350 definitivam,
1132 2280 1607 2356 declaratoriam,
1655 2279 2229 2341 condemnatoriam
2279 2294 2337 2339 et
2385 2277 2774 2358 privatoriam
2826 2296 2894 2336 ac
2928 2294 3104 2336 mau-

495 2385 706 2445 datum
741 2386 1145 2460 executivum,
1184 2387 1451 2468 procedi.

709 2490 902 2567 Quod
949 2494 997 2553 si
1034 2494 1338 2556 Henricus
1385 2513 1485 2556 rex
1534 2510 1593 2555 et
1638 2495 1736 2555 alii
1784 2494 2000 2556 moniti
2048 2493 2337 2575 praedicti
2384 2493 2538 2554 intra
2574 2491 2769 2552 dictos
2802 2491 3100 2552 terminos

495 2598 597 2676 eis,
631 2614 700 2660 ut
731 2599 1080 2679 praefertur,
1125 2601 1454 2682 respective
1489 2601 1789 2683 praefixos
1822 2622 1949 2663 non
2000 2600 2457 2683 comparuerint
2489 2615 2546 2660 et
2580 2598 2948 2679 praedictam
2983 2618 3100 2657 ex-

495 2707 1264 2771 communicationis
1310 2710 1796 2771 sententiam
1844 2730 1954 2791 per
1998 2726 2116 2770 tres
2161 2708 2291 2769 dies
2339 2723 2476 2789 post
2521 2707 2760 2787 lapsum
2795 2705 3106 2767 dictorum

495 2814 926 2893 terminorum,
961 2815 1192 2891 animo,
1224 2817 1396 2896 quod
1429 2817 1598 2893 absit,
1631 2818 2037 2879 sustinuerint
2069 2817 2377 2893 induratO,
2400 2834 2689 2875 censuras
2710 2813 2871 2894 ipsas
2891 2832 3106 2894 aggra-

496 2939 714 2982 vamus
761 2937 820 2982 et
867 2923 1207 2983 successive
1254 2942 1738 3005 reaggravamus,
1787 2924 2257 3004 Henricumque
2304 2941 2515 3003 regem
2549 2920 2902 3003 privationis
2933 2918 3106 2998 regni

496 3043 553 3087 et
595 3027 1015 3090 dominiorum
1064 3031 1534 3110 praedictorum,
1583 3047 1641 3091 et
1685 3047 1811 3092 tam
1857 3051 2001 3092 eum
2048 3050 2238 3111 quam
2273 3031 2425 3091 alios
2459 3029 2730 3091 monitos
2764 3026 3103 3109 praedictos

496 3150 554 3195 et
597 3154 813 3196 eorum
859 3135 1157 3215 singulos,
1203 3155 1425 3197 omnes
1457 3153 1514 3197 et
1545 3137 1822 3217 singulos
1855 3137 2000 3198 alias
2046 3157 2279 3218 poenas
2313 3136 2636 3197 incurrisse
2671 3138 2746 3197 ab
2779 3135 3104 3196 omnibus-

497 3262 621 3323 que
666 3243 893 3305 Christi
941 3242 1224 3304 fidelibus
1274 3263 1415 3304 cum
1470 3263 1685 3305 eorum
1741 3245 1925 3307 bonis
1970 3260 2269 3325 perpetuo
2333 3242 2645 3305 diffidatos
2696 3262 2843 3303 esse.
2938 3242 3010 3301 Et
3058 3240 3106 3299 si

496 3348 739 3411 interim
772 3352 848 3411 ab
882 3349 1170 3410 humanis
1216 3350 1486 3425 decedat,
1530 3349 1926 3411 ecclesiastica
1975 3351 2197 3411 debere
2236 3368 2440 3410 carere
2472 3348 2806 3429 sepultura,
2841 3345 3108 3407 auctori-

496 3472 614 3519 tate
658 3472 718 3517 et
765 3457 1075 3537 potestatis
1121 3456 1505 3538 plenitudine
1554 3457 1875 3537 praedictis
1921 3456 2315 3517 decernimus
2361 3471 2419 3515 et
2464 3454 2845 3515 declaramus
2877 3470 3109 3531 eosque

498 3564 913 3641 anathematis,
950 3564 1393 3625 maledictionis
1425 3578 1484 3624 et
1516 3562 1930 3624 damnationis
1962 3578 2239 3623 aeternae
2274 3580 2573 3622 mucrone
2609 3560 3005 3641 percutimus

711 3679 740 3740 s
774 3673 834 3731 8.
888 3672 1151 3732 Necnon
1184 3691 1342 3751 quae
1374 3669 1681 3751 praefatus
1718 3670 2019 3729 Henricus
2063 3689 2165 3730 rex
2197 3669 2669 3748 quomodolibet
2701 3683 2758 3726 et
2791 3687 2862 3727 ex
2898 3665 3111 3745 quavis

499 3797 679 3840 causa
722 3794 908 3855 tenet,
958 3779 1137 3838 habet
1183 3793 1287 3838 aut
1320 3777 1609 3857 possidet,
1646 3777 1948 3856 quamdiu
1983 3776 2290 3836 Henricus
2323 3794 2425 3836 rex
2459 3791 2517 3834 et
2549 3773 2899 3834 aliimoniti
2935 3790 3111 3852 prae-

500 3886 659 3957 dicti,
705 3900 763 3946 et
808 3903 1026 3946 eorum
1059 3884 1285 3962 singuli
1317 3885 1382 3945 in
1416 3885 1547 3944 aliis
1581 3904 1687 3964 per
1721 3883 1952 3944 dictum
1988 3883 2329 3944 Henricum
2364 3901 2569 3960 regem
2607 3900 2736 3942 non
2771 3880 2969 3956 tentis,
3004 3880 3111 3939 ha-

500 3993 637 4054 bitis
668 4008 774 4054 aut
808 3992 1104 4074 possessis
1137 3991 1575 4073 permansuris,
1611 4006 1669 4051 et
1703 3991 1908 4052 triduo
1943 4006 2079 4071 post
2112 4008 2337 4050 eorum
2371 3989 2512 4049 inde
2546 4006 2876 4062 recessum,
2909 4002 2967 4047 et
2999 3986 3111 4046 alia

501 4119 951 4181 quaecumque,
1000 4101 1075 4159 ad
1124 4119 1284 4179 quae
1333 4099 1676 4159 Henricum
1726 4116 1933 4176 regem
1983 4112 2041 4157 et
2087 4096 2237 4157 alios
2285 4095 2554 4156 monitos
2602 4093 2942 4176 praedictos
2975 4107 3114 4174 post

500 4209 737 4290 lapsum
787 4207 1094 4268 dictorum
1127 4205 1538 4266 terminorum
1572 4203 1881 4264 declinare
1913 4203 2260 4282 contigerit,
2293 4203 2571 4262 dominia
2606 4201 2874 4262 civitates
2906 4215 3111 4269 terraS,

500 4331 709 4393 castra,
742 4315 932 4393 villas,
969 4314 1197 4395 oppida
1234 4311 1861 4393 metropolitanasque
1895 4326 1953 4370 et
1984 4310 2129 4370 alias
2160 4310 2541 4371 cathedrales
2574 4323 2927 4387 ceterasque
2960 4305 3114 4366 infe-

501 4422 689 4484 riores
739 4423 1038 4497 ecclesias‚
1091 4440 1203 4482 nec
1254 4440 1379 4481 non
1429 4418 1816 4496 monasteria,
1868 4418 2189 4498 prioratus,
2237 4418 2480 4493 domos,
2514 4430 2859 4477 conventus
2892 4431 2948 4474 et
2980 4414 3113 4473 loca

501 4530 782 4611 religiosa
814 4529 910 4589 vel
942 4529 1059 4609 pia,
1092 4528 1560 4606 cuiuscumque,
1593 4525 1774 4587 etiam
1807 4524 1867 4585 S.
1890 4525 2221 4595 Benedicti,
2260 4522 2711 4597 Cluniacensis,
2745 4521 3115 4584 Cistercien-

502 4638 601 4712 sis,
633 4636 1204 4699 Praemostratensis
1236 4655 1306 4696 ac
1337 4636 1854 4712 Praedicatorum,
1904 4634 2306 4695 Eremitarum
2356 4633 2414 4696 S.
2460 4630 2812 4713 Augustini,
2858 4628 3115 4689 Carme-

502 4745 747 4806 litarum
796 4761 854 4805 et
901 4744 1163 4805 aliorum
1214 4742 1520 4804 Ordinum
1574 4762 1641 4803 ac
1688 4741 2261 4824 Congregationum
2312 4757 2369 4800 et
2418 4740 2771 4800 militiarum
2817 4754 3117 4816 quarum-

505 4869 776 4931 cumque
818 4851 884 4911 in
930 4850 1077 4931 ipsis
1121 4849 1432 4921 dominiis,
1481 4848 1845 4919 civitatibus,
1878 4847 2075 4925 terris,
2111 4847 2346 4925 castris,
2385 4846 2560 4922 villis,
2593 4843 2843 4926 oppidis
2877 4858 2933 4902 et
2967 4841 3117 4902 locis

507 4956 815 5018 existentia
862 4957 1266 5018 ecclesiastico
1312 4956 1724 5037 supponimus
1770 4954 2129 5016 interdicto:
2196 4955 2275 5014 ita
2310 4970 2396 5029 ut,
2431 4953 2537 5013 illo
2571 4953 2850 5027 durante,
2884 4950 2949 5010 in
2982 4949 3116 5018 illis,
