3684 5416
661 362 767 434 498
1730 363 1903 417 Curia
1946 380 2202 417 romana.

661 567 817 624 sore,
853 567 980 608 non
1012 562 1139 607 tam
1172 547 1588 622 obtinuerunt,
1621 568 1808 627 quam
1846 563 2207 628 extorquere
2242 565 2803 629 praesumpserunt,
2839 570 2902 609 se
2927 550 3159 610 nedum
3197 550 3272 609 ad

661 655 868 715 locum
903 655 1417 715 Numerariorum
1453 656 1818 729 absentium,
1853 672 1910 716 et
1943 671 2081 716 vota
2115 655 2335 731 danda,
2368 658 2473 716 sed
2508 657 2690 717 etiam
2726 657 2801 717 ad
2836 657 3270 734 emolumenta,

658 763 804 843 ipsis
837 762 1217 823 Numerariis
1263 778 1512 844 propter
1562 763 1928 824 eorumdem
1975 762 2311 824 absentiam
2355 763 2647 842 denegata
2682 765 2886 845 recipi,
2921 781 2979 826 et
3012 765 3265 841 admitti,

660 870 798 931 licet
845 872 922 930 de
971 869 1149 943 fact0,
1199 870 1260 931 in
1293 870 1657 932 eorumdem
1695 870 2207 932 Numerariorum
2245 871 2594 952 praesertim
2630 872 3043 953 praesentium
3078 872 3270 934 Cleri-

582 999 602 1042 5
659 997 878 1040 corum
911 977 1379 1058 praeiudicium,
1416 996 1545 1038 non
1579 979 1896 1039 modicum
1932 994 2114 1059 atque
2148 979 2466 1040 damnum.

875 1093 905 1153 S
945 1086 1003 1146 6.
1056 1085 1188 1146 Nos
1235 1084 1421 1165 igitur
1469 1099 1825 1144 nostrorum
1876 1086 2412 1172 praedecessorum
2464 1084 2731 1164 vestigiis
2765 1086 3176 1162 inhaerenteS,
3204 1104 3274 1144 ac

661 1191 809 1252 tales
842 1207 1343 1273 praesumptores
1376 1206 1589 1251 contra
1622 1205 1841 1252 statuta
1875 1191 2239 1268 hujusmodi
2274 1192 2593 1267 admissos,
2614 1211 2690 1253 ne
2724 1191 2783 1253 id
2817 1191 2948 1253 aliis
2980 1193 3134 1252 trahi
3172 1212 3271 1250 va-

658 1300 774 1360 leat
821 1299 885 1360 in
937 1299 1312 1378 exemplum,
1367 1314 1741 1376 amoventes,
1775 1314 2142 1379 amotosque
2177 1299 2381 1375 fuisse,
2426 1314 2486 1360 et
2516 1319 2645 1360 esse
2681 1299 3057 1374 nunciantes,
3092 1299 3268 1359 Motu

660 1407 912 1488 proprio
946 1426 1076 1467 non
1113 1408 1188 1467 ad
1224 1406 1593 1467 eorumdem
1614 1406 2006 1468 Clericorum
2040 1408 2136 1468 vel
2168 1407 2436 1468 aliorum
2473 1426 2585 1487 pro
2619 1406 2706 1467 eis
2739 1405 2917 1466 nobis
2950 1424 3136 1486 super
3157 1406 3275 1465 hoc

558 1536 603 1566 ¹0
659 1516 896 1577 oblatae
930 1514 1242 1596 petitionis
1277 1515 1649 1592 instantiam,
1684 1515 1790 1576 sed
1826 1515 1903 1577 de
1939 1531 2143 1577 nostra
2180 1534 2346 1575 mera
2378 1514 2754 1592 liberalitate,
2789 1534 2859 1575 ex
2895 1530 3053 1575 certa
3074 1515 3271 1574 scien-

658 1624 754 1702 tia,
788 1643 1007 1686 omnes
1040 1640 1099 1684 et
1131 1623 1404 1704 singulas
1428 1623 1690 1704 Eugenii
1711 1640 1767 1684 et
1789 1623 2027 1684 Nicolai
2051 1624 2596 1704 praedecessorum
2617 1638 2986 1684 statutorum
3021 1642 3271 1683 eorum-

657 1732 800 1792 dem
848 1730 1337 1792 confirmatorias
1381 1730 1600 1808 literaS,
1651 1730 1779 1810 ipsa
1813 1745 2030 1790 statuta
2065 1746 2529 1806 concernentes,
2565 1729 2786 1790 harum
2820 1729 2974 1790 serie
3007 1730 3267 1790 innova-

656 1849 816 1914 muS,
865 1838 1326 1916 confirmamus,
1375 1853 1433 1899 et
1478 1840 1916 1919 approbamuS,
1951 1856 2019 1897 ac
2054 1837 2298 1918 plenam
2333 1836 2573 1897 roboris
2607 1835 2955 1897 firmitatem
2988 1835 3264 1896 obtinere

656 1946 809 2007 velle
843 1946 1252 2020 decernimus,
1286 1964 1481 2025 eaque
1513 1945 1589 2005 de
1622 1960 1864 2006 caetero
1898 1943 2065 2022 juxta
2095 1964 2311 2006 eorum
2335 1944 2779 2006 continentiam
2801 1959 2982 2023 atque
3005 1942 3268 2003 formam

556 2069 598 2112 ¹5
658 2053 1089 2127 inviolabiliter
1121 2052 1428 2115 observari
1461 2052 1773 2128 volumuS,
1805 2067 1865 2113 et
1896 2053 2284 2112 mandamus
2350 2052 2784 2126 Decernentes,
2834 2069 2942 2130 per
2974 2048 3269 2128 receptio-

661 2180 801 2221 nem
856 2175 915 2221 et
966 2161 1403 2222 admissionem
1466 2174 2007 2240 praesumptorum
2061 2174 2118 2219 et
2168 2173 2524 2220 amotorum
2584 2157 2972 2232 eorumdem,
3024 2174 3267 2216 necnon

659 2287 1208 2349 quorumcumque
1243 2287 1351 2348 per
1382 2287 1490 2328 eos
1525 2282 1955 2347 perceptorum
1991 2266 2304 2326 fructuum
2339 2264 2815 2347 perceptionem,
2850 2264 3097 2324 nullum
3129 2263 3271 2325 Cle-

656 2376 792 2437 ricis
824 2393 882 2436 et
913 2391 1283 2437 statutorum
1317 2374 1726 2436 observationi
1761 2373 2144 2451 hujusmodi,
2165 2371 2627 2462 'praejudicium
2657 2371 2929 2452 generari
2964 2371 3254 2452 potuisse,

657 2485 783 2544 sive
816 2502 1014 2564 posse.

550 2604 603 2636 ²0
872 2600 900 2661 s
936 2612 993 2657 7.
1043 2590 1116 2649 Et
1152 2588 1557 2650 nihilominus
1591 2605 1767 2649 motu
1803 2604 1862 2649 et
1894 2588 2270 2665 auctoritate,
2319 2603 2377 2648 et
2408 2588 2658 2649 scientia
2690 2586 3012 2658 similibus,
3047 2587 3157 2646 hac
3191 2587 3270 2646 ir-

657 2698 998 2778 refragabili
1033 2697 1473 2759 constitutione
1506 2697 1850 2776 statuimus,
1883 2714 1942 2758 et
1973 2696 2355 2770 ordinamus,
2390 2696 2562 2777 quod
2598 2696 2919 2773 etiamsub
2955 2694 3271 2776 praedictis

659 2804 1315 2868 excommunicationis
1350 2821 1405 2865 et
1439 2804 1683 2884 perjurii
1718 2803 1952 2885 poenis,
2002 2804 2212 2864 nullus
2246 2805 2321 2864 de
2353 2820 2590 2865 caetero
2624 2819 2934 2884 praetextu
2970 2823 3266 2884 quarum-

657 2932 926 2992 cumque
972 2912 1288 2971 literarum
1334 2912 1516 2971 etiam
1565 2911 2061 2991 Apostolicarum
2110 2932 2144 2971 a
2191 2911 2388 2986 nobis,
2435 2931 2543 2971 seu
2591 2911 2666 2971 de
2715 2912 3005 2971 mandato
3054 2927 3265 2972 nostro

656 3034 1096 3093 emanatarum,
1141 3017 1255 3078 nisi
1304 3016 1368 3077 in
1416 3018 1529 3077 illis
1576 3019 1993 3098 praesentium
2027 3018 2102 3078 de
2133 3020 2323 3079 verbo
2356 3019 2431 3079 ad
2466 3020 2723 3079 verbum
2755 3018 3004 3080 insertio
3040 3017 3156 3089 fiat,
3189 3017 3264 3077 ad

549 3141 599 3184 25
657 3122 1017 3201 hujusmodi
1052 3124 1397 3185 absentium
1431 3125 1872 3202 emolumenta,
1917 3145 2025 3187 seu
2061 3125 2137 3186 ad
2171 3142 2308 3186 vota
2341 3125 2702 3201 exhibenda,
2751 3126 2843 3186 vel
2877 3125 3023 3185 alias
3055 3139 3265 3185 contra

657 3246 877 3292 statuta
924 3229 1091 3310 ipsos
1139 3233 1491 3305 exercenda,
1523 3231 1730 3313 recipi,
1764 3233 1858 3293 vel
1892 3232 2145 3294 admitti.
2210 3232 2621 3294 Decernentes
2653 3251 2873 3293 omnes
2905 3249 2961 3292 et
2993 3231 3265 3312 singulas

653 3357 762 3418 per
809 3356 1248 3417 quoscumque
1297 3338 1706 3419 impetrandas
1752 3339 1973 3417 literaS,
2010 3338 2334 3415 jussiones,
2366 3356 2422 3400 et
2457 3340 2760 3415 mandata,
2792 3339 2867 3399 ad
2905 3338 2965 3400 id
2999 3356 3130 3398 non
3163 3357 3267 3398 ex-

652 3444 872 3505 tendit:
923 3444 1324 3525 Clericosque
1371 3465 1480 3506 seu
1530 3461 1741 3525 gentes
1774 3446 2072 3507 Gamerae
2119 3445 2498 3524 hujusmodi,
2547 3447 2682 3523 illis,
2727 3462 2936 3507 contra
2985 3462 3261 3505 tenorem

652 3568 1023 3613 statutorum
1057 3570 1339 3623 suorum,
1377 3553 1626 3613 obedire
1661 3572 1786 3613 non
1822 3554 2034 3629 teneri,
2071 3554 2166 3614 vel
2199 3555 2275 3614 ad
2311 3554 2372 3614 id
2406 3576 2438 3614 a
2473 3574 2794 3635 quoquam
2817 3555 3036 3635 quavis
3056 3569 3265 3615 aucto-

546 3678 597 3719 30
652 3659 821 3718 ritate
870 3660 1182 3737 coarctari,
1232 3679 1340 3719 seu
1390 3675 1708 3740 propterea
1760 3660 2060 3737 interdici,
2093 3661 2409 3741 suspendi,
2444 3662 2537 3722 vel
2572 3663 3095 3724 excommunicari
3132 3681 3261 3722 non

654 3785 850 3845 posse,
902 3766 1137 3826 irritum
1189 3781 1247 3826 et
1297 3766 1492 3843 inane,
1538 3766 1586 3827 si
1632 3787 1807 3827 secus
1854 3787 2040 3847 super
2086 3768 2175 3845 iis,
2224 3790 2256 3828 a
2302 3788 2625 3848 quoquam
2659 3769 2874 3848 quavis
2906 3769 3259 3829 auctoritate

650 3873 908 3933 scienter
939 3874 1034 3933 vel
1066 3873 1423 3951 ignoranter
1454 3890 1811 3936 attentatum
1851 3875 2058 3936 forsan
2091 3891 2178 3937 est
2211 3877 2522 3952 hactenuS,
2557 3877 2650 3936 vel
2687 3877 2747 3936 in
2770 3892 3087 3957 posterum
3112 3896 3262 3936 con-

648 3980 846 4059 tigerit
878 3980 1173 4041 attentari.

863 4096 890 4155 S
928 4088 985 4146 8.
1049 4089 1380 4166 Praeterea,
1430 4105 1495 4150 ut
1541 4109 1616 4150 eo
1670 4089 1867 4167 magis
1914 4110 1978 4150 se
2012 4089 2193 4150 nobis
2227 4106 2285 4150 et
2319 4091 2711 4171 Apostolicae
2744 4089 2887 4150 Sedi
2923 4090 3264 4150 devotiores

544 4213 592 4256 35
651 4192 993 4269 exhibeant,
1043 4213 1170 4273 quo
1217 4214 1287 4255 ex
1338 4196 1455 4255 hoc
1486 4216 1519 4255 a
1553 4196 1733 4256 nobis
1765 4196 2212 4276 conspexerint,
2259 4216 2320 4256 se
2357 4195 2695 4272 majoribus
2729 4197 2915 4257 attolli
2955 4196 3262 4256 favoribus

651 4316 708 4360 et
761 4300 983 4379 gratiis,
1015 4301 1522 4379 Thesaurarium,
1568 4318 1625 4362 et
1657 4302 1937 4380 singulos
1970 4319 2205 4382 septem
2238 4303 2512 4364 Clericos
2554 4303 2739 4383 ipsos,
2792 4321 3035 4365 nostros
3068 4319 3122 4362 et
3155 4302 3261 4362 Se-

651 4407 743 4467 dis
791 4406 1092 4487 praefatae
1147 4427 1323 4469 veros
1356 4408 1746 4488 Capellanos,
1789 4429 1860 4469 ac
1895 4409 2077 4469 etiam
2115 4426 2360 4470 nostros
2393 4429 2571 4470 veros
2606 4410 2951 4485 familiareS,
2982 4425 3039 4470 et
3071 4408 3262 4469 conti-

651 4534 813 4575 nuos
848 4515 1300 4575 commensales
1335 4515 1537 4589 fuisse,
1572 4533 1629 4577 et
1661 4537 1791 4578 esse
1826 4518 2052 4578 harum
2085 4517 2242 4577 serie
2279 4518 2667 4593 nunciamus,
2701 4536 2931 4596 eosque
2964 4518 3109 4577 tales
3141 4532 3261 4576 tam

648 4621 709 4682 in
745 4621 1126 4682 assecutione
1164 4622 1632 4691 beneficiorum,
1667 4627 1783 4685 sub
1817 4643 2038 4685 eorum
2072 4623 2457 4705 expectativis
2488 4623 2693 4703 gratiis
2714 4624 2826 4684 sibi
2852 4643 2964 4704 pro
2984 4638 3261 4704 tempore

539 4746 591 4785 ⁴0
647 4728 976 4805 concessiS,
1013 4750 1207 4809 quam
1244 4731 1389 4791 alias
1424 4747 1799 4810 reputamus,
1849 4751 1917 4791 ac
1949 4732 2245 4792 omnibus
2281 4746 2340 4791 et
2371 4731 2628 4811 singulis
2661 4730 2774 4791 illis
2809 4751 3061 4812 prorsus
3092 4730 3259 4791 simi-

644 4836 805 4896 libus
854 4837 1202 4918 privilegiis,
1251 4837 1475 4916 gratiiS,
1508 4838 2030 4914 concessionibus,
2072 4838 2562 4915 antelationibuS,
2601 4838 3055 4919 praerogativis,
3089 4837 3256 4898 favo·

647 4945 832 5019 ribuS,
868 4961 923 5004 et
956 4946 1225 5021 indultiS,
1258 4944 1482 5024 quibus
1516 4945 1613 5005 alii
1647 4945 1971 5005 familiares
1992 4946 2186 5008 nostri
2209 4946 2486 5008 continui
2510 4947 2958 5008 commensales
2980 4961 3257 5025 utuntur,
