3684 5416
648 325 750 381 602
1824 335 2086 407 Capituli.

647 530 836 591 quem
883 532 1121 592 omnes,
1168 513 1264 575 vel
1310 517 1509 578 maior
1554 534 1612 579 et
1656 520 1867 581 sanior
1913 541 2048 602 pars
2096 523 2346 604 capituli
2379 526 2697 590 consentit.
2760 527 2875 588 Vel
2905 530 3119 590 saltem
3150 531 3260 591 eli-

644 618 832 696 gendi
866 635 1132 698 potestas
1164 622 1478 703 aliquibus
1513 626 1656 686 viris
1688 627 1927 688 idoneis
1959 629 2394 709 committatur,
2440 633 2549 713 qui
2581 634 2711 695 vice
2744 634 3034 697 omnium
3064 637 3260 698 eccle-

646 726 769 785 siae
815 727 1096 788 viduatae
1144 731 1511 809 provideant
1557 733 1632 793 de
1680 751 1941 816 pastore.
2008 735 2201 796 Aliter
2247 737 2464 801 electio
2516 740 2668 801 facta
2714 760 2844 802 non
2892 743 3103 821 valeat,
3140 743 3260 804 nisi

649 832 802 894 forte
850 835 1265 897 communiter
1310 853 1468 898 esset
1516 842 1591 899 ab
1639 841 1956 918 omnibus,
1991 842 2166 921 quasi
2201 863 2309 923 per
2342 845 2811 926 inspirationem
2842 851 3078 929 absque
3112 850 3264 911 vitio

567 955 590 1001 5
647 940 963 1004 celebrata.
1027 942 1154 1018 Qui
1206 962 1353 1005 vero
1406 960 1617 1006 contra
1668 947 2068 1029 praescriptas
2118 949 2347 1010 formas
2397 951 2621 1031 eligere
2664 957 3103 1029 attentaverint,
3153 957 3264 1016 eli-

644 1047 830 1125 gendi
877 1067 946 1107 ea
994 1049 1123 1108 vice
1171 1065 1467 1129 potestate
1514 1051 1850 1132 priventur.
1929 1063 1958 1123 s
2005 1074 2053 1115 1.
2103 1054 2260 1116 lllud
2306 1073 2512 1119 autem
2547 1058 2788 1140 penitus
2820 1061 3268 1140 interdicimus,

646 1172 723 1213 ne
772 1154 912 1234 quis
957 1155 1023 1215 in
1058 1155 1376 1218 electionis
1409 1158 1663 1237 negotio
1696 1176 2166 1241 procuratorem
2199 1165 2544 1243 constituat,
2578 1165 2694 1227 nisi
2725 1167 2801 1228 sit
2831 1171 3052 1230 absens
3083 1170 3150 1230 in
3184 1190 3266 1231 eo

642 1260 805 1339 loco,
854 1262 930 1322 de
977 1283 1105 1342 quo
1153 1263 1371 1324 debeat
1416 1265 1719 1346 advocari,
1767 1267 2056 1348 iustoque
2086 1269 2536 1349 impedimento
2568 1274 2851 1334 detentus
2883 1275 3089 1336 venire
3125 1295 3262 1337 non

646 1367 855 1447 possit,
890 1388 1075 1449 super
1108 1389 1257 1451 qu0,
1290 1371 1341 1431 si
1374 1392 1534 1453 opus
1567 1373 1765 1451 fuerit,
1800 1373 1990 1435 fidem
2026 1375 2200 1437 faciat
2232 1377 2602 1455 iuramentO,
2639 1397 2697 1442 et
2725 1397 2874 1442 tunc
2901 1378 2953 1443 si
2971 1382 3262 1452 voluerit,

543 1489 592 1521 ¹0
646 1474 753 1534 uni
787 1476 1132 1537 committat
1164 1479 1242 1538 de
1273 1477 1409 1558 ipso
1444 1479 1707 1559 collegio
1739 1480 1939 1541 vicem
1972 1501 2168 1545 suam.
2234 1493 2263 1553 s
2314 1504 2373 1545 2.
2419 1486 2762 1549 Electiones
2795 1508 3053 1569 quoque
3085 1489 3259 1550 clan-

647 1580 916 1642 destinas
962 1585 1384 1664 reprobamus,
1431 1602 1781 1665 statuentes,
1828 1604 1914 1665 ut,
1962 1609 2152 1670 quam
2186 1590 2306 1652 cito
2340 1592 2556 1653 electio
2591 1593 2769 1655 fuerit
2802 1596 3122 1674 celebrata,
3157 1616 3263 1657 so·

645 1686 909 1748 lenniter
942 1688 1304 1768 publicetur.

1331 1925 1460 1982 246.
1514 1924 1949 1985 GREGORIUS
1987 1929 2100 1984 lx.
2138 1929 2572 2002 (1227—1241).

1219 2085 1641 2157 Gregorius
1681 2088 1788 2158 IX,
1826 2088 1898 2143 in
1937 2107 1982 2146 c.
2027 2109 2108 2162 55.
2149 2093 2216 2145 de
2252 2095 2522 2147 electione.
2562 2095 2599 2149 1.
2640 2094 2689 2149 6.

539 2253 587 2297 ¹5
860 2231 888 2260 ⁸
928 2232 1087 2302 Corp.
1124 2234 1227 2286 iur.
1266 2251 1388 2286 can.
1427 2235 1515 2287 ed.
1556 2234 1990 2307 Friedberg.
2030 2238 2204 2292 Tom.
2243 2238 2306 2293 11.
2348 2239 2457 2293 col.
2497 2258 2725 2312 94—95.
2796 2240 3269 2311 Schneider,

644 2315 751 2366 Die
787 2313 1025 2381 bt'scht'Jfl.
1065 2314 1427 2383 Domkapitel.
1469 2332 1521 2386 p.
1570 2333 1584 2368 1
1599 2334 1627 2386 5
1633 2333 1680 2385 5.

644 2446 801 2503 Irrita
844 2459 928 2501 est
970 2445 1193 2511 electiO,
1235 2464 1411 2518 quarn
1452 2448 1681 2504 collatio
1724 2468 1845 2505 non
1885 2451 2211 2522 praecessit,
2251 2452 2340 2506 vel
2367 2469 2515 2524 quae
2543 2451 2696 2507 facta
2722 2470 2842 2509 non
2870 2465 2957 2507 est
2983 2470 3015 2506 a
3044 2452 3268 2509 maiore

1265 2544 1424 2602 parte
1454 2531 1699 2602 capituli,
1726 2531 1816 2586 vel
1842 2550 1990 2603 quae
2019 2549 2139 2586 non
2167 2531 2272 2587 fuit
2301 2532 2645 2587 communis.

857 2665 925 2727 In
959 2663 1187 2726 Genesi
1229 2665 1453 2745 legitur
1501 2666 1617 2740 (Et
1658 2668 1830 2745 infra
1846 2667 1903 2740 .·)
1952 2664 2174 2741 Quum
2208 2663 2273 2725 in
2306 2664 2571 2726 concilio
2605 2680 2905 2742 caveatur,
2940 2680 3005 2726 ut
3037 2665 3088 2726 is
3120 2667 3254 2727 col-

534 2804 589 2838 ιο
642 2773 870 2833 latione
917 2772 1119 2833 habita
1168 2773 1447 2853 eligatur,
1496 2772 1558 2833 in
1605 2792 1794 2852 quem
1842 2791 2082 2848 omnes,
2131 2770 2225 2830 vel
2275 2771 2468 2832 maior
2501 2786 2559 2831 et
2590 2771 2798 2832 sanior
2829 2790 2969 2852 pars
3003 2771 3256 2853 capituli

644 2879 967 2955 consentit,
1021 2894 1078 2938 et
1126 2879 1188 2939 in
1235 2878 1310 2940 G.
1346 2879 1542 2938 maior
1588 2898 1725 2958 pars
1772 2878 1959 2939 totius
2005 2876 2254 2958 capituli
2302 2896 2430 2937 non
2461 2878 2857 2952 consenserit,
2894 2897 3261 2959 quanquam

644 2985 944 3044 maiorem
977 3000 1211 3064 partem
1248 2984 1461 3044 habuit
1495 2985 1758 3064 partium
1792 2983 2249 3064 comparatione
2285 2982 2622 3061 minorum,
2656 3002 2769 3044 nec
2803 2984 2985 3063 plene
3006 2984 3257 3045 numeri

642 3092 719 3152 ad
768 3111 1125 3168 numerum,
1173 3092 1339 3172 quia,
1389 3110 1600 3153 utrum
1646 3094 1721 3154 G.
1755 3108 1812 3152 et
1847 3092 1944 3167 H.,
1994 3092 2071 3152 de
2118 3091 2348 3171 quibus
2394 3091 2716 3152 adversarii
2755 3091 3030 3151 referunt
3063 3110 3249 3171 quae-

642 3200 925 3275 stionem,
958 3199 1023 3259 in
1056 3199 1352 3260 electione
1386 3218 1606 3260 vocem
1642 3198 1986 3275 habuerint,
2020 3213 2338 3258 tractatum
2364 3216 2493 3257 non
2513 3197 2733 3258 exstitit
2753 3217 2866 3282 nec
2886 3197 3264 3271 discussum,

538 3337 589 3381 25
644 3325 759 3366 nec
807 3306 921 3365 zeli
967 3305 1043 3366 ad
1091 3306 1313 3381 zelum,
1360 3325 1475 3365 nec
1523 3304 1722 3365 meriti
1770 3304 1846 3363 ad
1892 3304 2183 3364 meritum
2231 3303 2476 3364 collatio
2512 3302 2664 3363 facta
2699 3303 2895 3379 fuerit,
2931 3322 3046 3363 nec
3076 3304 3257 3363 etiam

643 3412 858 3474 electio
891 3413 1307 3474 communiter
1340 3413 1656 3486 celebrata,
1690 3411 2016 3490 quoniam,
2047 3410 2182 3470 licet
2216 3410 2281 3469 in
2316 3410 2587 3470 eundem
2611 3410 2686 3471 G.
2709 3409 3099 3488 singulariter
3131 3409 3259 3470 sin-

640 3520 771 3598 guli
805 3520 1276 3597 consensissent,
1324 3539 1456 3580 non
1499 3536 1705 3581 tamen
1739 3518 1954 3579 debuit
1984 3517 2284 3597 subsequi
2317 3516 2643 3596 singularis
2678 3516 2912 3592 electio,
2943 3518 3051 3577 sed
3085 3535 3259 3576 com-

641 3628 870 3702 munis,
919 3647 996 3687 ne
1043 3627 1138 3687 vel
1189 3627 1353 3686 idem
1404 3625 1593 3707 repeti
1643 3624 1966 3700 videretur,
2016 3622 2216 3683 velex
2250 3624 2369 3683 hoc
2401 3640 2763 3702 sequeretur
2794 3623 3156 3701 absurditas,
3193 3640 3260 3682 ut

641 3748 731 3793 tot
762 3748 966 3793 essent
998 3733 1342 3811 electiones,
1378 3748 1531 3814 quot
1565 3747 1768 3792 essent
1802 3749 2068 3791 numero
2100 3731 2412 3817 eligentes,
2460 3748 2572 3790 nec
2605 3749 2678 3789 ex
2710 3729 3128 3808 singularibus
3162 3729 3258 3789 vel

537 3870 591 3914 30
642 3838 1107 3920 particularibus
1140 3841 1552 3901 consensibus
1586 3854 1902 3919 appareret
1936 3836 2290 3898 universalis
2324 3836 2542 3897 electio
2576 3837 2672 3897 vel
2706 3836 3083 3913 communiS,
3119 3836 3260 3896 licet

641 3948 898 4028 quilibet
930 3947 1255 4026 singularis
1288 3947 1600 4008 veritatem
1633 3946 1933 4026 exprimat
1964 3965 2110 4005 suae
2148 3943 2348 4025 partis,
2381 3944 2922 4024 quemadmodum
2955 3962 3024 4003 ex
3047 3942 3254 4021 singu-

640 4055 868 4114 laribus
916 4054 1462 4135 propositionibus,
1509 4053 1645 4114 licet
1689 4052 1867 4126 veriS,
1913 4051 2269 4112 universalis
2303 4050 2644 4132 propositio
2678 4069 2810 4111 non
2841 4066 3107 4132 apparet,
3141 4049 3260 4111 nisi

641 4180 748 4240 per
778 4161 1028 4240 signum
1064 4162 1410 4222 universale
1446 4160 1698 4222 forsitan
1731 4158 2122 4239 exprimatur,
2158 4178 2272 4218 nec
2307 4158 2624 4239 praemissi
2658 4159 2787 4219 duo
2821 4157 3108 4219 canonici
3141 4176 3255 4237 po-

640 4281 832 4326 terant
877 4267 963 4327 sic
1009 4267 1270 4344 excludi,
1317 4287 1517 4348 quum
1564 4267 1803 4348 primus
1850 4265 2159 4326 exsisteret
2203 4265 2267 4324 in
2302 4265 2703 4326 canonicatus
2736 4264 3127 4344 possessione
3161 4263 3258 4324 vel

532 4401 584 4449 35
639 4373 835 4453 quasi,
885 4375 1173 4434 habendo
1219 4375 1466 4436 stallum
1516 4375 1578 4434 in
1626 4375 1840 4451 choro,
1891 4373 2100 4433 locum
2136 4373 2199 4432 in
2233 4372 2522 4453 capitu10,
2558 4372 2826 4451 legendo
2859 4388 2915 4432 et
2951 4372 3255 4432 cantando

642 4496 707 4541 ut
740 4481 1097 4556 canonicuS,
1134 4498 1190 4541 et
1223 4482 1298 4541 ad
1330 4497 1619 4543 tractatus
1652 4501 1722 4543 ac
1754 4481 2086 4542 electiones
2119 4479 2490 4560 dignitatum
2523 4498 2579 4541 et
2613 4495 3075 4561 personatuum,
3097 4498 3257 4559 quae

637 4602 1043 4649 occurrerunt
1094 4605 1206 4668 pro
1253 4602 1533 4669 tempore
1582 4588 1909 4664 faciendae,
1944 4604 2240 4667 tanquam
2274 4586 2611 4648 canonicus
2644 4586 2720 4646 sit
2751 4602 3025 4662 vocatus,
3058 4605 3256 4666 quan-

637 4715 829 4774 quam
878 4696 992 4755 hac
1039 4694 1167 4754 vice
1222 4693 1402 4754 fuerit
1447 4713 1591 4755 cum
1643 4694 2080 4776 protestatione
2114 4693 2439 4772 admissus,
2472 4694 2787 4754 secundus
2822 4713 2966 4755 vero
2999 4708 3157 4754 esset
3188 4692 3255 4753 in

635 4800 737 4861 tali
768 4802 929 4879 loco,
966 4802 1042 4862 de
1077 4819 1206 4881 quo
1242 4800 1436 4860 fuerat
1466 4801 1542 4860 ad
1576 4801 1940 4862 electionem
1975 4802 2314 4881 vocandus,
2349 4820 2550 4881 quum
2585 4801 2661 4861 de
2694 4816 2824 4861 toto
2848 4819 3041 4880 regno
3063 4798 3110 4858 F
3113 4818 3258 4860 ran-

525 4933 584 4975 40
637 4907 764 4966 ciae
799 4922 1098 4968 vocentur
1130 4908 1414 4967 absentes
1448 4907 1525 4968 de
1556 4907 2013 4968 consuetudine
2046 4907 2338 4969 ecclesiae
2372 4908 2759 4970 Gallicanae:
2812 4926 2948 4986 nos,
3000 4906 3097 4966 his
3130 4905 3260 4988 ple—
