3684 5416
559 1553 608 1585 to

556 2623 610 2654 20

558 3691 611 3733 30

660 392 733 446 94
1294 377 1563 431 Potestas
1602 377 1981 433 ecclesiastica
2022 391 2078 433 et
2114 377 2416 449 imperium
2456 377 2631 433 civile.

661 557 865 620 ximus
912 557 1119 637 itaque
1163 573 1222 619 et
1267 559 1550 620 ecclesias
1586 561 1909 622 beatorum
1943 560 2100 622 Petri
2135 577 2193 621 et
2223 561 2414 636 Pauli,
2450 561 2797 642 principum
2830 561 3271 643 apostolorum,

663 684 818 744 quas
847 683 1001 726 auro
1033 681 1092 726 et
1123 682 1378 746 argento
1408 667 1938 748 locupletavimus,
1973 667 2079 731 ubi
2110 683 2172 728 et
2189 669 2585 729 sacratissima
2606 688 2829 731 eorum
2849 688 3108 750 corpora
3127 687 3271 729 cum

661 790 893 851 magno
939 772 1181 835 honore
1231 773 1654 849 recondentes,
1699 774 1906 834 thecas
1938 775 2217 855 ipsorum
2249 795 2322 836 ex
2354 776 2598 850 electro,
2644 776 2743 837 cui
2776 775 2948 837 nulla
2981 774 3272 835 fortitudo

662 880 964 961 praevalet
995 879 1468 957 elementorum,
1506 881 1964 942 construximus
1994 898 2053 944 et
2083 901 2329 944 crucem
2361 903 2433 944 ex
2465 902 2619 944 auro
2652 882 2981 964 purissimo
3011 897 3071 942 et
3101 899 3271 961 gem·

662 986 778 1047 mis
812 986 1088 1067 pretiosis
1123 1006 1230 1068 per
1262 986 1538 1069 singulas
1569 1007 1789 1050 eorum
1820 989 2027 1051 thecas
2049 989 2371 1071 posuimus
2390 1004 2451 1051 et
2468 989 2651 1051 clavis
2669 990 2868 1051 aureis
2886 987 3273 1056 confiximus,

662 1094 890 1173 quibus
937 1113 1050 1174 pro
1084 1094 1563 1156 concinnatione
1599 1095 2075 1157 luminariorum
2108 1096 2571 1178 possessionum
2604 1097 2847 1177 praedia
2879 1093 3275 1169 contulimus,

663 1218 719 1262 et
752 1205 936 1263 rebus
967 1201 1220 1263 diversis
1251 1221 1350 1262 eas
1390 1201 1742 1280 ditavimus,
1778 1219 1835 1264 et
1870 1223 1978 1285 per
2010 1220 2249 1265 nostras
2280 1203 3059 1285 imperialiumiussionum
3077 1220 3274 1262 sacras

663 1323 788 1370 tam
819 1308 884 1368 in
913 1308 1146 1370 oriente
1179 1328 1369 1388 quam
1403 1309 1465 1371 in
1498 1309 1812 1371 occidente
1845 1310 1940 1371 vel
1963 1311 2146 1372 etiam
2169 1310 2627 1392 septentrionali
2649 1329 2706 1371 et
2726 1309 3055 1371 meridiana
3077 1308 3272 1390 plaga,

665 1398 938 1475 videlicet
973 1414 1037 1475 in
1068 1415 1315 1493 Judaea,
1349 1415 1623 1494 Graecia,
1658 1417 1821 1494 Asia,
1845 1417 2129 1492 Thracia,
2165 1418 2366 1479 Africa
2401 1435 2460 1479 et
2492 1416 2654 1479 nana
2675 1417 2771 1478 vei
2789 1416 3041 1478 diversis
3061 1415 3274 1476 insulis

665 1536 936 1583 nostram
968 1522 1307 1601 largitatem
1340 1524 1425 1584 eis
1456 1525 1896 1595 concessimus
1931 1545 1999 1586 ea
2033 1545 2284 1606 prorsus
2312 1526 2569 1602 ratione,
2603 1540 2668 1587 ut
2689 1544 2795 1605 per
2815 1544 3036 1586 manus
3055 1523 3275 1584 beatis-

663 1627 801 1688 simi
834 1629 1017 1709 patris
1043 1630 1236 1692 nostri
1253 1631 1541 1693 Silvestrii
1572 1632 1880 1713 pontilicis
1901 1652 2457 1713 successorumque
2472 1632 2606 1694 eius
2620 1630 2828 1692 omnia
2843 1631 3272 1712 disponantur.

890 1756 984 1815 ¹4·
1019 1736 1300 1800 Gaudeat
1331 1739 1499 1800 enim
1534 1759 1657 1801 una
1692 1741 2020 1800 nobiscum
2052 1740 2256 1801 omnis
2291 1740 2563 1821 populus
2593 1755 2650 1800 et
2679 1740 2960 1819 gentium
2993 1735 3275 1798 nationes

663 1840 727 1902 in
776 1842 1066 1904 universo
1111 1848 1259 1905 orbe
1304 1861 1636 1921 terrarum;
1699 1847 2088 1908 exhortantes
2134 1865 2373 1922 omnes,
2409 1862 2476 1908 ut
2508 1847 2626 1907 deo
2659 1861 2877 1908 nostro
2907 1860 2971 1905 et
2994 1843 3274 1904 salvatori

661 1948 802 2009 Jesu
834 1947 1083 2012 Christo
1115 1951 1444 2013 immensas
1478 1972 1602 2014 una
1635 1951 1962 2013 nobiscum
1993 1953 2261 2014 referatis
2294 1968 2513 2033 grates,
2549 1952 2848 2034 quoniam
2880 1952 3008 2033 ipse
3034 1951 3191 2011 deus
3208 1949 3273 2010 in

587 2089 606 2124 ς
663 2056 842 2117 caelis
875 2058 1138 2138 desuper
1169 2073 1228 2119 et
1260 2058 1323 2119 in
1356 2075 1510 2120 terra
1543 2059 1858 2136 deorsum,
1892 2059 2001 2140 qui
2033 2079 2149 2121 nos
2182 2079 2289 2141 per
2317 2080 2466 2121 suos
2498 2075 2742 2121 sanctos
2761 2059 3006 2120 visitans
3025 2074 3272 2140 aposto-

661 2163 758 2224 los
788 2180 1068 2226 sanctum
1100 2166 1475 2247 baptismatis
1507 2183 1957 2228 sacramentum
1991 2169 2297 2249 percipere
2329 2184 2387 2229 et
2418 2168 2696 2249 corporis
2711 2167 3031 2228 sanitatem
3051 2164 3275 2246 dignos

662 2269 864 2332 efficit.
895 2272 1016 2336 Pro
1050 2293 1179 2354 quo
1211 2273 1616 2335 concedimus
1648 2273 1794 2354 ipsis
1827 2275 2050 2335 sanctis
2081 2275 2391 2355 apostolis,
2425 2274 2693 2336 dominis
2726 2273 2895 2347 meis,
2915 2270 3276 2333 beatissimis

665 2380 845 2439 Petro
891 2396 950 2440 et
982 2382 1175 2442 Paulo
1221 2398 1278 2442 et
1329 2400 1437 2462 per
1467 2401 1573 2442 eos
1605 2382 1789 2443 etiam
1820 2384 2001 2443 beato
2034 2383 2348 2444 Silvestrio
2382 2384 2530 2464 patri
2564 2398 2796 2460 nostro,
2828 2399 3082 2443 summo
3114 2398 3273 2461 pon-

659 2484 806 2547 tifici
855 2502 913 2547 et
958 2487 1290 2549 universali
1327 2488 1498 2549 urbis
1533 2489 1767 2550 Romae
1801 2509 2012 2570 papae,
2046 2505 2103 2550 et
2135 2489 2431 2553 omnibus
2462 2490 2595 2551 eius
2625 2489 3084 2551 successoribus
3116 2505 3275 2567 pon-

663 2592 948 2672 tificibuS‚
999 2595 1107 2676 qui
1141 2615 1341 2676 usque
1373 2596 1437 2656 in
1474 2595 1663 2657 finem
1695 2597 1915 2657 mundi
1948 2596 2013 2657 in
2045 2597 2190 2657 sede
2221 2596 2379 2657 beati
2411 2596 2570 2658 Petri
2602 2612 2785 2657 erunt
2816 2597 3059 2672 sessuri,
3090 2610 3275 2674 atque

664 2702 741 2763 de
776 2703 1082 2783 praesenti
1116 2703 1538 2765 contradimus
1572 2702 1865 2784 palatium
1897 2704 2137 2785 imperii
2168 2704 2355 2766 nostri
2392 2704 2823 2781 Lateranense‚
2858 2703 3031 2784 quod
3066 2700 3273 2763 omni-

665 2812 780 2870 bus
815 2811 876 2870 in
907 2825 1038 2871 toto
1071 2811 1220 2870 orbe
1253 2825 1554 2871 terrarum
1588 2811 1924 2891 praefertur
1943 2828 2126 2891 atque
2148 2811 2454 2892 praecellit
2474 2810 2727 2891 palatiis,
2749 2809 2971 2871 deinde
2992 2808 3275 2870 diadema

663 2915 945 2977 videlicet
989 2936 1287 2978 coronam
1332 2918 1542 2998 capitis
1590 2918 1784 2980 nostri
1817 2918 2128 2998 simulque
2161 2918 2430 2999 stygium
2462 2937 2574 2979 nec
2608 2936 2736 2979 non
2769 2933 2828 2978 et
2858 2917 3275 2998 superhume-

666 3022 873 3097 ralem,
926 3023 1203 3085 videlicet
1253 3024 1482 3100 lorum,
1534 3025 1641 3105 qui
1695 3024 2008 3106 imperiale
2057 3026 2434 3086 circumdare
2479 3025 2715 3086 adsolet
2759 3025 3013 3097 collum,
3056 3042 3275 3084 verum

587 3158 606 3201 5
665 3128 846 3190 etiam
881 3145 938 3189 et
970 3130 1296 3191 clamidem
1329 3149 1704 3211 purpuream
1737 3148 1922 3211 atque
1955 3132 2230 3192 tunicam
2262 3131 2609 3193 coccineam
2632 3147 2688 3191 et
2711 3132 2918 3192 omnia
2940 3129 3276 3211 imperialia

663 3238 1028 3300 indumenta
1074 3258 1182 3300 seu
1230 3256 1288 3299 et
1331 3240 1690 3318 dignitatem
1736 3239 2145 3320 imperialium
2192 3240 2687 3322 praesedentium
2732 3239 3033 3319 equitum,
3066 3236 3276 3298 confe-

666 3361 868 3406 rentes
914 3346 1096 3407 etiam
1143 3362 1201 3408 et
1247 3347 1580 3428 imperialia
1625 3364 1879 3428 sceptra,
1930 3348 2242 3427 simulque
2289 3363 2348 3408 et
2393 3362 2570 3408 conta
2615 3362 2800 3427 atque
2845 3346 3039 3425 signa,
3075 3344 3277 3405 banda

666 3453 849 3514 etiam
894 3469 951 3514 et
997 3454 1234 3515 diversa
1279 3471 1638 3516 ornamenta
1689 3454 2019 3536 imperialia
2067 3470 2126 3515 et
2171 3473 2425 3515 omnem
2458 3454 2914 3535 processionem
2945 3451 3279 3533 imperialis

665 3560 954 3621 culminis
984 3576 1042 3622 et
1071 3562 1337 3641 gloriam
1370 3562 1679 3643 potestatis
1710 3578 1970 3625 nostrae.

892 3689 907 3729 ι
932 3689 983 3748 5.
1021 3669 1180 3729 Viris
1214 3670 1385 3730 enim
1417 3668 1939 3744 reverentissimiS,
1970 3669 2201 3729 clericis
2233 3668 2485 3729 diversis
2513 3666 2833 3729 ordinibus
2853 3667 3054 3728 eidem
3073 3685 3276 3728 sacro-

664 3793 906 3836 sanctae
930 3776 1248 3837 Romanae
1280 3776 1567 3837 ecclesiae
1596 3776 1999 3838 servientibus
2032 3776 2183 3837 illud
2217 3777 2485 3854 culmen,
2519 3775 3022 3855 singularitatem,
3058 3792 3278 3855 poten-

667 3885 813 3945 tiam
859 3899 916 3945 et
963 3883 1451 3963 praecellentiam
1502 3885 1722 3945 habere
1754 3884 2085 3957 sancimus,
2134 3884 2313 3945 cuius
2345 3883 2760 3964 amplissimus
2792 3898 2997 3944 noster
3028 3895 3278 3941 senatus

665 3992 908 4053 videtur
952 3992 1144 4072 gloria
1196 3990 1500 4066 adornari,
1553 3990 1613 4051 id
1665 4006 1754 4051 est
1805 3990 2090 4072 patricios
2135 4005 2321 4070 atque
2366 3991 2652 4051 consules
2683 3989 2863 4066 effici,
2912 4006 3026 4049 nec
3059 4005 3185 4047 non
3219 4001 3278 4046 et

668 4098 879 4159 ceteris
925 4098 1320 4178 dignitatibus
1368 4097 1786 4179 imperialibus
1819 4117 1927 4159 eos
1959 4099 2418 4178 promulgantes
2450 4097 2755 4169 decorari;
2809 4112 2866 4157 et
2897 4096 3052 4157 sicut
3083 4095 3278 4175 impe·

590 4226 608 4259 ³
669 4204 831 4265 rialis
864 4205 1097 4283 militia,
1121 4206 1198 4266 ita
1221 4223 1277 4266 et
1299 4207 1535 4267 clerum
1556 4221 1969 4267 sacrosanctae
1993 4206 2307 4267 Romanae
2329 4206 2616 4266 ecclesiae
2637 4204 2839 4266 ornari
2858 4203 3274 4271 decernimus;

668 4328 724 4371 et
758 4313 1297 4391 quemadmodum
1330 4313 1659 4395 imperialis
1686 4313 1956 4394 potentia
1978 4313 2197 4373 officiis
2217 4313 2489 4389 diversis,
2512 4311 3030 4374 cubiculariorum
3053 4326 3276 4388 nempe

667 4436 724 4480 et
756 4418 1150 4481 ostiariorum
1181 4435 1366 4500 atque
1399 4421 1685 4482 omnium
1719 4420 2127 4481 excubiorum
2159 4435 2400 4495 ornatu,
2435 4420 2513 4480 ita
2547 4435 2604 4480 et
2635 4433 2908 4479 sanctam
2930 4417 3274 4476 Romanam

668 4526 988 4587 ecclesiam
1022 4528 1295 4588 decorari
1324 4527 1639 4599 volumus;
1674 4544 1732 4587 et
1764 4542 1833 4588 ut
1865 4526 2238 4607 amplissime
2272 4526 2634 4607 pontificalis
2665 4525 2854 4585 decus
2887 4522 3280 4605 praefulgeat,

669 4634 1058 4695 decernimus
1105 4651 1163 4695 et
1209 4636 1348 4710 hoe,
1387 4650 1452 4695 ut
1484 4634 1685 4695 clerici
1716 4634 1992 4694 eiusdem
2026 4650 2265 4694 sanctae
2300 4633 2620 4694 Romanae
2654 4631 2939 4692 ecclesiae
2974 4627 3279 4710 mappulis

672 4761 743 4801 ex
790 4740 1267 4817 linteaminibus,
1316 4743 1376 4802 id
1427 4757 1515 4802 est
1562 4740 2004 4802 candidissimo
2050 4740 2277 4819 colore,
2328 4759 2546 4801 eorum
2580 4738 2850 4800 decorari
2881 4756 3077 4817 equos
3108 4750 3167 4796 et
3198 4735 3279 4796 ita

670 4848 948 4928 equitari,
998 4865 1055 4909 et
1101 4849 1255 4909 sicut
1302 4864 1512 4911 noster
1543 4864 1793 4909 senatus
1822 4847 2219 4909 calciamenta
2254 4846 2339 4909 uti
2373 4866 2518 4908 cum
2551 4845 2885 4922 udonibus,
2916 4844 2976 4905 id
3011 4857 3101 4904 est
3131 4862 3277 4904 can·

671 4956 819 5018 dido
872 4957 1222 5018 linteamine
1271 4957 1616 5030 inlustrari;
1673 4972 1740 5018 ut
1788 4955 1947 5017 sicut
1992 4956 2267 5017 caelestia
2313 4955 2391 5016 ita
2438 4971 2496 5016 et
2525 4971 2761 5015 terrena
2793 4954 2870 5014 ad
2901 4952 3150 5013 laudem
3182 4950 3281 5012 dei
