<?xml version="1.0" encoding="UTF-8"?>
<!DOCTYPE html PUBLIC "-//W3C//DTD XHTML 1.0 Transitional//EN"
    "http://www.w3.org/TR/xhtml1/DTD/xhtml1-transitional.dtd">
<html xmlns="http://www.w3.org/1999/xhtml" xml:lang="en" lang="en">
 <head>
  <title>
</title>
<meta http-equiv="Content-Type" content="text/html;charset=utf-8" />
  <meta name='ocr-system' content='tesseract 3.04.00' />
  <meta name='ocr-capabilities' content='ocr_page ocr_carea ocr_par ocr_line ocrx_word'/>
</head>
<body>
  <div class='ocr_page' id='page_1' title='image "./fontesiuriscano00unkngoog/fontesiuriscano00unkngoog_0449.png"; bbox 0 0 3684 5416; ppageno 0'>
   <div class='ocr_carea' id='block_1_1' title="bbox 406 1117 429 1162">
    <p class='ocr_par' dir='ltr' id='par_1_1' title="bbox 406 1117 429 1162">
     <span class='ocr_line' id='line_1_1' title="bbox 406 1117 429 1162; baseline 0 0"><span class='ocrx_word' id='word_1_1' title='bbox 406 1117 429 1162; x_wconf 99' lang='grc'>5</span> 
     </span>
    </p>
   </div>
   <div class='ocr_carea' id='block_1_2' title="bbox 382 1650 431 1682">
    <p class='ocr_par' dir='ltr' id='par_1_2' title="bbox 382 1650 431 1682">
     <span class='ocr_line' id='line_1_2' title="bbox 382 1650 431 1682; baseline -0.041 0"><span class='ocrx_word' id='word_1_2' title='bbox 382 1650 431 1682; x_wconf 85' lang='lat' dir='ltr'>to</span> 
     </span>
    </p>
   </div>
   <div class='ocr_carea' id='block_1_3' title="bbox 377 2195 426 2239">
    <p class='ocr_par' dir='ltr' id='par_1_3' title="bbox 377 2195 426 2239">
     <span class='ocr_line' id='line_1_3' title="bbox 377 2195 426 2239; baseline 0 0"><span class='ocrx_word' id='word_1_3' title='bbox 377 2195 426 2239; x_wconf 81' lang='grc' dir='ltr'>ι5</span> 
     </span>
    </p>
   </div>
   <div class='ocr_carea' id='block_1_4' title="bbox 372 2729 426 2762">
    <p class='ocr_par' dir='ltr' id='par_1_4' title="bbox 372 2729 426 2762">
     <span class='ocr_line' id='line_1_4' title="bbox 372 2729 426 2762; baseline 0.019 -1"><span class='ocrx_word' id='word_1_4' title='bbox 372 2729 426 2762; x_wconf 79' lang='lat'>20</span> 
     </span>
    </p>
   </div>
   <div class='ocr_carea' id='block_1_5' title="bbox 366 3262 417 3307">
    <p class='ocr_par' dir='ltr' id='par_1_5' title="bbox 366 3262 417 3307">
     <span class='ocr_line' id='line_1_5' title="bbox 366 3262 417 3307; baseline 0 0"><span class='ocrx_word' id='word_1_5' title='bbox 366 3262 417 3307; x_wconf 84' lang='lat'>25</span> 
     </span>
    </p>
   </div>
   <div class='ocr_carea' id='block_1_6' title="bbox 362 3796 415 3839">
    <p class='ocr_par' dir='ltr' id='par_1_6' title="bbox 362 3796 415 3839">
     <span class='ocr_line' id='line_1_6' title="bbox 362 3796 415 3839; baseline 0 -12"><span class='ocrx_word' id='word_1_6' title='bbox 362 3796 415 3839; x_wconf 72' lang='lat'>&#39;30</span> 
     </span>
    </p>
   </div>
   <div class='ocr_carea' id='block_1_7' title="bbox 356 4338 407 4383">
    <p class='ocr_par' dir='ltr' id='par_1_7' title="bbox 356 4338 407 4383">
     <span class='ocr_line' id='line_1_7' title="bbox 356 4338 407 4383; baseline -0.02 0"><span class='ocrx_word' id='word_1_7' title='bbox 356 4338 407 4383; x_wconf 81' lang='lat'>35</span> 
     </span>
    </p>
   </div>
   <div class='ocr_carea' id='block_1_8' title="bbox 1487 379 3105 461">
    <p class='ocr_par' dir='ltr' id='par_1_8' title="bbox 1487 379 3105 461">
     <span class='ocr_line' id='line_1_8' title="bbox 1487 379 3105 461; baseline 0.004 -27"><span class='ocrx_word' id='word_1_8' title='bbox 1487 379 1757 436; x_wconf 79' lang='lat' dir='ltr'>Pontifex</span> <span class='ocrx_word' id='word_1_9' title='bbox 1797 398 2088 437; x_wconf 87' lang='lat' dir='ltr'>romanus.</span> <span class='ocrx_word' id='word_1_10' title='bbox 3000 406 3060 458; x_wconf 88' lang='lat'>4¹</span> <span class='ocrx_word' id='word_1_11' title='bbox 3077 407 3105 461; x_wconf 89' lang='lat'>3</span> 
     </span>
    </p>
   </div>
   <div class='ocr_carea' id='block_1_9' title="bbox 1158 613 2439 700">
    <p class='ocr_par' dir='ltr' id='par_1_9' title="bbox 1158 613 2439 700">
     <span class='ocr_line' id='line_1_9' title="bbox 1158 613 2439 700; baseline 0.005 -26"><span class='ocrx_word' id='word_1_12' title='bbox 1158 613 1233 675; x_wconf 88' lang='lat' dir='ltr'>C.</span> <span class='ocrx_word' id='word_1_13' title='bbox 1264 613 1425 675; x_wconf 90' lang='lat' dir='ltr'><em>LXI.</em></span> <span class='ocrx_word' id='word_1_14' title='bbox 1478 616 1584 677; x_wconf 79' lang='lat' dir='ltr'>Ad</span> <span class='ocrx_word' id='word_1_15' title='bbox 1610 617 2125 700; x_wconf 77' lang='lat' dir='ltr'>archiepiscopvm</span> <span class='ocrx_word' id='word_1_16' title='bbox 2161 641 2439 681; x_wconf 78' lang='lat' dir='ltr'>ravenne.</span> 
     </span>
    </p>
   </div>
   <div class='ocr_carea' id='block_1_10' title="bbox 463 776 3104 4821">
    <p class='ocr_par' dir='ltr' id='par_1_10' title="bbox 463 776 3104 4821">
     <span class='ocr_line' id='line_1_10' title="bbox 699 776 3102 863; baseline 0.003 -28"><span class='ocrx_word' id='word_1_17' title='bbox 699 776 1169 858; x_wconf 78' lang='lat' dir='ltr'>SvperscriptiO.</span> <span class='ocrx_word' id='word_1_18' title='bbox 1268 776 1547 838; x_wconf 87' lang='lat' dir='ltr'>Domino</span> <span class='ocrx_word' id='word_1_19' title='bbox 1593 779 1976 840; x_wconf 86' lang='lat' dir='ltr'>sanctissimo</span> <span class='ocrx_word' id='word_1_20' title='bbox 2023 781 2204 841; x_wconf 91' lang='lat' dir='ltr'>nobis</span> <span class='ocrx_word' id='word_1_21' title='bbox 2268 781 2694 863; x_wconf 88' lang='lat' dir='ltr'>spiritalipatri,</span> <span class='ocrx_word' id='word_1_22' title='bbox 2744 782 2825 842; x_wconf 87' lang='lat' dir='ltr'>ill·</span> <span class='ocrx_word' id='word_1_23' title='bbox 2874 784 3102 844; x_wconf 88' lang='lat' dir='ltr'>archie-</span> 
     </span>
     <span class='ocr_line' id='line_1_11' title="bbox 486 880 3104 969; baseline 0.003 -27"><span class='ocrx_word' id='word_1_24' title='bbox 486 880 744 963; x_wconf 90' lang='lat' dir='ltr'>piscopo</span> <span class='ocrx_word' id='word_1_25' title='bbox 790 883 872 944; x_wconf 91' lang='lat' dir='ltr'>ill·</span> <span class='ocrx_word' id='word_1_26' title='bbox 903 883 1386 965; x_wconf 82' lang='lat' dir='ltr'>archipresbiter,</span> <span class='ocrx_word' id='word_1_27' title='bbox 1435 885 1515 945; x_wconf 85' lang='lat' dir='ltr'>ill·</span> <span class='ocrx_word' id='word_1_28' title='bbox 1548 886 2016 948; x_wconf 87' lang='lat' dir='ltr'>archidiaconus</span> <span class='ocrx_word' id='word_1_29' title='bbox 2064 904 2121 949; x_wconf 90' lang='lat' dir='ltr'>et</span> <span class='ocrx_word' id='word_1_30' title='bbox 2155 888 2237 949; x_wconf 91' lang='lat' dir='ltr'>ill.</span> <span class='ocrx_word' id='word_1_31' title='bbox 2269 888 2654 969; x_wconf 84' lang='lat' dir='ltr'>primicerius</span> <span class='ocrx_word' id='word_1_32' title='bbox 2699 890 3104 964; x_wconf 78' lang='lat' dir='ltr'>notariorum,</span> 
     </span>
     <span class='ocr_line' id='line_1_12' title="bbox 485 991 3104 1076; baseline 0.004 -29"><span class='ocrx_word' id='word_1_33' title='bbox 485 1005 790 1050; x_wconf 89' lang='lat' dir='ltr'>servantes</span> <span class='ocrx_word' id='word_1_34' title='bbox 836 991 1043 1052; x_wconf 83' lang='lat' dir='ltr'>lecum</span> <span class='ocrx_word' id='word_1_35' title='bbox 1093 1008 1333 1053; x_wconf 85' lang='lat' dir='ltr'>sanctae</span> <span class='ocrx_word' id='word_1_36' title='bbox 1378 993 1539 1054; x_wconf 90' lang='lat' dir='ltr'>sedis</span> <span class='ocrx_word' id='word_1_37' title='bbox 1588 993 1940 1074; x_wconf 89' lang='lat' dir='ltr'>apostolice.</span> <span class='ocrx_word' id='word_1_38' title='bbox 1974 1030 2061 1038; x_wconf 87' lang='lat'>——</span> <span class='ocrx_word' id='word_1_39' title='bbox 2095 996 2256 1056; x_wconf 89' lang='lat' dir='ltr'>Inter</span> <span class='ocrx_word' id='word_1_40' title='bbox 2287 1011 2482 1056; x_wconf 80' lang='lat' dir='ltr'>cetera</span> <span class='ocrx_word' id='word_1_41' title='bbox 2519 1015 2642 1076; x_wconf 90' lang='lat' dir='ltr'>que</span> <span class='ocrx_word' id='word_1_42' title='bbox 2673 1016 2916 1058; x_wconf 87' lang='lat' dir='ltr'>summe</span> <span class='ocrx_word' id='word_1_43' title='bbox 2951 998 3104 1058; x_wconf 85' lang='lat' dir='ltr'>divi-</span> 
     </span>
     <span class='ocr_line' id='line_1_13' title="bbox 486 1094 3104 1185; baseline 0.004 -30"><span class='ocrx_word' id='word_1_44' title='bbox 486 1094 683 1156; x_wconf 87' lang='lat' dir='ltr'>nitatis</span> <span class='ocrx_word' id='word_1_45' title='bbox 716 1098 979 1159; x_wconf 90' lang='lat' dir='ltr'>consilio</span> <span class='ocrx_word' id='word_1_46' title='bbox 1010 1098 1446 1180; x_wconf 90' lang='lat' dir='ltr'>disponuntur,</span> <span class='ocrx_word' id='word_1_47' title='bbox 1483 1099 1850 1180; x_wconf 85' lang='lat' dir='ltr'>pontificalis</span> <span class='ocrx_word' id='word_1_48' title='bbox 1886 1103 2296 1182; x_wconf 86' lang='lat' dir='ltr'>promotionis</span> <span class='ocrx_word' id='word_1_49' title='bbox 2329 1102 2692 1179; x_wconf 86' lang='lat' dir='ltr'>sublimitas,</span> <span class='ocrx_word' id='word_1_50' title='bbox 2738 1103 2874 1185; x_wconf 83' lang='lat' dir='ltr'>ipso</span> <span class='ocrx_word' id='word_1_51' title='bbox 2907 1126 2940 1165; x_wconf 92' lang='lat' dir='ltr'>a</span> <span class='ocrx_word' id='word_1_52' title='bbox 2974 1124 3104 1185; x_wconf 87' lang='lat' dir='ltr'>quo</span> 
     </span>
     <span class='ocr_line' id='line_1_14' title="bbox 491 1205 3103 1291; baseline 0.003 -28"><span class='ocrx_word' id='word_1_53' title='bbox 491 1205 762 1282; x_wconf 89' lang='lat' dir='ltr'>procedit</span> <span class='ocrx_word' id='word_1_54' title='bbox 792 1224 981 1266; x_wconf 90' lang='lat' dir='ltr'>omne</span> <span class='ocrx_word' id='word_1_55' title='bbox 1014 1207 1188 1285; x_wconf 92' lang='lat' dir='ltr'>quod</span> <span class='ocrx_word' id='word_1_56' title='bbox 1224 1208 1461 1268; x_wconf 90' lang='lat' dir='ltr'>bonum</span> <span class='ocrx_word' id='word_1_57' title='bbox 1495 1223 1584 1268; x_wconf 89' lang='lat' dir='ltr'>est</span> <span class='ocrx_word' id='word_1_58' title='bbox 1615 1209 2064 1288; x_wconf 86' lang='lat' dir='ltr'>predestinante</span> <span class='ocrx_word' id='word_1_59' title='bbox 2098 1229 2167 1270; x_wconf 89' lang='lat' dir='ltr'>ac</span> <span class='ocrx_word' id='word_1_60' title='bbox 2199 1209 2510 1288; x_wconf 83' lang='lat' dir='ltr'>largiente,</span> <span class='ocrx_word' id='word_1_61' title='bbox 2534 1210 2910 1272; x_wconf 88' lang='lat' dir='ltr'>conceditur.</span> <span class='ocrx_word' id='word_1_62' title='bbox 2931 1212 3103 1291; x_wconf 89' lang='lat' dir='ltr'>quod</span> 
     </span>
     <span class='ocr_line' id='line_1_15' title="bbox 488 1311 3094 1394; baseline 0.003 -22"><span class='ocrx_word' id='word_1_63' title='bbox 488 1311 635 1390; x_wconf 87' lang='lat' dir='ltr'>quia</span> <span class='ocrx_word' id='word_1_64' title='bbox 669 1312 745 1372; x_wconf 89' lang='lat' dir='ltr'>ita</span> <span class='ocrx_word' id='word_1_65' title='bbox 778 1312 1040 1373; x_wconf 92' lang='lat' dir='ltr'>dubium</span> <span class='ocrx_word' id='word_1_66' title='bbox 1079 1331 1209 1374; x_wconf 93' lang='lat' dir='ltr'>non</span> <span class='ocrx_word' id='word_1_67' title='bbox 1243 1329 1349 1390; x_wconf 89' lang='lat' dir='ltr'>est,</span> <span class='ocrx_word' id='word_1_68' title='bbox 1398 1330 1638 1374; x_wconf 86' lang='lat' dir='ltr'>senctae</span> <span class='ocrx_word' id='word_1_69' title='bbox 1673 1332 1922 1394; x_wconf 88' lang='lat' dir='ltr'>paterne</span> <span class='ocrx_word' id='word_1_70' title='bbox 1957 1314 2317 1376; x_wconf 87' lang='lat' dir='ltr'>beatitudini</span> <span class='ocrx_word' id='word_1_71' title='bbox 2353 1334 2584 1377; x_wconf 90' lang='lat' dir='ltr'>vestrae</span> <span class='ocrx_word' id='word_1_72' title='bbox 2617 1316 2883 1379; x_wconf 90' lang='lat' dir='ltr'>indicare</span> <span class='ocrx_word' id='word_1_73' title='bbox 2918 1337 3094 1379; x_wconf 86' lang='lat' dir='ltr'>cura-</span> 
     </span>
     <span class='ocr_line' id='line_1_16' title="bbox 487 1419 3101 1503; baseline 0.002 -25"><span class='ocrx_word' id='word_1_74' title='bbox 487 1419 687 1480; x_wconf 88' lang='lat' dir='ltr'>vimus</span> <span class='ocrx_word' id='word_1_75' title='bbox 719 1422 912 1500; x_wconf 90' lang='lat' dir='ltr'>quod,</span> <span class='ocrx_word' id='word_1_76' title='bbox 947 1419 1313 1500; x_wconf 79' lang='lat' dir='ltr'>pontificalis</span> <span class='ocrx_word' id='word_1_77' title='bbox 1347 1420 1682 1482; x_wconf 84' lang='lat' dir='ltr'>memoriae</span> <span class='ocrx_word' id='word_1_78' title='bbox 1716 1422 1953 1482; x_wconf 90' lang='lat' dir='ltr'>domno</span> <span class='ocrx_word' id='word_1_79' title='bbox 1987 1421 2069 1482; x_wconf 92' lang='lat' dir='ltr'>ill·</span> <span class='ocrx_word' id='word_1_80' title='bbox 2091 1423 2167 1482; x_wconf 93' lang='lat' dir='ltr'>de</span> <span class='ocrx_word' id='word_1_81' title='bbox 2189 1423 2570 1503; x_wconf 89' lang='lat' dir='ltr'>presentibus</span> <span class='ocrx_word' id='word_1_82' title='bbox 2603 1425 2766 1484; x_wconf 90' lang='lat' dir='ltr'>curis</span> <span class='ocrx_word' id='word_1_83' title='bbox 2797 1426 2873 1485; x_wconf 90' lang='lat' dir='ltr'>ad</span> <span class='ocrx_word' id='word_1_84' title='bbox 2908 1441 3101 1486; x_wconf 89' lang='lat' dir='ltr'>aeter-</span> 
     </span>
     <span class='ocr_line' id='line_1_17' title="bbox 488 1527 3102 1611; baseline 0.002 -25"><span class='ocrx_word' id='word_1_85' title='bbox 488 1545 628 1587; x_wconf 89' lang='lat' dir='ltr'>nam</span> <span class='ocrx_word' id='word_1_86' title='bbox 664 1527 944 1607; x_wconf 90' lang='lat' dir='ltr'>requiem</span> <span class='ocrx_word' id='word_1_87' title='bbox 978 1543 1251 1604; x_wconf 90' lang='lat' dir='ltr'>evocato,</span> <span class='ocrx_word' id='word_1_88' title='bbox 1283 1544 1577 1589; x_wconf 86' lang='lat' dir='ltr'>consueta</span> <span class='ocrx_word' id='word_1_89' title='bbox 1611 1528 1707 1589; x_wconf 91' lang='lat' dir='ltr'>dei</span> <span class='ocrx_word' id='word_1_90' title='bbox 1742 1529 2089 1610; x_wconf 77' lang='lat' dir='ltr'>benignitas</span> <span class='ocrx_word' id='word_1_91' title='bbox 2123 1529 2501 1591; x_wconf 85' lang='lat' dir='ltr'>tristitiarum</span> <span class='ocrx_word' id='word_1_92' title='bbox 2538 1531 2767 1592; x_wconf 91' lang='lat' dir='ltr'>molem</span> <span class='ocrx_word' id='word_1_93' title='bbox 2803 1551 2962 1611; x_wconf 88' lang='lat' dir='ltr'>quae</span> <span class='ocrx_word' id='word_1_94' title='bbox 2985 1551 3102 1592; x_wconf 90' lang='lat' dir='ltr'>nos</span> 
     </span>
     <span class='ocr_line' id='line_1_18' title="bbox 486 1634 3099 1716; baseline 0.002 -22"><span class='ocrx_word' id='word_1_95' title='bbox 486 1634 561 1694; x_wconf 91' lang='lat' dir='ltr'>de</span> <span class='ocrx_word' id='word_1_96' title='bbox 594 1634 856 1714; x_wconf 90' lang='lat' dir='ltr'>preteriti</span> <span class='ocrx_word' id='word_1_97' title='bbox 891 1635 1329 1714; x_wconf 89' lang='lat' dir='ltr'>dispensatoris</span> <span class='ocrx_word' id='word_1_98' title='bbox 1364 1634 1718 1695; x_wconf 87' lang='lat' dir='ltr'>frustratum</span> <span class='ocrx_word' id='word_1_99' title='bbox 1755 1635 1831 1695; x_wconf 84' lang='lat' dir='ltr'>ad</span> <span class='ocrx_word' id='word_1_100' title='bbox 1867 1635 2192 1716; x_wconf 88' lang='lat' dir='ltr'>paululum</span> <span class='ocrx_word' id='word_1_101' title='bbox 2228 1637 2650 1712; x_wconf 77' lang='lat' dir='ltr'>obstrinxerat,</span> <span class='ocrx_word' id='word_1_102' title='bbox 2701 1639 2978 1699; x_wconf 85' lang='lat' dir='ltr'>abstersit</span> <span class='ocrx_word' id='word_1_103' title='bbox 3011 1654 3099 1698; x_wconf 84' lang='lat' dir='ltr'>at·</span> 
     </span>
     <span class='ocr_line' id='line_1_19' title="bbox 486 1740 3097 1824; baseline 0 -22"><span class='ocrx_word' id='word_1_104' title='bbox 486 1760 607 1820; x_wconf 91' lang='lat' dir='ltr'>que</span> <span class='ocrx_word' id='word_1_105' title='bbox 655 1740 865 1804; x_wconf 88' lang='lat' dir='ltr'>linivit.</span> <span class='ocrx_word' id='word_1_106' title='bbox 912 1742 1138 1802; x_wconf 87' lang='lat' dir='ltr'>etenim</span> <span class='ocrx_word' id='word_1_107' title='bbox 1191 1762 1267 1802; x_wconf 91' lang='lat' dir='ltr'>ne</span> <span class='ocrx_word' id='word_1_108' title='bbox 1301 1741 1409 1802; x_wconf 92' lang='lat' dir='ltr'>diu</span> <span class='ocrx_word' id='word_1_109' title='bbox 1447 1742 1602 1802; x_wconf 90' lang='lat' dir='ltr'>ictus</span> <span class='ocrx_word' id='word_1_110' title='bbox 1636 1741 1980 1802; x_wconf 87' lang='lat' dir='ltr'>afflictionis</span> <span class='ocrx_word' id='word_1_111' title='bbox 2014 1762 2130 1803; x_wconf 91' lang='lat' dir='ltr'>nos</span> <span class='ocrx_word' id='word_1_112' title='bbox 2163 1743 2476 1820; x_wconf 82' lang='lat' dir='ltr'>sauciaret,</span> <span class='ocrx_word' id='word_1_113' title='bbox 2511 1744 2840 1824; x_wconf 90' lang='lat' dir='ltr'>providum</span> <span class='ocrx_word' id='word_1_114' title='bbox 2875 1765 2942 1805; x_wconf 88' lang='lat' dir='ltr'>ac</span> <span class='ocrx_word' id='word_1_115' title='bbox 2977 1746 3097 1804; x_wconf 85' lang='lat' dir='ltr'>deo</span> 
     </span>
     <span class='ocr_line' id='line_1_20' title="bbox 485 1849 3096 1932; baseline 0.001 -23"><span class='ocrx_word' id='word_1_116' title='bbox 485 1849 776 1930; x_wconf 86' lang='lat' dir='ltr'>placitum</span> <span class='ocrx_word' id='word_1_117' title='bbox 809 1849 1178 1930; x_wconf 87' lang='lat' dir='ltr'>apostolicae</span> <span class='ocrx_word' id='word_1_118' title='bbox 1212 1849 1358 1909; x_wconf 88' lang='lat' dir='ltr'>vicis</span> <span class='ocrx_word' id='word_1_119' title='bbox 1391 1867 1808 1909; x_wconf 89' lang='lat' dir='ltr'>successorem</span> <span class='ocrx_word' id='word_1_120' title='bbox 1847 1849 2201 1909; x_wconf 88' lang='lat' dir='ltr'>condonare</span> <span class='ocrx_word' id='word_1_121' title='bbox 2255 1850 2556 1930; x_wconf 88' lang='lat' dir='ltr'>dignatus.</span> <span class='ocrx_word' id='word_1_122' title='bbox 2596 1851 2658 1911; x_wconf 89' lang='lat' dir='ltr'>in</span> <span class='ocrx_word' id='word_1_123' title='bbox 2695 1871 2822 1912; x_wconf 92' lang='lat' dir='ltr'>uno</span> <span class='ocrx_word' id='word_1_124' title='bbox 2862 1852 3096 1932; x_wconf 87' lang='lat' dir='ltr'>quippe</span> 
     </span>
     <span class='ocr_line' id='line_1_21' title="bbox 485 1955 3097 2036; baseline 0 -20"><span class='ocrx_word' id='word_1_125' title='bbox 485 1971 621 2036; x_wconf 92' lang='lat' dir='ltr'>post</span> <span class='ocrx_word' id='word_1_126' title='bbox 651 1957 881 2033; x_wconf 88' lang='lat' dir='ltr'>tridu0,</span> <span class='ocrx_word' id='word_1_127' title='bbox 935 1973 999 2017; x_wconf 91' lang='lat' dir='ltr'>ut</span> <span class='ocrx_word' id='word_1_128' title='bbox 1033 1956 1222 2016; x_wconf 90' lang='lat' dir='ltr'>moris</span> <span class='ocrx_word' id='word_1_129' title='bbox 1256 1972 1362 2032; x_wconf 91' lang='lat' dir='ltr'>est,</span> <span class='ocrx_word' id='word_1_130' title='bbox 1413 1955 1925 2016; x_wconf 88' lang='lat' dir='ltr'>convenientibus</span> <span class='ocrx_word' id='word_1_131' title='bbox 1961 1956 2164 2026; x_wconf 80' lang='lat' dir='ltr'>nobiS,</span> <span class='ocrx_word' id='word_1_132' title='bbox 2201 1956 2259 2015; x_wconf 86' lang='lat' dir='ltr'>id</span> <span class='ocrx_word' id='word_1_133' title='bbox 2294 1971 2384 2016; x_wconf 91' lang='lat' dir='ltr'>est</span> <span class='ocrx_word' id='word_1_134' title='bbox 2417 1958 2836 2018; x_wconf 87' lang='lat' dir='ltr'>sacerdotibus</span> <span class='ocrx_word' id='word_1_135' title='bbox 2870 1973 2926 2018; x_wconf 91' lang='lat' dir='ltr'>et</span> <span class='ocrx_word' id='word_1_136' title='bbox 2963 1958 3097 2017; x_wconf 89' lang='lat' dir='ltr'>reli-</span> 
     </span>
     <span class='ocr_line' id='line_1_22' title="bbox 483 2061 3098 2142; baseline 0 -18"><span class='ocrx_word' id='word_1_137' title='bbox 483 2082 613 2142; x_wconf 93' lang='lat' dir='ltr'>quo</span> <span class='ocrx_word' id='word_1_138' title='bbox 658 2063 832 2122; x_wconf 90' lang='lat' dir='ltr'>omni</span> <span class='ocrx_word' id='word_1_139' title='bbox 879 2063 1064 2139; x_wconf 88' lang='lat' dir='ltr'>clero,</span> <span class='ocrx_word' id='word_1_140' title='bbox 1112 2061 1613 2123; x_wconf 87' lang='lat' dir='ltr'>eminentissimis</span> <span class='ocrx_word' id='word_1_141' title='bbox 1647 2062 2010 2123; x_wconf 86' lang='lat' dir='ltr'>consulibus</span> <span class='ocrx_word' id='word_1_142' title='bbox 2044 2077 2102 2122; x_wconf 89' lang='lat' dir='ltr'>et</span> <span class='ocrx_word' id='word_1_143' title='bbox 2131 2062 2419 2140; x_wconf 87' lang='lat' dir='ltr'>gloriosis</span> <span class='ocrx_word' id='word_1_144' title='bbox 2453 2063 2715 2124; x_wconf 89' lang='lat' dir='ltr'>ducibus</span> <span class='ocrx_word' id='word_1_145' title='bbox 2748 2085 2816 2124; x_wconf 88' lang='lat' dir='ltr'>ac</span> <span class='ocrx_word' id='word_1_146' title='bbox 2853 2066 3098 2125; x_wconf 85' lang='lat' dir='ltr'>univer-</span> 
     </span>
     <span class='ocr_line' id='line_1_23' title="bbox 482 2168 3088 2248; baseline 0.001 -19"><span class='ocrx_word' id='word_1_147' title='bbox 482 2169 649 2230; x_wconf 90' lang='lat' dir='ltr'>sitate</span> <span class='ocrx_word' id='word_1_148' title='bbox 682 2169 909 2231; x_wconf 90' lang='lat' dir='ltr'>civium</span> <span class='ocrx_word' id='word_1_149' title='bbox 956 2184 1015 2229; x_wconf 93' lang='lat' dir='ltr'>et</span> <span class='ocrx_word' id='word_1_150' title='bbox 1061 2169 1333 2229; x_wconf 87' lang='lat' dir='ltr'>florentis</span> <span class='ocrx_word' id='word_1_151' title='bbox 1368 2169 1637 2230; x_wconf 85' lang='lat' dir='ltr'>Romani</span> <span class='ocrx_word' id='word_1_152' title='bbox 1672 2170 1987 2244; x_wconf 88' lang='lat' dir='ltr'>exercitus,</span> <span class='ocrx_word' id='word_1_153' title='bbox 2023 2168 2084 2229; x_wconf 94' lang='lat' dir='ltr'>in</span> <span class='ocrx_word' id='word_1_154' title='bbox 2119 2189 2449 2248; x_wconf 82' lang='lat' dir='ltr'>personam</span> <span class='ocrx_word' id='word_1_155' title='bbox 2484 2173 2772 2231; x_wconf 88' lang='lat' dir='ltr'>amatoris</span> <span class='ocrx_word' id='word_1_156' title='bbox 2808 2173 2985 2233; x_wconf 88' lang='lat' dir='ltr'>vestri</span> <span class='ocrx_word' id='word_1_157' title='bbox 3019 2192 3088 2232; x_wconf 90' lang='lat' dir='ltr'>ac</span> 
     </span>
     <span class='ocr_line' id='line_1_24' title="bbox 482 2276 3090 2357; baseline 0 -20"><span class='ocrx_word' id='word_1_158' title='bbox 482 2277 737 2337; x_wconf 90' lang='lat' dir='ltr'>oratoris</span> <span class='ocrx_word' id='word_1_159' title='bbox 788 2276 1026 2336; x_wconf 90' lang='lat' dir='ltr'>domini</span> <span class='ocrx_word' id='word_1_160' title='bbox 1073 2277 1262 2336; x_wconf 89' lang='lat' dir='ltr'>nostri</span> <span class='ocrx_word' id='word_1_161' title='bbox 1315 2276 1396 2335; x_wconf 91' lang='lat' dir='ltr'>ill·</span> <span class='ocrx_word' id='word_1_162' title='bbox 1432 2277 1796 2337; x_wconf 87' lang='lat' dir='ltr'>sanctissimi</span> <span class='ocrx_word' id='word_1_163' title='bbox 1847 2276 2031 2337; x_wconf 90' lang='lat' dir='ltr'>huius</span> <span class='ocrx_word' id='word_1_164' title='bbox 2082 2276 2451 2357; x_wconf 89' lang='lat' dir='ltr'>apostolicae</span> <span class='ocrx_word' id='word_1_165' title='bbox 2487 2277 2648 2337; x_wconf 89' lang='lat' dir='ltr'>sedis</span> <span class='ocrx_word' id='word_1_166' title='bbox 2681 2278 3090 2339; x_wconf 84' lang='lat' dir='ltr'>archidiaconi</span> 
     </span>
     <span class='ocr_line' id='line_1_25' title="bbox 481 2382 3098 2462; baseline 0 -18"><span class='ocrx_word' id='word_1_167' title='bbox 481 2383 793 2445; x_wconf 82' lang='lat' dir='ltr'>electionis</span> <span class='ocrx_word' id='word_1_168' title='bbox 844 2400 981 2443; x_wconf 91' lang='lat' dir='ltr'>vota</span> <span class='ocrx_word' id='word_1_169' title='bbox 1032 2382 1431 2443; x_wconf 66' lang='lat' dir='ltr'>contulimus</span> <span class='ocrx_word' id='word_1_170' title='bbox 1485 2384 1546 2444; x_wconf 91' lang='lat' dir='ltr'>in</span> <span class='ocrx_word' id='word_1_171' title='bbox 1598 2384 1774 2445; x_wconf 89' lang='lat' dir='ltr'>cuius</span> <span class='ocrx_word' id='word_1_172' title='bbox 1826 2385 1946 2444; x_wconf 91' lang='lat' dir='ltr'>deo</span> <span class='ocrx_word' id='word_1_173' title='bbox 1996 2384 2268 2444; x_wconf 89' lang='lat' dir='ltr'>dedicata</span> <span class='ocrx_word' id='word_1_174' title='bbox 2317 2383 2610 2445; x_wconf 91' lang='lat' dir='ltr'>electione</span> <span class='ocrx_word' id='word_1_175' title='bbox 2639 2384 2873 2458; x_wconf 64' lang='lat' dir='ltr'>nullm,</span> <span class='ocrx_word' id='word_1_176' title='bbox 2907 2386 3098 2462; x_wconf 81' lang='lat' dir='ltr'>gratia</span> 
     </span>
     <span class='ocr_line' id='line_1_26' title="bbox 479 2489 3093 2571; baseline 0 -21"><span class='ocrx_word' id='word_1_177' title='bbox 479 2490 669 2552; x_wconf 87' lang='lat' dir='ltr'>sancti</span> <span class='ocrx_word' id='word_1_178' title='bbox 713 2491 963 2571; x_wconf 90' lang='lat' dir='ltr'>spiritus</span> <span class='ocrx_word' id='word_1_179' title='bbox 1010 2489 1393 2565; x_wconf 83' lang='lat' dir='ltr'>inlustrante,</span> <span class='ocrx_word' id='word_1_180' title='bbox 1443 2490 1659 2562; x_wconf 84' lang='lat' dir='ltr'>defuit,</span> <span class='ocrx_word' id='word_1_181' title='bbox 1709 2489 1814 2550; x_wconf 89' lang='lat' dir='ltr'>sed</span> <span class='ocrx_word' id='word_1_182' title='bbox 1865 2490 2156 2550; x_wconf 91' lang='lat' dir='ltr'>omnium</span> <span class='ocrx_word' id='word_1_183' title='bbox 2189 2507 2330 2551; x_wconf 89' lang='lat' dir='ltr'>vota</span> <span class='ocrx_word' id='word_1_184' title='bbox 2364 2491 2750 2551; x_wconf 89' lang='lat' dir='ltr'>concorditer</span> <span class='ocrx_word' id='word_1_185' title='bbox 2782 2510 3093 2552; x_wconf 87' lang='lat' dir='ltr'>convene-</span> 
     </span>
     <span class='ocr_line' id='line_1_27' title="bbox 483 2596 3090 2678; baseline -0.001 -19"><span class='ocrx_word' id='word_1_186' title='bbox 483 2614 642 2659; x_wconf 89' lang='lat' dir='ltr'>runt.</span> <span class='ocrx_word' id='word_1_187' title='bbox 676 2599 863 2678; x_wconf 90' lang='lat' dir='ltr'>inque</span> <span class='ocrx_word' id='word_1_188' title='bbox 897 2596 1027 2658; x_wconf 91' lang='lat' dir='ltr'>eius</span> <span class='ocrx_word' id='word_1_189' title='bbox 1060 2597 1391 2658; x_wconf 84' lang='lat' dir='ltr'>sanctitatis</span> <span class='ocrx_word' id='word_1_190' title='bbox 1426 2616 1688 2677; x_wconf 91' lang='lat' dir='ltr'>persona</span> <span class='ocrx_word' id='word_1_191' title='bbox 1722 2597 1959 2657; x_wconf 89' lang='lat' dir='ltr'>decreta</span> <span class='ocrx_word' id='word_1_192' title='bbox 1995 2597 2375 2658; x_wconf 88' lang='lat' dir='ltr'>sollemniter</span> <span class='ocrx_word' id='word_1_193' title='bbox 2410 2597 2714 2675; x_wconf 77' lang='lat' dir='ltr'>facienteS,</span> <span class='ocrx_word' id='word_1_194' title='bbox 2740 2617 2848 2676; x_wconf 90' lang='lat' dir='ltr'>per</span> <span class='ocrx_word' id='word_1_195' title='bbox 2872 2597 3090 2657; x_wconf 89' lang='lat' dir='ltr'>harum</span> 
     </span>
     <span class='ocr_line' id='line_1_28' title="bbox 482 2704 3094 2787; baseline -0 -21"><span class='ocrx_word' id='word_1_196' title='bbox 482 2706 803 2787; x_wconf 88' lang='lat' dir='ltr'>portitores</span> <span class='ocrx_word' id='word_1_197' title='bbox 837 2705 915 2766; x_wconf 90' lang='lat' dir='ltr'>ill·</span> <span class='ocrx_word' id='word_1_198' title='bbox 950 2704 1407 2766; x_wconf 90' lang='lat' dir='ltr'>sanctissimum</span> <span class='ocrx_word' id='word_1_199' title='bbox 1442 2704 1826 2786; x_wconf 85' lang='lat' dir='ltr'>episcopum,</span> <span class='ocrx_word' id='word_1_200' title='bbox 1859 2704 1942 2765; x_wconf 91' lang='lat' dir='ltr'>ill·</span> <span class='ocrx_word' id='word_1_201' title='bbox 1978 2704 2391 2766; x_wconf 86' lang='lat' dir='ltr'>venerabilem</span> <span class='ocrx_word' id='word_1_202' title='bbox 2416 2704 2838 2786; x_wconf 84' lang='lat' dir='ltr'>presbiterum,</span> <span class='ocrx_word' id='word_1_203' title='bbox 2874 2704 2954 2765; x_wconf 91' lang='lat' dir='ltr'>ill·</span> <span class='ocrx_word' id='word_1_204' title='bbox 2980 2726 3094 2765; x_wconf 92' lang='lat' dir='ltr'>no-</span> 
     </span>
     <span class='ocr_line' id='line_1_29' title="bbox 478 2812 3090 2892; baseline -0.001 -19"><span class='ocrx_word' id='word_1_205' title='bbox 478 2814 702 2874; x_wconf 87' lang='lat' dir='ltr'>tarium</span> <span class='ocrx_word' id='word_1_206' title='bbox 748 2812 1187 2891; x_wconf 80' lang='lat' dir='ltr'>regionarium,</span> <span class='ocrx_word' id='word_1_207' title='bbox 1243 2812 1320 2871; x_wconf 88' lang='lat' dir='ltr'>ill·</span> <span class='ocrx_word' id='word_1_208' title='bbox 1355 2812 1595 2892; x_wconf 90' lang='lat' dir='ltr'>adeque</span> <span class='ocrx_word' id='word_1_209' title='bbox 1642 2813 2100 2873; x_wconf 88' lang='lat' dir='ltr'>subdiaconum</span> <span class='ocrx_word' id='word_1_210' title='bbox 2137 2812 2572 2892; x_wconf 85' lang='lat' dir='ltr'>regionarium,</span> <span class='ocrx_word' id='word_1_211' title='bbox 2606 2812 2684 2872; x_wconf 90' lang='lat' dir='ltr'>ill·</span> <span class='ocrx_word' id='word_1_212' title='bbox 2719 2827 2776 2872; x_wconf 91' lang='lat' dir='ltr'>et</span> <span class='ocrx_word' id='word_1_213' title='bbox 2810 2812 2890 2873; x_wconf 88' lang='lat' dir='ltr'>ill·</span> <span class='ocrx_word' id='word_1_214' title='bbox 2925 2812 3090 2873; x_wconf 89' lang='lat' dir='ltr'>viros</span> 
     </span>
     <span class='ocr_line' id='line_1_30' title="bbox 481 2919 3092 2999; baseline 0 -19"><span class='ocrx_word' id='word_1_215' title='bbox 481 2921 775 2981; x_wconf 89' lang='lat' dir='ltr'>honestos</span> <span class='ocrx_word' id='word_1_216' title='bbox 822 2920 983 2981; x_wconf 91' lang='lat' dir='ltr'>cives</span> <span class='ocrx_word' id='word_1_217' title='bbox 1030 2935 1087 2981; x_wconf 93' lang='lat' dir='ltr'>et</span> <span class='ocrx_word' id='word_1_218' title='bbox 1135 2922 1210 2981; x_wconf 93' lang='lat' dir='ltr'>de</span> <span class='ocrx_word' id='word_1_219' title='bbox 1257 2919 1558 2980; x_wconf 86' lang='lat' dir='ltr'>exercitali</span> <span class='ocrx_word' id='word_1_220' title='bbox 1590 2919 1785 2999; x_wconf 89' lang='lat' dir='ltr'>gradu</span> <span class='ocrx_word' id='word_1_221' title='bbox 1822 2920 1901 2979; x_wconf 90' lang='lat' dir='ltr'>ill·</span> <span class='ocrx_word' id='word_1_222' title='bbox 1937 2920 2498 2981; x_wconf 87' lang='lat' dir='ltr'>eminentissimum</span> <span class='ocrx_word' id='word_1_223' title='bbox 2532 2920 2872 2993; x_wconf 88' lang='lat' dir='ltr'>consulem,</span> <span class='ocrx_word' id='word_1_224' title='bbox 2919 2919 2998 2980; x_wconf 93' lang='lat' dir='ltr'>ill·</span> <span class='ocrx_word' id='word_1_225' title='bbox 3034 2936 3092 2980; x_wconf 91' lang='lat' dir='ltr'>et</span> 
     </span>
     <span class='ocr_line' id='line_1_31' title="bbox 476 3027 3086 3107; baseline -0.001 -19"><span class='ocrx_word' id='word_1_226' title='bbox 476 3027 556 3088; x_wconf 89' lang='lat' dir='ltr'>ill·</span> <span class='ocrx_word' id='word_1_227' title='bbox 590 3027 948 3105; x_wconf 81' lang='lat' dir='ltr'>magnificos</span> <span class='ocrx_word' id='word_1_228' title='bbox 979 3028 1265 3088; x_wconf 90' lang='lat' dir='ltr'>tribunos</span> <span class='ocrx_word' id='word_1_229' title='bbox 1299 3027 1375 3087; x_wconf 92' lang='lat' dir='ltr'>ad</span> <span class='ocrx_word' id='word_1_230' title='bbox 1409 3027 1662 3107; x_wconf 89' lang='lat' dir='ltr'>precelsi</span> <span class='ocrx_word' id='word_1_231' title='bbox 1697 3043 1755 3087; x_wconf 94' lang='lat' dir='ltr'>et</span> <span class='ocrx_word' id='word_1_232' title='bbox 1789 3049 1821 3086; x_wconf 89' lang='lat' dir='ltr'>a</span> <span class='ocrx_word' id='word_1_233' title='bbox 1856 3027 1976 3087; x_wconf 90' lang='lat' dir='ltr'>deo</span> <span class='ocrx_word' id='word_1_234' title='bbox 2011 3028 2228 3087; x_wconf 72' lang='lat' dir='ltr'>servati</span> <span class='ocrx_word' id='word_1_235' title='bbox 2251 3027 2357 3087; x_wconf 79' lang='lat' dir='ltr'>filii</span> <span class='ocrx_word' id='word_1_236' title='bbox 2381 3028 2559 3088; x_wconf 87' lang='lat' dir='ltr'>vestri</span> <span class='ocrx_word' id='word_1_237' title='bbox 2581 3028 2821 3089; x_wconf 91' lang='lat' dir='ltr'>domini</span> <span class='ocrx_word' id='word_1_238' title='bbox 2843 3027 3086 3089; x_wconf 87' lang='lat' dir='ltr'>exarchi</span> 
     </span>
     <span class='ocr_line' id='line_1_32' title="bbox 476 3134 3090 3215; baseline 0 -22"><span class='ocrx_word' id='word_1_239' title='bbox 476 3134 723 3213; x_wconf 85' lang='lat' dir='ltr'>vestigia</span> <span class='ocrx_word' id='word_1_240' title='bbox 758 3134 1285 3207; x_wconf 85' lang='lat' dir='ltr'>demandavimus,</span> <span class='ocrx_word' id='word_1_241' title='bbox 1321 3134 1662 3215; x_wconf 89' lang='lat' dir='ltr'>impensius</span> <span class='ocrx_word' id='word_1_242' title='bbox 1695 3137 2083 3195; x_wconf 87' lang='lat' dir='ltr'>obsecrantes</span> <span class='ocrx_word' id='word_1_243' title='bbox 2120 3150 2184 3195; x_wconf 89' lang='lat' dir='ltr'>ut</span> <span class='ocrx_word' id='word_1_244' title='bbox 2217 3135 2495 3213; x_wconf 89' lang='lat' dir='ltr'>celerius,</span> <span class='ocrx_word' id='word_1_245' title='bbox 2546 3135 2665 3194; x_wconf 92' lang='lat' dir='ltr'>deo</span> <span class='ocrx_word' id='word_1_246' title='bbox 2700 3136 2832 3196; x_wconf 92' lang='lat' dir='ltr'>eius</span> <span class='ocrx_word' id='word_1_247' title='bbox 2866 3134 3090 3195; x_wconf 90' lang='lat' dir='ltr'>animis</span> 
     </span>
     <span class='ocr_line' id='line_1_33' title="bbox 474 3241 3091 3323; baseline 0 -21"><span class='ocrx_word' id='word_1_248' title='bbox 474 3242 828 3323; x_wconf 89' lang='lat' dir='ltr'>inspirante,</span> <span class='ocrx_word' id='word_1_249' title='bbox 864 3242 1024 3302; x_wconf 88' lang='lat' dir='ltr'>hanc</span> <span class='ocrx_word' id='word_1_250' title='bbox 1056 3241 1486 3322; x_wconf 88' lang='lat' dir='ltr'>apostolorum</span> <span class='ocrx_word' id='word_1_251' title='bbox 1520 3241 1807 3321; x_wconf 90' lang='lat' dir='ltr'>principis</span> <span class='ocrx_word' id='word_1_252' title='bbox 1839 3241 2074 3317; x_wconf 89' lang='lat' dir='ltr'>sedem,</span> <span class='ocrx_word' id='word_1_253' title='bbox 2097 3243 2414 3322; x_wconf 88' lang='lat' dir='ltr'>presertim</span> <span class='ocrx_word' id='word_1_254' title='bbox 2451 3261 2562 3322; x_wconf 90' lang='lat' dir='ltr'>pro</span> <span class='ocrx_word' id='word_1_255' title='bbox 2596 3243 2848 3303; x_wconf 88' lang='lat' dir='ltr'>diversis</span> <span class='ocrx_word' id='word_1_256' title='bbox 2885 3242 3091 3302; x_wconf 90' lang='lat' dir='ltr'>immi-</span> 
     </span>
     <span class='ocr_line' id='line_1_34' title="bbox 475 3348 3093 3430; baseline -0.001 -20"><span class='ocrx_word' id='word_1_257' title='bbox 475 3350 763 3411; x_wconf 90' lang='lat' dir='ltr'>nentibus</span> <span class='ocrx_word' id='word_1_258' title='bbox 813 3365 870 3409; x_wconf 91' lang='lat' dir='ltr'>et</span> <span class='ocrx_word' id='word_1_259' title='bbox 921 3350 995 3408; x_wconf 92' lang='lat' dir='ltr'>ad</span> <span class='ocrx_word' id='word_1_260' title='bbox 1050 3351 1423 3410; x_wconf 88' lang='lat' dir='ltr'>subventum</span> <span class='ocrx_word' id='word_1_261' title='bbox 1479 3349 1791 3430; x_wconf 84' lang='lat' dir='ltr'>provincie</span> <span class='ocrx_word' id='word_1_262' title='bbox 1846 3349 2230 3427; x_wconf 85' lang='lat' dir='ltr'>exigentibus</span> <span class='ocrx_word' id='word_1_263' title='bbox 2277 3350 2462 3409; x_wconf 89' lang='lat' dir='ltr'>simul</span> <span class='ocrx_word' id='word_1_264' title='bbox 2510 3364 2568 3408; x_wconf 91' lang='lat' dir='ltr'>et</span> <span class='ocrx_word' id='word_1_265' title='bbox 2601 3349 2676 3408; x_wconf 91' lang='lat' dir='ltr'>ad</span> <span class='ocrx_word' id='word_1_266' title='bbox 2712 3348 3093 3429; x_wconf 87' lang='lat' dir='ltr'>imperialem</span> 
     </span>
     <span class='ocr_line' id='line_1_35' title="bbox 472 3453 3090 3536; baseline 0 -21"><span class='ocrx_word' id='word_1_267' title='bbox 472 3456 786 3516; x_wconf 88' lang='lat' dir='ltr'>servitium</span> <span class='ocrx_word' id='word_1_268' title='bbox 819 3455 1283 3536; x_wconf 87' lang='lat' dir='ltr'>respicientibus</span> <span class='ocrx_word' id='word_1_269' title='bbox 1317 3456 1677 3516; x_wconf 89' lang='lat' dir='ltr'>utilitatibus</span> <span class='ocrx_word' id='word_1_270' title='bbox 1710 3455 1786 3514; x_wconf 91' lang='lat' dir='ltr'>de</span> <span class='ocrx_word' id='word_1_271' title='bbox 1822 3453 2080 3534; x_wconf 87' lang='lat' dir='ltr'>perfecta</span> <span class='ocrx_word' id='word_1_272' title='bbox 2115 3454 2501 3515; x_wconf 88' lang='lat' dir='ltr'>ordinatione</span> <span class='ocrx_word' id='word_1_273' title='bbox 2549 3456 2869 3535; x_wconf 89' lang='lat' dir='ltr'>apostolici</span> <span class='ocrx_word' id='word_1_274' title='bbox 2918 3457 3090 3515; x_wconf 88' lang='lat' dir='ltr'>electi</span> 
     </span>
     <span class='ocr_line' id='line_1_36' title="bbox 472 3561 3090 3643; baseline -0.001 -21"><span class='ocrx_word' id='word_1_275' title='bbox 472 3563 745 3638; x_wconf 89' lang='lat' dir='ltr'>adornet,</span> <span class='ocrx_word' id='word_1_276' title='bbox 779 3579 1083 3643; x_wconf 88' lang='lat' dir='ltr'>quatenus</span> <span class='ocrx_word' id='word_1_277' title='bbox 1118 3563 1255 3624; x_wconf 85' lang='lat' dir='ltr'>insit</span> <span class='ocrx_word' id='word_1_278' title='bbox 1289 3563 1349 3623; x_wconf 91' lang='lat' dir='ltr'>in</span> <span class='ocrx_word' id='word_1_279' title='bbox 1384 3562 1718 3643; x_wconf 88' lang='lat' dir='ltr'>apostolice</span> <span class='ocrx_word' id='word_1_280' title='bbox 1753 3561 1914 3621; x_wconf 89' lang='lat' dir='ltr'>sedis</span> <span class='ocrx_word' id='word_1_281' title='bbox 1948 3561 2194 3641; x_wconf 86' lang='lat' dir='ltr'>specula</span> <span class='ocrx_word' id='word_1_282' title='bbox 2229 3561 2338 3640; x_wconf 89' lang='lat' dir='ltr'>qui</span> <span class='ocrx_word' id='word_1_283' title='bbox 2372 3577 2428 3622; x_wconf 93' lang='lat' dir='ltr'>et</span> <span class='ocrx_word' id='word_1_284' title='bbox 2451 3561 2679 3622; x_wconf 86' lang='lat' dir='ltr'>Christi</span> <span class='ocrx_word' id='word_1_285' title='bbox 2714 3576 2878 3639; x_wconf 88' lang='lat' dir='ltr'>regat</span> <span class='ocrx_word' id='word_1_286' title='bbox 2900 3562 3090 3621; x_wconf 86' lang='lat' dir='ltr'>eccle-</span> 
     </span>
     <span class='ocr_line' id='line_1_37' title="bbox 471 3668 3093 3750; baseline -0 -21"><span class='ocrx_word' id='word_1_287' title='bbox 471 3669 626 3730; x_wconf 90' lang='lat' dir='ltr'>siam</span> <span class='ocrx_word' id='word_1_288' title='bbox 674 3689 1050 3750; x_wconf 87' lang='lat' dir='ltr'>gregemque</span> <span class='ocrx_word' id='word_1_289' title='bbox 1100 3671 1558 3732; x_wconf 89' lang='lat' dir='ltr'>rationabilium</span> <span class='ocrx_word' id='word_1_290' title='bbox 1592 3669 1912 3730; x_wconf 88' lang='lat' dir='ltr'>salubriter</span> <span class='ocrx_word' id='word_1_291' title='bbox 1945 3668 2253 3749; x_wconf 85' lang='lat' dir='ltr'>dispenset</span> <span class='ocrx_word' id='word_1_292' title='bbox 2286 3669 2498 3729; x_wconf 91' lang='lat' dir='ltr'>ovium</span> <span class='ocrx_word' id='word_1_293' title='bbox 2535 3683 2594 3727; x_wconf 92' lang='lat' dir='ltr'>et</span> <span class='ocrx_word' id='word_1_294' title='bbox 2628 3688 2739 3748; x_wconf 91' lang='lat' dir='ltr'>pro</span> <span class='ocrx_word' id='word_1_295' title='bbox 2773 3669 3093 3728; x_wconf 84' lang='lat' dir='ltr'>stabilitate</span> 
     </span>
     <span class='ocr_line' id='line_1_38' title="bbox 470 3775 3091 3860; baseline -0.001 -23"><span class='ocrx_word' id='word_1_296' title='bbox 470 3797 503 3837; x_wconf 89' lang='lat' dir='ltr'>a</span> <span class='ocrx_word' id='word_1_297' title='bbox 549 3777 668 3837; x_wconf 89' lang='lat' dir='ltr'>deo</span> <span class='ocrx_word' id='word_1_298' title='bbox 702 3777 924 3838; x_wconf 89' lang='lat' dir='ltr'>decreti</span> <span class='ocrx_word' id='word_1_299' title='bbox 961 3779 1230 3839; x_wconf 84' lang='lat' dir='ltr'>Romani</span> <span class='ocrx_word' id='word_1_300' title='bbox 1267 3777 1505 3860; x_wconf 89' lang='lat' dir='ltr'>imperii</span> <span class='ocrx_word' id='word_1_301' title='bbox 1541 3778 1928 3855; x_wconf 88' lang='lat' dir='ltr'>longevaque</span> <span class='ocrx_word' id='word_1_302' title='bbox 1963 3775 2249 3855; x_wconf 87' lang='lat' dir='ltr'>sospitate</span> <span class='ocrx_word' id='word_1_303' title='bbox 2284 3776 2358 3835; x_wconf 91' lang='lat' dir='ltr'>ad</span> <span class='ocrx_word' id='word_1_304' title='bbox 2393 3791 2746 3855; x_wconf 89' lang='lat' dir='ltr'>temporum</span> <span class='ocrx_word' id='word_1_305' title='bbox 2783 3775 3091 3855; x_wconf 86' lang='lat' dir='ltr'>prosperi-</span> 
     </span>
     <span class='ocr_line' id='line_1_39' title="bbox 469 3880 3084 3965; baseline -0.001 -22"><span class='ocrx_word' id='word_1_306' title='bbox 469 3898 654 3945; x_wconf 89' lang='lat' dir='ltr'>tatem</span> <span class='ocrx_word' id='word_1_307' title='bbox 703 3883 955 3965; x_wconf 89' lang='lat' dir='ltr'>predicti</span> <span class='ocrx_word' id='word_1_308' title='bbox 1004 3884 1207 3945; x_wconf 86' lang='lat' dir='ltr'>eximii</span> <span class='ocrx_word' id='word_1_309' title='bbox 1240 3884 1477 3945; x_wconf 89' lang='lat' dir='ltr'>domini</span> <span class='ocrx_word' id='word_1_310' title='bbox 1512 3883 1750 3944; x_wconf 83' lang='lat' dir='ltr'>exarchi</span> <span class='ocrx_word' id='word_1_311' title='bbox 1789 3880 2160 3942; x_wconf 87' lang='lat' dir='ltr'>indesinenti</span> <span class='ocrx_word' id='word_1_312' title='bbox 2196 3899 2372 3960; x_wconf 89' lang='lat' dir='ltr'>prece</span> <span class='ocrx_word' id='word_1_313' title='bbox 2408 3897 2632 3941; x_wconf 88' lang='lat' dir='ltr'>exoret.</span> <span class='ocrx_word' id='word_1_314' title='bbox 2697 3880 2940 3941; x_wconf 86' lang='lat' dir='ltr'>elabora</span> <span class='ocrx_word' id='word_1_315' title='bbox 2975 3882 3084 3941; x_wconf 88' lang='lat' dir='ltr'>ita-</span> 
     </span>
     <span class='ocr_line' id='line_1_40' title="bbox 468 3988 3078 4071; baseline -0.002 -19"><span class='ocrx_word' id='word_1_316' title='bbox 468 4010 591 4071; x_wconf 92' lang='lat' dir='ltr'>que</span> <span class='ocrx_word' id='word_1_317' title='bbox 625 4010 989 4071; x_wconf 75' lang='lat' dir='ltr'>quesumuS,</span> <span class='ocrx_word' id='word_1_318' title='bbox 1025 3992 1404 4052; x_wconf 90' lang='lat' dir='ltr'>sanctissime</span> <span class='ocrx_word' id='word_1_319' title='bbox 1439 4011 1507 4051; x_wconf 90' lang='lat' dir='ltr'>ac</span> <span class='ocrx_word' id='word_1_320' title='bbox 1540 3990 1883 4051; x_wconf 88' lang='lat' dir='ltr'>beatissime</span> <span class='ocrx_word' id='word_1_321' title='bbox 1919 4005 2104 4070; x_wconf 81' lang='lat' dir='ltr'>pater,</span> <span class='ocrx_word' id='word_1_322' title='bbox 2140 4005 2197 4048; x_wconf 91' lang='lat' dir='ltr'>et</span> <span class='ocrx_word' id='word_1_323' title='bbox 2232 4007 2375 4047; x_wconf 88' lang='lat' dir='ltr'>cum</span> <span class='ocrx_word' id='word_1_324' title='bbox 2415 3988 2635 4047; x_wconf 89' lang='lat' dir='ltr'>harum</span> <span class='ocrx_word' id='word_1_325' title='bbox 2658 3988 3078 4069; x_wconf 83' lang='lat' dir='ltr'>portitoribus,</span> 
     </span>
     <span class='ocr_line' id='line_1_41' title="bbox 468 4092 3090 4176; baseline -0.002 -21"><span class='ocrx_word' id='word_1_326' title='bbox 468 4098 929 4159; x_wconf 88' lang='lat' dir='ltr'>veneratoribus</span> <span class='ocrx_word' id='word_1_327' title='bbox 964 4112 1022 4157; x_wconf 93' lang='lat' dir='ltr'>et</span> <span class='ocrx_word' id='word_1_328' title='bbox 1057 4096 1191 4156; x_wconf 83' lang='lat' dir='ltr'>filiis</span> <span class='ocrx_word' id='word_1_329' title='bbox 1224 4097 1454 4171; x_wconf 78' lang='lat' dir='ltr'>vestriS,</span> <span class='ocrx_word' id='word_1_330' title='bbox 1487 4095 1653 4176; x_wconf 90' lang='lat' dir='ltr'>apud</span> <span class='ocrx_word' id='word_1_331' title='bbox 1687 4114 1831 4176; x_wconf 87' lang='lat' dir='ltr'>sepe</span> <span class='ocrx_word' id='word_1_332' title='bbox 1869 4094 2062 4154; x_wconf 90' lang='lat' dir='ltr'>fatum</span> <span class='ocrx_word' id='word_1_333' title='bbox 2097 4094 2401 4153; x_wconf 89' lang='lat' dir='ltr'>domnum</span> <span class='ocrx_word' id='word_1_334' title='bbox 2434 4093 2765 4152; x_wconf 87' lang='lat' dir='ltr'>exarchum</span> <span class='ocrx_word' id='word_1_335' title='bbox 2787 4092 3090 4171; x_wconf 85' lang='lat' dir='ltr'>inpigrius</span> 
     </span>
     <span class='ocr_line' id='line_1_42' title="bbox 467 4198 3089 4285; baseline -0.002 -21"><span class='ocrx_word' id='word_1_336' title='bbox 467 4204 786 4281; x_wconf 87' lang='lat' dir='ltr'>interveni,</span> <span class='ocrx_word' id='word_1_337' title='bbox 834 4205 1031 4265; x_wconf 90' lang='lat' dir='ltr'>vicem</span> <span class='ocrx_word' id='word_1_338' title='bbox 1077 4204 1303 4285; x_wconf 86' lang='lat' dir='ltr'>gratiae</span> <span class='ocrx_word' id='word_1_339' title='bbox 1351 4203 1631 4284; x_wconf 89' lang='lat' dir='ltr'>propriae</span> <span class='ocrx_word' id='word_1_340' title='bbox 1668 4204 1846 4261; x_wconf 88' lang='lat' dir='ltr'>beato</span> <span class='ocrx_word' id='word_1_341' title='bbox 1882 4202 2061 4261; x_wconf 83' lang='lat' dir='ltr'>Petro</span> <span class='ocrx_word' id='word_1_342' title='bbox 2098 4200 2318 4261; x_wconf 87' lang='lat' dir='ltr'>fautori</span> <span class='ocrx_word' id='word_1_343' title='bbox 2356 4216 2464 4260; x_wconf 91' lang='lat' dir='ltr'>tuo</span> <span class='ocrx_word' id='word_1_344' title='bbox 2500 4200 2784 4276; x_wconf 90' lang='lat' dir='ltr'>reddens,</span> <span class='ocrx_word' id='word_1_345' title='bbox 2824 4198 3089 4278; x_wconf 90' lang='lat' dir='ltr'>totisque</span> 
     </span>
     <span class='ocr_line' id='line_1_43' title="bbox 467 4305 3092 4391; baseline -0.002 -20"><span class='ocrx_word' id='word_1_346' title='bbox 467 4310 701 4371; x_wconf 89' lang='lat' dir='ltr'>nisibus</span> <span class='ocrx_word' id='word_1_347' title='bbox 748 4310 1023 4385; x_wconf 84' lang='lat' dir='ltr'>immine,</span> <span class='ocrx_word' id='word_1_348' title='bbox 1070 4326 1138 4371; x_wconf 93' lang='lat' dir='ltr'>ut</span> <span class='ocrx_word' id='word_1_349' title='bbox 1175 4325 1376 4391; x_wconf 88' lang='lat' dir='ltr'>optate</span> <span class='ocrx_word' id='word_1_350' title='bbox 1412 4308 1841 4385; x_wconf 88' lang='lat' dir='ltr'>ordinationis,</span> <span class='ocrx_word' id='word_1_351' title='bbox 1877 4309 1996 4369; x_wconf 92' lang='lat' dir='ltr'>deo</span> <span class='ocrx_word' id='word_1_352' title='bbox 2032 4309 2303 4384; x_wconf 85' lang='lat' dir='ltr'>iubente,</span> <span class='ocrx_word' id='word_1_353' title='bbox 2337 4306 2715 4368; x_wconf 89' lang='lat' dir='ltr'>adceleretur</span> <span class='ocrx_word' id='word_1_354' title='bbox 2748 4305 3092 4385; x_wconf 83' lang='lat' dir='ltr'>negotium,</span> 
     </span>
     <span class='ocr_line' id='line_1_44' title="bbox 466 4414 3089 4498; baseline -0.002 -20"><span class='ocrx_word' id='word_1_355' title='bbox 466 4434 772 4497; x_wconf 88' lang='lat' dir='ltr'>quatenus</span> <span class='ocrx_word' id='word_1_356' title='bbox 819 4419 895 4479; x_wconf 92' lang='lat' dir='ltr'>de</span> <span class='ocrx_word' id='word_1_357' title='bbox 945 4417 1359 4498; x_wconf 87' lang='lat' dir='ltr'>presularibus</span> <span class='ocrx_word' id='word_1_358' title='bbox 1405 4432 1657 4497; x_wconf 87' lang='lat' dir='ltr'>paterne</span> <span class='ocrx_word' id='word_1_359' title='bbox 1704 4433 1937 4477; x_wconf 90' lang='lat' dir='ltr'>vestrae</span> <span class='ocrx_word' id='word_1_360' title='bbox 1972 4414 2365 4475; x_wconf 90' lang='lat' dir='ltr'>beatitudinis</span> <span class='ocrx_word' id='word_1_361' title='bbox 2399 4414 2813 4475; x_wconf 89' lang='lat' dir='ltr'>amminiculis</span> <span class='ocrx_word' id='word_1_362' title='bbox 2849 4430 2905 4475; x_wconf 90' lang='lat' dir='ltr'>et</span> <span class='ocrx_word' id='word_1_363' title='bbox 2940 4415 3089 4474; x_wconf 82' lang='lat' dir='ltr'>haec</span> 
     </span>
     <span class='ocr_line' id='line_1_45' title="bbox 466 4522 3088 4606; baseline -0.002 -20"><span class='ocrx_word' id='word_1_364' title='bbox 466 4525 800 4606; x_wconf 88' lang='lat' dir='ltr'>apostolica</span> <span class='ocrx_word' id='word_1_365' title='bbox 853 4527 1074 4586; x_wconf 91' lang='lat' dir='ltr'>letetur</span> <span class='ocrx_word' id='word_1_366' title='bbox 1124 4543 1193 4585; x_wconf 90' lang='lat' dir='ltr'>ac</span> <span class='ocrx_word' id='word_1_367' title='bbox 1238 4524 1463 4585; x_wconf 88' lang='lat' dir='ltr'>exultet</span> <span class='ocrx_word' id='word_1_368' title='bbox 1510 4524 1759 4584; x_wconf 87' lang='lat' dir='ltr'>ecclesia</span> <span class='ocrx_word' id='word_1_369' title='bbox 1807 4537 1866 4582; x_wconf 91' lang='lat' dir='ltr'>et</span> <span class='ocrx_word' id='word_1_370' title='bbox 1913 4541 2029 4582; x_wconf 91' lang='lat' dir='ltr'>nos</span> <span class='ocrx_word' id='word_1_371' title='bbox 2075 4522 2407 4600; x_wconf 86' lang='lat' dir='ltr'>gratiarum</span> <span class='ocrx_word' id='word_1_372' title='bbox 2441 4522 2711 4583; x_wconf 89' lang='lat' dir='ltr'>actiones</span> <span class='ocrx_word' id='word_1_373' title='bbox 2744 4537 2997 4601; x_wconf 90' lang='lat' dir='ltr'>agamus</span> <span class='ocrx_word' id='word_1_374' title='bbox 3031 4539 3088 4582; x_wconf 89' lang='lat' dir='ltr'>et</span> 
     </span>
     <span class='ocr_line' id='line_1_46' title="bbox 465 4628 3087 4709; baseline -0.002 -15"><span class='ocrx_word' id='word_1_375' title='bbox 465 4633 678 4694; x_wconf 89' lang='lat' dir='ltr'>caritas</span> <span class='ocrx_word' id='word_1_376' title='bbox 726 4633 1107 4695; x_wconf 89' lang='lat' dir='ltr'>denominati</span> <span class='ocrx_word' id='word_1_377' title='bbox 1160 4633 1375 4693; x_wconf 89' lang='lat' dir='ltr'>domni</span> <span class='ocrx_word' id='word_1_378' title='bbox 1423 4631 1616 4692; x_wconf 88' lang='lat' dir='ltr'>nostri</span> <span class='ocrx_word' id='word_1_379' title='bbox 1666 4630 1839 4691; x_wconf 88' lang='lat' dir='ltr'>electi</span> <span class='ocrx_word' id='word_1_380' title='bbox 1890 4629 2199 4708; x_wconf 88' lang='lat' dir='ltr'>futurique</span> <span class='ocrx_word' id='word_1_381' title='bbox 2237 4630 2552 4708; x_wconf 86' lang='lat' dir='ltr'>apostolici</span> <span class='ocrx_word' id='word_1_382' title='bbox 2588 4628 2893 4709; x_wconf 85' lang='lat' dir='ltr'>pontificis</span> <span class='ocrx_word' id='word_1_383' title='bbox 2926 4647 3087 4709; x_wconf 89' lang='lat' dir='ltr'>opu-</span> 
     </span>
     <span class='ocr_line' id='line_1_47' title="bbox 463 4734 3087 4821; baseline -0.002 -20"><span class='ocrx_word' id='word_1_384' title='bbox 463 4741 689 4801; x_wconf 91' lang='lat' dir='ltr'>lentius</span> <span class='ocrx_word' id='word_1_385' title='bbox 737 4760 876 4819; x_wconf 88' lang='lat' dir='ltr'>erga</span> <span class='ocrx_word' id='word_1_386' title='bbox 924 4756 1187 4801; x_wconf 89' lang='lat' dir='ltr'>vestram</span> <span class='ocrx_word' id='word_1_387' title='bbox 1235 4739 1611 4821; x_wconf 88' lang='lat' dir='ltr'>presularem</span> <span class='ocrx_word' id='word_1_388' title='bbox 1659 4738 2037 4798; x_wconf 87' lang='lat' dir='ltr'>sanctitatem</span> <span class='ocrx_word' id='word_1_389' title='bbox 2072 4735 2370 4796; x_wconf 87' lang='lat' dir='ltr'>dilatetur.</span> <span class='ocrx_word' id='word_1_390' title='bbox 2431 4735 2486 4815; x_wconf 82' lang='lat' dir='ltr'>[l.</span> <span class='ocrx_word' id='word_1_391' title='bbox 2521 4756 2570 4796; x_wconf 91' lang='lat' dir='ltr'>c.</span> <span class='ocrx_word' id='word_1_392' title='bbox 2605 4756 2739 4818; x_wconf 88' lang='lat' dir='ltr'>pag.</span> <span class='ocrx_word' id='word_1_393' title='bbox 2785 4734 3087 4815; x_wconf 75' lang='lat'><strong>55—57.]</strong></span> 
     </span>
    </p>
   </div>
  </div>
 </body>
</html>
