3684 5416
497 1525 543 1556 to

493 2060 539 2102 ι5

489 2596 542 2627 20

487 3133 536 3174 ²5

485 3675 538 3719 30

484 4210 533 4254 35

484 4746 537 4786 40

606 358 707 428 328
1755 362 2073 417 Ordinatio.

601 542 804 623 tiquiS,
839 563 1028 624 quam
1061 545 1191 606 aliis
1225 545 1575 626 privilegiis,
1608 546 1793 606 literis
1828 548 2215 628 ApostoliciS,
2249 549 2520 625 indultis,
2570 566 2675 611 aut
2708 551 3222 612 declarationibus

601 669 729 711 non
776 651 1180 726 obstantibus,
1226 652 1486 728 excludi,
1533 673 1603 713 ac
1633 653 2121 734 dispensationes
2154 675 2582 737 quascumque
2615 673 2720 717 aut
2750 657 3221 736 legitimationes

599 776 726 817 non
756 757 1094 837 suffragari,
1128 777 1331 839 neque
1364 758 1425 819 in
1462 758 1740 819 futurum
1774 780 1919 820 cum
1953 760 2047 821 his
2083 762 2196 823 nisi
2229 784 2260 822 a
2297 762 2456 823 Sede
2479 763 2852 843 Apostolica,
2886 764 3218 846 privilegiis

596 865 1101 946 quibuscumque
1147 884 1277 927 non
1325 864 1730 939 obstantibus,
1781 867 2133 948 dispensare
2180 889 2360 950 posse
2406 869 2620 941 voluit,
2654 872 3012 932 auctoritate
3049 877 3220 951 Apo-

596 973 805 1033 stolice
854 987 1068 1033 tenore
1118 970 1532 1052 praesentium
1579 971 1654 1031 ad
1688 974 1990 1033 terminos
2024 972 2172 1051 juris
2207 975 2580 1053 reducimus,
2613 993 2670 1037 et
2702 978 3118 1050 moderamur,
3150 998 3219 1037 ac

597 1099 819 1141 omnes
854 1079 1344 1160 dispensationes
1377 1095 1434 1139 et
1468 1079 1939 1159 habilitationes,
1962 1081 2172 1163 vigore
2208 1081 2667 1162 privilegiorum
2703 1100 2809 1145 aut
2830 1084 3215 1146 indultorum

599 1185 1123 1267 Apostolicorum,
1175 1184 1366 1245 cuivis
1419 1185 1656 1259 Ordini,
1713 1186 2037 1265 Religioni,
2094 1186 2490 1263 MonasteriO,
2543 1202 2649 1248 aut
2699 1189 3207 1268 Congregationi,

600 1312 896 1353 eorumve
929 1292 1383 1374 Superioribus,
1419 1292 1482 1352 in
1514 1311 1740 1373 genere
1774 1294 1869 1353 vel
1902 1293 1966 1354 in
1999 1294 2219 1373 specie,
2256 1309 2321 1353 ut
2352 1293 2709 1373 praefertur,
2743 1313 3207 1374 concessorum,

597 1420 755 1480 quae
788 1415 1068 1480 tempore
1102 1399 1618 1461 constitutionum
1653 1397 2019 1476 hujusmodi
2050 1420 2167 1461 usu
2204 1417 2460 1481 recepta,
2512 1418 2570 1460 et
2604 1420 2732 1461 non
2766 1404 2882 1463 sub
2917 1403 3054 1464 ullis
3086 1403 3214 1465 aliis

599 1507 1094 1567 revocationibus
1127 1508 1576 1587 comprehensa
1610 1523 1792 1568 erunt
1825 1528 1933 1589 per
1965 1527 2347 1589 quoscumq;
2383 1527 2604 1569 eorum
2624 1508 2985 1590 Superiores
3020 1511 3219 1588 factas,

599 1618 659 1679 in
693 1617 1020 1699 pristinum
1053 1632 1299 1693 statum,
1335 1632 1391 1676 et
1425 1616 1818 1694 validitatem,
1854 1616 1918 1677 in
1950 1617 2178 1697 quibus
2211 1631 2352 1676 ante
2386 1616 2545 1695 ipsas
2578 1618 3051 1680 constitutiones
3084 1619 3210 1679 exi-

598 1729 851 1801 stebant,
887 1725 1263 1788 restituimus
1295 1740 1353 1785 et
1386 1724 1853 1804 reintegramus.
1901 1725 2217 1800 Volentes‚
2251 1723 2472 1784 iisdem
2505 1727 3051 1789 constitutionibus
3084 1747 3212 1789 non

597 1834 922 1896 obstantib.
969 1852 1074 1893 eos
1123 1832 1230 1913 qui
1281 1831 1502 1912 quovis
1551 1833 1743 1893 modo
1790 1831 2088 1909 illegitimi
2138 1832 2434 1911 procreati
2471 1831 2694 1893 fuerint
2728 1836 2803 1895 ad
2839 1835 3117 1895 habitum
3150 1850 3210 1895 et

597 1942 1046 2022 professionem
1092 1940 1400 2020 regulares
1450 1940 1686 2001 admitti
1734 1960 1916 2022 posse
1963 1940 2498 2020 quemadmodum
2546 1941 2781 2002 admitti
2816 1957 3115 2023 poterant,
3159 1943 3208 2003 si

595 2049 977 2130 supradictae
1011 2048 1483 2109 constitutiones
1515 2048 1709 2108 editae
1743 2067 1873 2108 non
1910 2047 2181 2109 fuissent.

809 2166 837 2226 S
876 2177 931 2237 3.
1000 2158 1080 2218 Ita
1131 2173 1359 2235 tamen,
1414 2172 1480 2217 ut
1532 2176 1678 2216 cum
1727 2156 1803 2216 de
1853 2154 2218 2235 recipiendis
2266 2155 2866 2237 quomodocumque
2901 2157 3213 2236 illegitime

596 2263 767 2338 natis,
813 2265 890 2325 ad
938 2264 1215 2325 habitum
1263 2280 1324 2325 et
1370 2264 1818 2345 professionem
1856 2262 2167 2324 Ordinum
2218 2281 2767 2345 quorumcumque
2800 2284 3029 2344 agetur,
3064 2265 3102 2326 ii
3137 2267 3212 2327 ad

593 2392 755 2452 quos
803 2371 1164 2432 huiusmodi
1212 2372 1478 2451 receptio
1513 2387 1761 2453 spectat,
1816 2387 2053 2451 praeter
2083 2370 2218 2447 alia,
2253 2370 2329 2430 de
2362 2371 2590 2450 quibus
2623 2392 2695 2431 ex
2729 2373 3031 2433 dictarum
3066 2392 3212 2434 con-

594 2478 982 2540 stitutionum
1021 2492 1345 2558 praecepto
1380 2477 1536 2537 circa
1571 2494 2007 2556 quoscumque
2041 2475 2226 2536 etiam
2256 2475 2565 2554 legitimos
2598 2476 2936 2557 disquirere
2971 2480 3215 2554 debent,

593 2585 916 2664 diligenter
948 2604 1168 2645 eorum
1200 2584 1387 2644 vitam
1421 2600 1478 2644 et
1511 2603 1717 2645 mores
1751 2583 2087 2663 inquirant,
2123 2597 2181 2642 et
2214 2582 2293 2642 ita
2326 2584 2579 2644 demum
2604 2584 2911 2665 recipiant,
2935 2585 2982 2645 si
3005 2600 3212 2645 tamen

594 2694 824 2754 bonam
873 2691 1168 2769 indolem,
1222 2708 1278 2753 et
1330 2692 1565 2754 virtutis
1599 2692 1910 2773 specimen
1945 2690 2370 2773 praeseferant,
2407 2713 2474 2752 ac
2506 2706 2599 2753 tot
2631 2692 2716 2753 eis
2751 2693 2960 2754 merita
2995 2693 3212 2754 suffra-

591 2815 836 2878 gentur,
906 2815 971 2860 ut
1037 2800 1335 2860 natalium
1386 2801 1712 2880 suppleant
1762 2798 2096 2874 defectum,
2149 2817 2494 2878 eorumque
2545 2799 2815 2879 receptio
2866 2800 3208 2880 Religionis

592 2907 934 2969 commodo
983 2923 1039 2968 et
1087 2908 1329 2968 utilitati
1379 2907 1699 2989 profutura
1747 2907 2043 2967 videatur.
2107 2906 2186 2965 Et
2217 2926 2401 2986 super
2433 2906 2553 2967 hoc
2586 2906 2720 2987 ipso
2754 2907 2792 2967 ii
2826 2909 2901 2968 ad
2934 2928 3113 2989 qu05,
3147 2926 3213 2970 ut

593 3015 826 3076 dictum
878 3030 982 3084 est,
1036 3015 1297 3095 pertinet
1344 3015 1705 3093 hujusmodi
1757 3014 2044 3095 receptio,
2095 3029 2329 3074 matura
2377 3013 2814 3074 deliberatione
2862 3015 3084 3088 habita,
3132 3014 3207 3074 ita

593 3120 944 3180 censuerint
990 3136 1049 3180 et
1100 3120 1521 3196 iudicaverint,
1554 3122 1903 3183 dummodo
1936 3138 2059 3182 tam
2094 3119 2256 3180 filius
2289 3119 2658 3197 illegitimus,
2692 3122 2756 3181 in
2792 3122 3110 3200 Religione
3147 3122 3208 3182 in

592 3244 713 3304 qua
767 3240 958 3305 pater,
1008 3224 1134 3285 sive
1186 3242 1326 3286 ante
1372 3227 1496 3286 sive
1547 3242 1683 3307 post
1728 3226 2107 3287 nativitatem
2152 3226 2295 3286 dicti
2342 3225 2448 3286 filii
2483 3225 2797 3306 professus
2830 3226 3031 3302 fuerit,
3067 3226 3201 3307 ipso

594 3346 758 3413 parte
793 3332 1032 3393 vivente
1067 3351 1197 3393 non
1232 3333 1606 3410 admittatur,
1639 3334 1812 3414 quod
1846 3352 2125 3413 expresse
2161 3332 2581 3412 prohibemus.

807 3448 928 3519 84.
979 3441 1289 3502 Volumus
1341 3460 1601 3521 quoque
1649 3459 1718 3500 ac
1764 3438 2108 3514 statuimuS,
2154 3438 2334 3499 licere
2366 3437 2672 3515 Generali,
2708 3453 2812 3498 aut
2847 3436 3207 3498 Provinciali

591 3548 980 3626 singulorum
1016 3549 1353 3626 Ordinum,
1387 3564 1491 3609 aut
1522 3547 2120 3628 Congregationum,
2154 3564 2256 3606 aut
2279 3546 2711 3626 Hospitalium,
2744 3546 2821 3606 ad
2854 3564 3015 3625 quos
3047 3544 3203 3605 dicta

593 3655 971 3735 dispensatio
1018 3671 1245 3737 spectat
1292 3655 1454 3733 juxta
1494 3672 1775 3717 tenorem
1809 3654 2272 3736 privilegiorum
2305 3669 2363 3714 et
2394 3654 2781 3713 indultorum
2812 3651 3203 3733 Apostolico-

591 3779 731 3821 rum
764 3761 850 3821 eis
883 3780 1324 3823 concessorum
1357 3781 1535 3842 quae,
1568 3761 1917 3823 dummodo
1953 3782 2069 3822 usu
2103 3779 2342 3842 recepta
2376 3781 2489 3822 nec
2521 3760 2667 3821 alias
2700 3762 2816 3820 sub
2851 3760 2990 3820 ullis
3023 3778 3199 3820 revo-

591 3868 926 3945 cationibu,
976 3870 1425 3951 comprehensa
1471 3869 1613 3946 sint,
1659 3884 1726 3929 ut
1777 3868 2133 3949 praefertur,
2170 3869 2235 3928 in
2270 3870 2381 3928 hac
2415 3883 2581 3948 parte
2615 3867 3026 3928 revalidamus
3059 3885 3201 3926 cum

590 3974 942 4054 illegitimis,
978 3995 1139 4055 quos
1172 3976 1371 4037 dictus
1397 3975 1735 4052 Generalis,
1769 3990 1876 4036 aut
1906 3975 2321 4053 provincialis,
2353 3994 2498 4036 cum
2530 3973 2817 4036 Generali
2851 3972 3209 4034 Provinciali

591 4104 699 4144 seu
749 4082 1113 4144 intermedio
1148 4083 1439 4164 Capitulo
1486 4097 1544 4142 et
1577 4101 1704 4143 non
1737 4082 1904 4158 aliaS,
1940 4082 2419 4163 suffragantibus
2454 4083 2684 4144 meritis
2717 4083 2942 4162 dignos
2974 4081 3204 4158 judica-

593 4189 804 4250 verint.
853 4189 929 4248 ad
966 4189 1253 4264 honores,
1300 4189 1546 4268 graduS,
1593 4204 1652 4249 et
1684 4189 2012 4267 dignitates
2044 4191 2413 4251 obtinendas
2446 4191 2819 4273 dispensare,
2855 4210 2925 4250 ac
2956 4190 3202 4270 dispen-

591 4295 859 4356 sationes
891 4294 1256 4370 hujusmodi
1289 4313 1402 4375 pro
1436 4310 1714 4375 tempore
1747 4296 1828 4356 ita
1862 4295 2065 4374 factas,
2108 4313 2164 4357 et
2198 4297 2340 4358 inde
2374 4314 2635 4378 sequuta
2669 4316 3105 4378 quaecumque
3142 4312 3206 4356 ut

591 4418 766 4464 antea
813 4402 1012 4462 valere
1058 4417 1118 4463 et
1168 4418 1398 4479 tenere,
1447 4403 1698 4484 perinde
1749 4424 1817 4463 ac
1865 4404 1914 4464 si
1962 4405 2342 4486 supradictae
2376 4405 2842 4467 constitutiones
2874 4423 3005 4465 non
3038 4424 3204 4464 ema-

592 4525 857 4570 nassent.

805 4627 833 4688 S
875 4637 928 4696 5.
992 4618 1320 4680 Caeterum
1360 4638 1506 4679 cum
1536 4619 1975 4699 acceperimus,
2013 4621 2459 4681 nonnullarum
2494 4620 2893 4699 Religionum
2927 4638 2984 4681 et
3016 4621 3201 4682 Ordi-

591 4724 834 4803 dinum,
869 4726 1221 4808 praesertim
1258 4726 1721 4787 Monachalium
1746 4728 2120 4788 Monasteria
2151 4727 2232 4788 ita
2264 4728 2534 4788 instituta
2568 4748 2715 4806 esse,
2749 4744 2815 4789 ut
2848 4729 2911 4788 in
2946 4728 3032 4788 eis
3064 4743 3193 4809 per-

590 4849 773 4915 petua
819 4834 1124 4914 quaedam
1175 4834 1386 4895 filiatio
1427 4833 1860 4911 constituatur3
1914 4836 2182 4917 ideoque
2216 4836 2483 4916 receptio
2518 4835 2914 4896 Novitiorum
2945 4835 3007 4896 in
3042 4854 3199 4895 uno·

592 4963 846 5024 quoque
887 4944 1262 5004 Monasterio
1308 4943 1382 5003 ad
1432 4943 1816 5023 superiorem
1852 4944 2213 5022 Praelatum,
2266 4960 2322 5004 et
2356 4943 2716 5025 Capitulum
2750 4940 3030 5021 ejusdem
3062 4944 3198 5004 Mo·
