3684 5416
601 1520 652 1554 10

602 2055 648 2099 ι5

597 2588 653 2622 20

599 3124 650 3168 ²5

599 3656 654 3704 30

600 4280 651 4326 35

600 4832 657 4877 4ο

697 351 768 434 28
1326 351 1593 408 Potestas
1633 351 2013 408 ecclesiastica
2053 365 2109 408 et
2144 352 2450 425 imperium
2488 353 2664 409 civile.

701 553 827 595 non
860 549 1062 616 parcet
1092 534 1314 597 oculus
1346 550 1490 596 tuus
1522 554 1707 616 super
1736 555 1883 597 eum
1917 551 1975 597 et
2008 556 2138 598 non
2171 536 2392 598 celabis
2424 557 2604 600 eum:
2656 537 3029 600 adnuntians
3061 538 3304 599 adnun-

701 640 876 701 tiabis
909 641 985 701 de
1017 639 1159 702 illo:
1195 660 1415 704 manus
1448 657 1550 703 tua
1584 642 1695 703 erit
1727 661 1916 725 super
1947 662 2093 704 eum
2126 642 2193 704 in
2225 644 2436 725 primis
2469 643 2807 706 interficere
2839 664 2986 706 eum
3006 660 3066 706 et
3084 664 3305 706 manus

702 745 908 808 omnis
939 747 1156 830 populi
1188 764 1524 830 postrem0‚
1559 765 1619 809 et
1648 749 2012 831 lapidabunt
2043 769 2189 811 eum
2222 766 2281 812 et
2314 751 2631 829 morietur,
2665 751 2970 833 quoniam
3001 750 3305 833 quaesiuit

701 871 976 916 auertere
1022 870 1080 917 te
1125 876 1159 917 a
1205 856 1463 919 domino
1508 871 1682 918 tuo».
1752 854 1955 937 [Deut.
2001 878 2094 938 ¹3·
2131 856 2388 938 6—11‘.]
2453 878 2566 921 nec
2612 857 2740 921 filio
2784 858 2952 920 iubet
2997 858 3160 940 parci
3190 874 3306 918 nec

704 961 864 1023 fratri
899 978 958 1023 et
989 981 1100 1043 per
1129 978 1327 1024 amata
1359 963 1642 1044 coniugis
1673 967 1953 1026 membra
1985 965 2261 1045 gladium
2284 965 2600 1027 uindicem
2620 966 2820 1028 ducit:
2855 966 3125 1027 amicum
3145 984 3304 1046 quo-

702 1089 825 1149 que
871 1069 1119 1131 sublimi
1167 1070 1487 1132 seueritate
1520 1072 1910 1153 persequitur
1941 1087 2002 1133 et
2033 1072 2108 1133 ad
2143 1071 2548 1155 discerpenda
2579 1073 3016 1154 sacrilegorum
3049 1090 3307 1154 corpora

701 1176 909 1237 omnis
941 1177 1213 1259 populus
1244 1193 1544 1239 armatur:
1578 1179 1830 1252 integris
1862 1178 2046 1241 etiam
2080 1179 2448 1258 ciuitatibus,
2483 1179 2532 1240 si
2559 1180 2625 1241 in
2657 1179 2775 1241 isto
2796 1178 3019 1241 fuerint
3039 1178 3305 1241 facinore

701 1283 1138 1366 deprehensae,
1172 1284 1594 1346 decernuntur
1624 1285 1875 1348 excidia.
1938 1302 1996 1347 et
2027 1302 2095 1347 ut
2126 1286 2247 1347 hoc
2280 1285 2666 1368 prouidentia
2699 1301 2897 1347 uestra
2928 1285 3308 1347 manifestius

702 1389 911 1467 discat,
960 1389 1325 1452 constitutae
1371 1390 1521 1472 legis
1553 1391 1920 1453 sententiam
1956 1391 2282 1473 proferam.
2332 1392 2398 1454 in
2429 1393 2653 1455 eodem
2683 1393 2843 1454 libro
2874 1391 3125 1473 integris
3156 1391 3307 1453 ciui-

700 1496 924 1558 tatibus
969 1515 1235 1579 poenam
1270 1498 1568 1560 dominus
1599 1500 1713 1560 hac
1745 1519 1904 1561 uoce
1936 1499 2272 1575 constituit,
2324 1499 2405 1560 ait
2436 1499 2635 1561 enim:
2691 1515 2833 1561 «aut
2863 1498 2914 1561 si
2947 1498 3211 1560 audieris
3244 1498 3308 1560 in

702 1623 828 1665 una
860 1624 930 1665 ex
964 1602 1326 1682 ciuitatibus,
1363 1625 1516 1685 quas
1549 1605 1846 1668 dominus
1867 1606 2036 1667 Deus
2057 1621 2202 1668 tuus
2223 1606 2326 1667 dat
2343 1606 2449 1667 tibi
2473 1606 2812 1668 inhabitare
2833 1605 2973 1685 illic,
3008 1606 3303 1667 dicentes:

702 1730 916 1773 eamus
962 1727 1020 1771 et
1064 1710 1410 1773 seruiamus
1454 1711 1568 1773 diis
1612 1711 1743 1773 aliis
1774 1731 1938 1793 quos
1971 1731 2103 1774 non
2136 1712 2360 1774 nostis:
2411 1712 2785 1775 interficiens
2816 1713 3059 1774 necabis
3091 1731 3309 1774 omnes

703 1818 924 1900 quiqui
971 1833 1118 1880 sunt
1164 1818 1227 1879 in
1273 1817 1517 1879 ciuitate
1563 1818 1749 1880 caede
1793 1818 1980 1898 gladii
2026 1833 2085 1880 et
2116 1819 2410 1881 incendes
2442 1818 2754 1882 ciuitatem
2784 1819 2914 1900 igni
2944 1834 3007 1881 et
3037 1819 3150 1880 erit
3180 1820 3309 1881 sine

703 1925 1071 2003 habitaculo,
1119 1943 1248 1986 non
1294 1923 1715 1987 aedificabitur
1759 1924 1826 1986 in
1873 1940 2216 2004 aeternum,
2266 1940 2334 1987 ut
2379 1940 2689 1986 auertatur
2720 1924 3011 1986 dominus
3043 1926 3119 1986 ab
3150 1925 3311 1987 indi-

702 2031 996 2115 gnatione
1042 2031 1164 2092 irae
1196 2050 1373 2092 suae:
1416 2032 1426 2107 l
1469 2047 1527 2092 et
1559 2032 1728 2093 dabit
1758 2031 1869 2093 tibi
1897 2032 2383 2094 misericordiam
2422 2047 2482 2094 et
2514 2032 2902 2094 miserebitur
2932 2032 3022 2094 tui
3054 2048 3114 2094 et
3144 2034 3308 2094 mul-

702 2139 997 2222 tiplicabit
1040 2154 1118 2210 te,
1160 2137 1212 2200 si
1257 2137 1596 2199 exaudieris
1640 2158 1868 2200 uocem
1902 2138 2143 2200 domini
2175 2138 2291 2201 Dei
2322 2138 2412 2199 tui
2444 2154 2504 2200 et
2534 2139 2962 2201 obseruaueris
2995 2156 3307 2222 praecepta

702 2247 888 2308 eius.»
943 2244 1145 2324 [Deut.
1193 2265 1283 2326 ¹3·
1329 2244 1618 2326 13—19.]
1684 2246 2141 2309 misericordiae
2187 2267 2333 2308 suae
2384 2246 2587 2325 uobiS‚
2622 2245 3013 2309 sacratissimi
3049 2246 3309 2330 impera-

703 2369 886 2429 toreS,
920 2353 1089 2415 Deus
1119 2372 1406 2415 summus
1438 2353 1704 2435 praemia
1724 2354 2050 2435 pollicetur
2070 2370 2128 2416 et
2147 2352 2643 2436 amplificationis
2665 2353 2963 2415 maximae
2985 2371 3311 2434 augmenta

704 2459 1005 2522 decernit:
1060 2459 1234 2521 facite
1268 2460 1474 2542 itaque
1507 2461 1683 2541 quod
1716 2460 1904 2539 iubet,
1946 2463 2250 2543 complete
2299 2463 2475 2543 quod
2523 2462 2835 2544 praecipit.
2900 2462 3169 2545 auspicia
3200 2483 3309 2524 ue-

703 2584 823 2629 stra
869 2567 1207 2630 maioribus
1238 2567 1547 2629 cumulata
1579 2584 1726 2629 sunt
1758 2568 1975 2630 donis:
2024 2568 2088 2630 in
2121 2569 2301 2630 initio
2332 2569 2474 2631 fidei
2509 2569 2689 2652 positi
2721 2568 2921 2631 diuini
2955 2570 3184 2632 fauoris
3215 2570 3311 2632 in-

703 2691 1010 2739 crementa
1041 2674 1344 2738 sensistis:
1377 2694 1732 2757 numquam
1752 2695 1872 2739 uos
1890 2695 2116 2740 manus
2138 2675 2253 2738 Dei
2272 2677 2628 2739 ueneranda
2650 2676 2934 2756 deseruit,
2966 2695 3310 2759 numquam

706 2785 886 2847 uobis
929 2783 1348 2846 laborantibus
1394 2782 1723 2864 denegauit
1768 2783 2099 2845 auxilium:
2162 2783 2328 2845 strati
2368 2799 2514 2845 sunt
2545 2784 3009 2846 aduersantium
3041 2783 3221 2847 cunei
3254 2799 3311 2845 et

705 2891 1061 2954 rebellantia
1106 2905 1247 2952 ante
1291 2906 1699 2971 conspectum
1754 2907 2034 2953 uestrum
2081 2910 2324 2973 semper
2355 2910 2523 2953 arma
2556 2891 2922 2970 ceciderunt,
2972 2891 3312 2953 missisunt

704 3000 953 3084 superbi
983 3001 1099 3061 sub
1133 2998 1353 3079 iugum
1385 2999 1605 3080 populi
1638 3014 1696 3060 et
1726 2998 1966 3061 Persica
2000 3014 2149 3061 uota
2181 2998 2471 3080 conlapsa
2491 3013 2637 3059 sunt
2655 3017 2771 3059 nec
2789 3013 2947 3059 stare
2968 2997 3076 3059 diu
3096 3013 3309 3061 contra

706 3129 823 3170 uos
856 3106 1052 3190 potuit
1083 3106 1260 3167 malis
1290 3105 1417 3166 suis
1447 3121 1699 3169 onerata
1730 3106 2076 3170 crudelitas.
2144 3106 2259 3168 Dei
2291 3106 2583 3168 uirtutem
2616 3106 2861 3186 utrique
2894 3105 3140 3167 diuerso
3172 3124 3309 3167 sen-

704 3215 861 3278 sistis
906 3228 1168 3276 euentu:
1235 3212 1416 3274 uobis
1462 3214 1736 3276 caelestis
1781 3214 2073 3276 uictoriae
2121 3233 2353 3276 corona
2384 3214 2625 3275 conlata
2657 3226 2767 3292 est,
2804 3211 3082 3274 felicitate
3115 3228 3311 3273 uestra

706 3337 912 3384 nostra
944 3319 1296 3381 releuantur
1326 3318 1747 3381 incommoda.
1812 3321 1965 3381 haec
2011 3319 2191 3380 uobis
2224 3318 2395 3380 Deus
2426 3337 2730 3396 summus,
2779 3317 3166 3379 sacratissimi
3197 3317 3311 3378 im-

706 3445 1033 3514 peratores,
1080 3447 1194 3509 pro
1242 3426 1359 3488 fide
1406 3442 1611 3488 uestra
1656 3427 1920 3489 reddidit
1964 3426 2254 3509 praemia,
2302 3426 2397 3486 his
2443 3444 2559 3487 uos
2606 3424 2849 3486 interim
2887 3438 3311 3485 remuneratos

704 3535 1049 3617 insignibus
1082 3533 1158 3594 ad
1188 3553 1406 3595 arcana
1438 3536 1827 3597 uenerandae
1860 3535 2014 3615 legis
2045 3533 2280 3595 inuitat.
2314 3552 2465 3614 pura
2486 3546 2711 3609 mente,
2744 3532 2972 3592 deuota
2993 3531 3312 3592 conscien-

705 3644 806 3722 tia,
841 3644 1201 3723 incorrupto
1233 3639 1444 3702 animo
1476 3640 1793 3703 clementia
1815 3657 2015 3703 uestra
2039 3639 2281 3702 caelum
2301 3658 2545 3721 semper
2564 3637 2829 3720 aspiciat,
2861 3657 2895 3698 a
2918 3638 3053 3698 Deo
3073 3655 3313 3718 semper

707 3765 978 3832 expectet
1008 3748 1326 3826 auxilium,
1375 3747 1604 3808 Christi
1637 3748 2065 3810 uenerandum
2099 3765 2338 3808 numen
2370 3745 2657 3827 imploret
2688 3761 2745 3805 et
2777 3762 2890 3825 pro
2921 3744 3115 3805 salute
3147 3744 3312 3805 orbis

708 3874 1008 3919 terrarum
1040 3875 1109 3917 ac
1141 3870 1342 3916 uestra
1375 3854 1624 3916 salutari
1659 3855 1794 3916 Deo
1827 3853 2125 3937 spiritales
2157 3852 2372 3915 offerat
2405 3852 2704 3915 uictimas.
2739 3851 2825 3912 sic
2859 3850 3036 3912 uobis
3070 3849 3314 3911 feliciter

707 3979 929 4026 cuncta
961 3961 1349 4044 prouenient‚
1385 3960 1699 4040 uictoriae,
1734 3961 2074 4044 opulentia,
2110 3978 2245 4042 pax,
2293 3959 2489 4041 copia,
2534 3959 2757 4020 sanitas
2790 3973 2850 4019 et
2881 3957 3199 4039 triumphi,
3246 3972 3312 4017 ut

708 4070 922 4133 diuina
955 4068 1263 4131 maiestate
1297 4068 1572 4150 prouecti
1606 4070 1821 4131 orbem
1854 4084 2045 4129 terrae
2080 4065 2237 4128 felici
2269 4065 2626 4146 gubernetis
2658 4064 2939 4147 imperi0.
2993 4062 3050 4144 [l.
3088 4083 3138 4126 c.
3173 4083 3309 4145 pag.

721 4173 1099 4258 129—130.]

1697 4258 1790 4316 24.
1846 4255 2339 4314 THEMISTIUS.

869 4417 873 4420 ⁴
923 4386 953 4416 ‘
992 4384 1431 4454 Themistii‚
1471 4387 1784 4440 Orationes.
1821 4383 1929 4438 Ed.
1956 4380 2302 4438 Dindorf.
2354 4378 2580 4452 Lipsiae
2616 4378 2764 4451 1832.
2790 4379 2907 4434 XII.
2934 4395 2988 4451 p.
3024 4377 3313 4450 184—197.

710 4472 755 4526 L
774 4489 811 4525 u
827 4487 857 4523 z
874 4488 902 4525 z
921 4487 951 4524 a
970 4481 991 4524 t
1007 4470 1088 4541 ti,
1149 4468 1230 4522 Un
1259 4474 1595 4538 precursore
1630 4468 1772 4520 della
1809 4464 2002 4520 Iabertci
2038 4464 2101 4517 di
2131 4465 2406 4534 coscienffa
2429 4462 2774 4516 dimenticato
2811 4459 2891 4531 (in
2914 4464 3037 4515 Atti
3051 4462 3179 4514 dell'
3193 4461 3313 4514 Isti-

709 4557 826 4607 tuto
871 4554 1081 4606 Veneto.
1122 4549 1297 4603 Tom.
1323 4547 1406 4602 111.
1447 4546 1573 4602 Ser.
1600 4546 1650 4604 6.
1691 4562 1744 4617 p.
1774 4543 2095 4615 2164—90).
2145 4540 2469 4610 Ruffini‚
2509 4558 2554 4595 o.
2581 4562 2628 4594 c.
2668 4558 2722 4612 p.
2752 4558 2836 4613 31.

1346 4678 1459 4739 Ad
1507 4675 1923 4738 Valentem
1972 4674 2060 4735 de
2106 4670 2669 4753 religionibus.

925 4804 1243 4887 Sapienter
1273 4801 1455 4882 igitur
1486 4822 1520 4862 a
1551 4815 1609 4862 te
1642 4800 1962 4861 decretum
1993 4811 2103 4875 est,
2135 4811 2198 4858 vt
2230 4814 2419 4878 quam
2452 4794 2716 4876 quisque
2761 4793 3126 4877 religionem
3170 4811 3316 4876 pro-

712 4914 977 4977 babilem
1009 4911 1277 4988 duceret,
1311 4909 1387 4971 ad
1419 4928 1556 4971 eam
1588 4927 1652 4969 se
1685 4906 2066 4986 adiungeret,
2100 4904 2164 4965 in
2197 4922 2399 4984 eoque
2430 4901 2619 4964 animi
2638 4901 2734 4963 sui
2753 4899 3170 4982 tranquillitati
3189 4919 3317 4961 ser-
