3684 5416
392 1498 439 1529 10

391 2031 435 2075 ¹5

387 2566 440 2597 20

385 3089 446 3144 25'

383 3643 440 3689 30

384 4177 433 4221 35

1130 322 1395 376 Potestas
1435 321 1816 378 ecclesiastica
1857 336 1913 378 et
1950 322 2253 396 imperium
2293 323 2467 379 civile.
2997 342 3104 398 305

497 504 992 582 Dominantium,
1040 525 1355 567 sacrorum
1405 507 1785 587 templorum
1825 507 2186 571 immunitas
2217 510 2576 585 servabitur,
2612 508 2676 570 in
2708 526 3013 590 quantum
3046 510 3106 572 id

495 612 736 693 publica
767 613 1057 674 securitas
1091 629 1149 674 et
1180 632 1269 687 ea,
1302 633 1459 693 quae
1493 612 1722 690 justitia
1754 615 1958 696 exigit,
1992 615 2119 677 fieri
2151 616 2374 680 sinant.

706 725 834 781 Art.
871 720 1028 782 XVI.
1096 701 1596 799 Augustissim'us
1627 721 1965 802 Imperator
2009 742 2140 785 non
2188 723 2470 805 patietur,
2502 739 2567 785 ut
2600 723 2864 785 Ecclesia
2895 724 3106 785 catho-

494 826 603 888 lica
649 824 905 907 ejusque
955 827 1123 905 fides,
1173 828 1435 907 liturgia,
1471 828 1889 890 institutiones
1921 828 2047 890 sive
2079 829 2301 908 verbis,
2335 831 2461 892 sive
2498 831 2684 909 factis,
2715 833 2841 892 sive
2872 832 3109 912 scriptis

494 949 973 995 contemnantur
1017 952 1122 996 aut
1157 933 1565 998 Ecclesiarum
1603 935 1923 997 Antistites
1954 935 2051 998 vel
2083 936 2346 999 Ministri
2378 938 2443 998 in
2474 939 2816 999 exercendo
2848 957 3108 1000 munere

495 1059 609 1101 suo
654 1059 768 1121 pro
813 1041 1216 1104 custodienda
1264 1042 1619 1123 praesertim
1667 1042 1810 1103 fidei
1858 1061 1926 1104 ac
1960 1062 2209 1105 morum
2241 1044 2518 1106 doctrina
2551 1063 2607 1106 et
2640 1045 2959 1127 disciplina
2994 1046 3107 1106 Ec-

494 1146 706 1208 clesiae
753 1147 1185 1227 impediantur.
1250 1148 1508 1229 Insuper
1554 1148 1787 1226 efficax,
1820 1150 1871 1210 si
1906 1168 2069 1231 opus
2102 1149 2301 1225 fuerit,
2332 1151 2628 1214 auxilium
2663 1152 3005 1233 praestabit,
3044 1168 3109 1213 ut

493 1252 786 1314 sententia
818 1257 893 1315 ab
917 1255 1234 1336 Episcopis
1267 1256 1330 1316 in
1352 1255 1627 1317 Clericos
1647 1256 1999 1318 officiorum
2034 1257 2260 1320 oblitos
2290 1258 2443 1319 latae
2475 1258 2822 1321 executioni
2855 1260 3107 1320 deman-

492 1359 734 1422 dentur.
800 1361 1170 1423 Desiderans
1203 1379 1528 1444 praeterea,
1579 1379 1645 1424 ut
1684 1364 1927 1425 debitus
1958 1363 2122 1441 juxta
2153 1365 2356 1426 divina
2388 1366 2675 1427 mandata
2707 1366 2891 1427 sacris
2925 1366 3107 1427 Mini-

493 1468 629 1529 stris
665 1467 866 1529 bonor
896 1485 1189 1547 servetur,
1223 1489 1352 1532 non
1384 1471 1544 1532 sinet
1576 1471 1919 1552 quidquam
1947 1471 2095 1550 fieri,
2131 1473 2305 1553 quod
2328 1473 2599 1534 dedecus
2620 1474 2852 1535 eisdem
2873 1474 3106 1552 afferre,

495 1591 596 1650 aut
641 1594 748 1635 eos
796 1575 859 1635 in
906 1591 1340 1661 contemptum
1387 1578 1691 1640 adducere
1740 1578 1950 1659 possit,
1996 1580 2192 1641 immo
2239 1600 2386 1641 vero
2421 1579 2754 1658 mandabit,
2788 1596 2854 1642 ut
2886 1598 3106 1642 omnes

496 1682 737 1763 Imperii
772 1683 883 1745 Sui
917 1682 1309 1764 Magistratus
1344 1700 1403 1746 et
1436 1685 1583 1766 ipsis
1616 1685 2110 1768 Archiepiscopis
2143 1707 2251 1749 seu
2288 1687 2611 1769 Episcopis
2645 1705 2703 1749 et
2735 1688 2921 1749 Clero
2953 1709 3108 1768 qua-

494 1807 745 1869 cunque
779 1792 1103 1853 occasione
1136 1793 1537 1853 reverentiam
1570 1808 1756 1874 atque
1790 1794 2098 1854 honorem
2130 1813 2349 1855 eorum
2384 1794 2661 1874 dignitati
2694 1794 2970 1855 debitum
3005 1813 3107 1854 ex-

495 1896 761 1958 hibeant.

707 2008 836 2065 Art.
861 2003 1043 2064 XVII.
1078 2005 1415 2066 Seminaria
1450 2006 1820 2087 episcopalia
1851 2009 2403 2085 conservabuntur,
2427 2023 2484 2067 et
2506 2007 2610 2068 ubi
2634 2007 2868 2068 dotatio
2887 2026 3105 2069 eorum

495 2109 658 2170 baud
706 2110 884 2191 plene
931 2111 1193 2173 sufficiat
1226 2112 1353 2189 fini,
1403 2113 1502 2173 cui
1534 2114 1609 2174 ad
1644 2128 1919 2174 mentem
1952 2114 2100 2174 sacri
2135 2112 2398 2176 Concilii
2431 2112 2783 2175 Tridentini
2819 2113 3107 2175 inservire

494 2216 739 2294 debent,
791 2218 905 2299 ipsi
957 2219 1275 2297 augendae
1326 2238 1609 2298 congruo
1655 2220 1850 2281 modo
1897 2221 2334 2301 providebitur.
2399 2218 2713 2281 Praesules
2760 2220 3105 2281 dioecesani

493 2322 708 2386 eadem
740 2323 905 2401 juxta
937 2345 1253 2388 sacrorum
1287 2327 1619 2388 Canonum
1652 2345 1940 2388 normam
1973 2326 2161 2407 pleno
2193 2343 2248 2388 et
2277 2327 2472 2388 libero
2508 2325 2636 2404 jure
2669 2328 3108 2406 gubernabunt

493 2448 549 2491 et
594 2432 1126 2495 administrabunt.
1189 2433 1375 2513 Igitur
1423 2434 1880 2515 praedictorum
1920 2433 2410 2496 Seminariorum
2456 2450 2720 2496 rectores
2766 2449 2825 2495 et
2872 2433 3107 2515 profes-

494 2557 660 2599 sores
707 2559 815 2599 seu
863 2540 1187 2619 magistros
1235 2540 1669 2620 nominabunt,
1717 2556 1776 2602 et
1822 2542 2321 2622 quotiescunque
2369 2542 2781 2603 necessarium
2828 2558 2931 2603 aut
2967 2541 3108 2601 utile

495 2648 568 2706 ab
602 2645 747 2727 ipsis
781 2647 1145 2727 censebitur,
1180 2650 1608 2708 removebunt.
1675 2647 2118 2710 Adolescentes
2149 2663 2207 2710 et
2239 2667 2465 2731 pueros
2501 2648 2561 2710 in
2596 2648 2666 2710 iis
2689 2647 3111 2710 efformandos

496 2755 804 2834 recipient,
858 2772 1041 2836 prout
1088 2756 1491 2817 Dioecesibus
1540 2756 1668 2817 suis
1715 2756 1997 2837 expedire
2043 2757 2107 2818 in
2156 2757 2430 2819 Domino
2481 2756 2899 2835 judicaverint.
2978 2755 3109 2830 Qui

495 2861 709 2922 studiis
741 2863 806 2923 in
839 2862 1193 2924 Seminariis
1226 2864 1393 2924 hisce
1427 2863 1790 2939 vacaverint,
1821 2863 1898 2924 ad
1930 2863 2173 2925 scholas
2206 2864 2362 2925 alius
2396 2863 2828 2946 cujuscunque
2851 2863 3108 2925 instituti

497 2969 741 3046 praevio
787 2969 1130 3031 idoneitatis
1164 2971 1442 3031 examine
1476 2971 1713 3031 admitti
1750 2990 1866 3032 nec
1898 2990 2027 3032 non
2060 2971 2308 3033 servatis
2339 2973 2656 3033 servandis
2691 2990 2805 3054 pro
2838 2971 3110 3051 qualibet

494 3091 656 3138 extra
690 3077 1101 3139 Seminarium
1136 3079 1419 3139 cathedra
1454 3096 1821 3140 concurrere
1858 3094 2163 3160 poterunt.

705 3189 832 3246 Art.
864 3184 1075 3248 XVIII.
1126 3185 1342 3247 Sancta
1371 3184 1585 3270 Sedes,
1632 3186 1886 3265 proprio
1934 3200 2117 3246 utens
2148 3184 2298 3263 jure,
2333 3206 2526 3248 novas
2560 3185 2887 3247 Dioeceses
2920 3186 3110 3265 eriget

492 3311 559 3351 ac
605 3309 796 3352 novas
843 3291 1203 3352 earumdem
1252 3308 1498 3372 peraget
1545 3291 2163 3372 circumscriptiones,
2209 3312 2355 3353 cum
2389 3292 2451 3353 id
2485 3292 2795 3373 spirituale
2832 3290 3109 3352 fidelium

492 3398 735 3458 bonum
786 3396 1198 3477 postulaverit.
1277 3399 1721 3459 Verumtamen
1773 3398 2030 3478 quando
2080 3397 2140 3458 id
2195 3398 2534 3476 contigerit,
2590 3418 2731 3459 cum
2787 3398 3109 3460 Gubernio

495 3500 803 3585 Imperiali
835 3505 1087 3566 consilia
1122 3505 1414 3565 conferet.

707 3617 835 3673 Art.
857 3612 1013 3674 XIX.
1051 3611 1334 3687 Maiestas
1367 3611 1490 3673 Sua
1522 3612 1819 3673 Caesarea
1855 3612 1919 3671 in
1966 3610 2295 3690 seligendis
2328 3611 2667 3692 Episcopis,
2704 3630 2868 3690 quos
2901 3610 3109 3689 vigore

493 3718 792 3800 privilegii
824 3719 1163 3800 Apostolici
1195 3740 1227 3780 a
1262 3718 1678 3781 Serenissimis
1709 3718 2217 3779 Antecessoribus
2251 3718 2392 3779 Suis
2425 3718 2500 3778 ad
2534 3717 2732 3797 Ipsam
2768 3717 3043 3778 devoluti
3076 3738 3107 3776 a

493 3826 713 3888 Sancta
765 3827 923 3888 Sede
974 3827 1269 3889 canonice
1321 3826 1736 3889 instituendos
1788 3843 2127 3908 praesentat
2177 3845 2286 3888 seu
2339 3825 2649 3903 nominat,
2702 3825 3110 3906 imposterum

491 3954 747 4014 quoque
781 3934 1141 3996 Antistitum
1174 3934 1477 4015 imprimis
1511 3932 2134 4015 comprovincialium
2166 3933 2425 3994 consilio
2458 3948 2681 3993 utetur.

704 4048 832 4102 Art.
871 4042 1005 4103 XX.
1069 4041 1495 4122 Metropolitae
1543 4061 1612 4102 ac
1660 4041 1967 4122 Episcopi,
2015 4056 2344 4122 antequam
2396 4039 2807 4100 Ecclesiarum
2855 4058 3109 4099 suarum

489 4148 904 4227 gubernacula
955 4148 1314 4230 suscipiant,
1369 4168 1581 4210 coram
1633 4149 1929 4210 Caesarea
1978 4147 2291 4225 Maiestate
2342 4147 2647 4208 fidelitatis
2696 4145 3110 4222 juramentum

491 4255 768 4317 emittent
813 4255 1218 4336 sequentibus
1267 4256 1466 4317 verbis
1513 4274 1905 4336 expressum:
1976 4255 2147 4334 «Ego
2186 4253 2325 4332 juro
2358 4272 2415 4316 et
2450 4253 2745 4334 promitto
2778 4255 2853 4314 ad
2889 4255 3106 4315 Sancta

494 4365 604 4426 Dei
638 4363 985 4442 Evangelia,
1022 4362 1176 4424 sicut
1208 4363 1381 4424 decet
1412 4363 1815 4443 Episcopum,
1851 4361 2268 4423 obedientiam
2300 4377 2359 4423 et
2393 4361 2751 4423 fidelitatem
2773 4362 3108 4423 Caesareo-

494 4472 718 4552 Regiae
751 4468 1142 4551 Apostolicae
1178 4467 1477 4546 Maiestati
1527 4484 1585 4528 et
1618 4468 2091 4530 Successoribus
2125 4468 2298 4542 Suis;
2356 4467 2493 4546 juro
2527 4468 2672 4529 item
2705 4484 2764 4529 et
2799 4468 3109 4549 promittO,

491 4598 589 4639 me
638 4577 875 4639 nullam
921 4575 1559 4637 communicationem
1606 4575 1964 4636 habiturum
2012 4573 2289 4654 nullique
2338 4574 2597 4635 consilio
2643 4574 3106 4650 interfuturum.

490 4686 664 4766 quod
706 4682 1123 4764 tranquillitati
1173 4681 1454 4762 publicae
1504 4696 1742 4758 noceat,
1788 4681 2150 4761 nullamque
2183 4698 2535 4762 suspectam
2568 4682 2872 4743 unionem
2905 4701 3107 4760 neque

492 4794 646 4854 intra
678 4811 881 4872 neque
914 4805 1075 4850 extra
1110 4788 1354 4870 Imperii
1388 4787 1609 4849 limites
1641 4802 2171 4864 conservaturum,
2210 4803 2393 4868 atque
2424 4789 2473 4850 si
2509 4788 2829 4870 publicum
2854 4788 3106 4867 aliquod

492 4899 839 4982 periculum
860 4898 1182 4961 imminere
1205 4897 1570 4976 resciverim,
1596 4917 1694 4958 me
1727 4898 1805 4958 ad
1828 4896 1978 4958 illud
2001 4898 2405 4958 avertendum
2421 4897 2573 4958 nihil
2591 4896 3054 4957 ommissurum.
3071 4921 3096 4947 1>

704 5018 745 5063 G
763 5019 856 5062 ala
871 5027 999 5063 nte:
1044 5019 1211 5063 Fontes
1239 5019 1321 5071 jur.
1350 5031 1447 5062 can.
2756 5015 2825 5050 20
