3684 5416
633 360 723 396 122
1259 345 1522 399 Potestas
1563 342 1940 399 ecclesiastica
1982 355 2037 398 et
2075 343 2377 413 imperium
2417 344 2593 399 civile.

625 544 769 586 nere
804 525 1055 601 deberit,
1086 543 1144 588 et
1175 528 1250 588 ad
1286 528 1542 589 baselica
1577 528 1695 597 illa,
1729 535 1837 589 aut
1868 527 2259 604 monasterio,
2293 528 2595 589 deservire
2628 527 2886 600 deberit;
2921 527 3098 608 quod
3117 546 3230 588 nos

623 648 873 712 propter
920 652 1150 694 nomen
1191 633 1444 694 Domini
1492 635 1613 695 boc
1658 635 1859 696 eidem
1905 633 2159 714 gratanti
2207 634 2415 695 animo
2464 636 2807 714 prestetisse
2858 634 3229 715 cognuscite.

622 736 1032 818 Precipientes
1076 759 1225 820 ergo
1271 740 1576 816 iobemus,
1625 757 1709 818 ut,
1755 761 1819 802 se
1856 757 2238 802 memoratus
2270 740 2367 802 ille
2403 741 2477 801 de
2512 758 2694 823 caput
2727 760 2910 802 suum
2946 743 3103 801 bene
3136 740 3228 801 in-

620 863 863 923 genuus
911 865 1041 908 esse
1091 848 1334 910 videtur
1383 865 1440 908 et
1490 848 1553 909 in
1603 847 1916 930 poleptico
1964 848 2217 929 publico
2264 849 2532 911 censitus
2580 868 2711 910 non
2758 865 2865 920 est,
2912 847 3231 910 licenciam

621 951 839 1013 habeat
883 971 1126 1015 comam
1173 954 1384 1034 capitis
1431 956 1525 1015 sui
1572 957 1877 1017 tunsorari
1926 970 1984 1016 et
2026 956 2101 1016 ad
2135 957 2541 1036 suprascribta
2575 956 2852 1029 baselica,
2886 955 2984 1015 vel
3013 974 3224 1015 mona·

619 1059 824 1138 sterio,
871 1060 1172 1122 deservire
1218 1063 1311 1122 vel
1348 1081 1458 1141 pro
1494 1062 1676 1124 nobis
1709 1062 1964 1124 Domini
1999 1063 2413 1125 misericordia
2447 1063 2752 1124 adtentius
2784 1080 3047 1122 exorare.
3094 1059 3149 1141 [1.
3182 1079 3228 1120 c.

620 1186 754 1247 pag·
795 1166 1092 1247 55-56·]

1104 1383 1198 1442 87.
1252 1386 1728 1441 cnorumn
1767 1388 1831 1442 11
1869 1385 2214 1443 Emeum
2254 1386 2408 1456 (614.
2448 1386 2579 1443 ont.
2622 1389 2736 1457 18).

833 1544 862 1577 *
902 1543 1241 1615 Capitularia
1281 1561 1474 1615 regum
1492 1545 1860 1613 francorum.
1900 1545 1989 1599 ed.
2022 1544 2376 1600 Boretius
2418 1547 2688 1610 (Monam.
2728 1546 2926 1599 Germ.
2964 1544 3085 1597 hist.
3124 1543 3220 1596 Le·

519 1648 566 1679 ιο
613 1641 754 1694 gum
774 1626 914 1678 Sect.
935 1626 1025 1689 II).
1053 1627 1121 1678 Ἰ“.
1146 1627 1181 1679 Ι.
1204 1642 1258 1696 p.
1282 1643 1507 1697 20—23.
1551 1627 1594 1679 B
1612 1642 1639 1681 r
1656 1644 1691 1680 u
1709 1643 1746 1680 n
1764 1643 1800 1680 n
1819 1643 1851 1680 e
1871 1644 1898 1680 r
1915 1667 1928 1689 ‚
1966 1627 2126 1680 Deut.
2154 1626 2678 1697 Rechtsgesehichte.
2702 1626 2739 1680 1.
2770 1627 2887 1697 376.
2917 1625 2978 1680 11.
3014 1642 3091 1680 to.
3122 1643 3134 1678 1
3157 1641 3230 1694 ¹3·

518 2058 561 2101 ι5

512 2555 566 2586 20

508 3108 556 3151 25

507 3657 560 3702 30

508 4192 556 4235 35

619 1704 1030 1768 Schrbder‚
1066 1705 1343 1759 Lehrbuch
1405 1706 1440 1775 g
1481 1724 1563 1777 25.
1641 1705 2084 1770 Hinschius,
2128 1707 2537 1761 Kirclzenreclzt.
2582 1706 2674 1760 IV.
2719 1706 2824 1779 857
2868 1722 2990 1777 seq.
3051 1704 3227 1758 Loe-

621 1801 655 1838 n
673 1784 743 1838 in
760 1800 798 1855 g
816 1825 828 1845 ,
855 1785 1183 1839 Gesclu'cltte
1201 1786 1296 1838 des
1319 1786 1461 1840 deut.
1479 1786 1918 1840 lo‘rchenrechts.
1945 1785 2007 1840 11.
2038 1805 2093 1857 5¹
2118 1805 2154 1838 ι.
2187 1787 2256 1837 W
2277 1805 2306 1840 e
2326 1786 2412 1857 y1‚
2438 1787 2631 1840 Frank.
2656 1783 3227 1840 Staatskirchenrecht.

620 1868 656 1934 ξ
681 1868 731 1920 6.
783 1866 824 1922 S
841 1885 876 1921 o
891 1866 928 1921 h
946 1883 1003 1920 m
1021 1907 1034 1929 ‚
1074 1869 1176 1921 Die
1206 1867 1490 1937 get‘stliclee
1517 1868 1997 1922 Gerichtsbarkeit
2029 1870 2102 1921 im
2122 1868 2495 1938 frt‘inkisclten
2521 1868 2718 1922 Reiche
2753 1865 3102 1936 (Zeitscltrift
3114 1864 3229 1935 far

620 1948 1029 2002 Kirchenrecltt.
1083 1948 1174 2003 tx.
1216 1965 1268 2019 p.
1313 1966 1416 2004 210
1455 1953 1606 2020 seq.)
1672 1947 1910 2012 Nissl,
1949 1950 2068 2003 Der
2105 1949 2536 2004 Gerichtsstand
2568 1948 2663 2001 des
2702 1947 2897 2002 Clerus
2932 1949 3007 2000 im
3026 1945 3229 2015 staink-

620 2029 784 2084 Reiclt
812 2029 1126 2083 lnnsbruck
1159 2027 1304 2084 1886.
1334 2045 1389 2100 p.
1422 2047 1435 2082 ι
1448 2045 1517 2099 50
1543 2046 1662 2099 seq.
1715 2027 1787 2082 Id
1807 2045 1837 2083 e
1856 2046 1915 2082 m
1932 2070 1944 2091 ‚
1983 2031 2097 2083 Zur
2123 2029 2449 2084 Gescln’clzte
2473 2029 2567 2081 des
2592 2026 3026 2080 chlotharischen
3054 2026 3229 2078 Edlkts

619 2126 718 2164 von
755 2110 864 2179 614
900 2109 983 2175 (in
1022 2109 1439 2179 Mittlteilungen
1477 2110 1572 2162 des
1611 2111 1859 2164 Instituts
1876 2111 1997 2180 fiir
2034 2115 2230 2164 o'sterr.
2259 2107 2897 2178 Geschiclztsforsclmng
2928 2124 2983 2179 3.
3013 2107 3226 2175 Ergc'in-

621 2192 943 2262 {ungsband
991 2190 1271 2262 1890-4).
1325 2191 1369 2244 Β
1388 2207 1419 2244 ε
1436 2207 1467 2243 a
1485 2208 1520 2243 u
1539 2207 1569 2244 c
1586 2190 1622 2244 h
1640 2203 1738 2254 et,
1779 2193 2044 2261 Origines
2081 2192 2148 2243 de
2185 2193 2239 2244 la
2256 2191 2577 2263 juridtetibn
2603 2190 3022 2258 e'cclesiash'que.
3059 2186 3229 2253 (Nou-

618 2274 748 2325 velle
784 2289 942 2326 revue
977 2271 1170 2326 histor.
1210 2270 1328 2325 Vn.
1366 2269 1540 2342 1883).

617 2408 862 2493 Incipit
923 2415 1206 2475 actuum
1266 2408 1383 2472 vel
1445 2407 2022 2474 constitutionem
2071 2407 2322 2493 inclyti
2360 2409 2710 2493 principis
2756 2403 3223 2472 Clothacharii

617 2515 802 2601 regis
861 2534 1072 2600 super
1132 2533 1419 2580 omnem
1477 2512 1752 2598 plebem
1801 2517 1875 2580 in
1923 2519 2272 2581 conventu
2319 2518 2813 2600 episcoporum
2861 2513 2933 2578 in
2979 2512 3227 2578 sinodo

618 2623 925 2690 Parisius
984 2622 1327 2700 adunata,
1391 2622 1523 2686 sub
1587 2620 1699 2686 die
1759 2605 2281 2706 quintodecimo
2344 2620 2496 2686 Kal.
2558 2619 2982 2686 Novembris
3043 2637 3225 2685 anno

1024 2730 1395 2796 trecesimo
1446 2730 1671 2814 primo
1719 2730 2166 2815 suprascripti
2213 2730 2399 2815 regis
2445 2729 2838 2813 imperium.

834 2865 1200 2926 Felicitatem
1248 2866 1419 2944 regui
1467 2864 1657 2926 nostri
1705 2865 1768 2925 in
1816 2865 1935 2926 hoc
1985 2865 2303 2945 magisque
2337 2865 2621 2926 divinum
2657 2866 3066 2926 intercedente
3099 2863 3222 2924 suf·

616 2972 881 3053 fragium
916 2991 1293 3032 succrescere
1328 2989 1456 3031 non
1491 2970 1754 3033 dubium
1792 2989 1900 3034 est.
1936 2972 1983 3032 si
2018 2992 2141 3052 qua
2177 2971 2239 3031 in
2274 2991 2484 3051 regno,
2511 2972 2645 3032 Deo
2668 2972 2967 3052 propiciO,
3001 2986 3227 3048 nostro,

614 3081 771 3140 bene
806 3096 954 3156 acta,
989 3094 1206 3139 statuta
1241 3093 1425 3159 atque
1460 3080 1699 3139 decreta
1729 3095 1895 3152 sunt,
1934 3078 2369 3139 inviolabiliter
2393 3095 2606 3139 nostro
2628 3078 3056 3140 studuerimus
3075 3093 3226 3138 tem-

616 3205 766 3266 pore
799 3186 1142 3259 custodire;
1200 3201 1257 3245 et
1289 3186 1465 3265 quod
1500 3201 1708 3245 contra
1745 3186 1998 3246 rationis
2031 3185 2314 3246 ordinem
2352 3202 2484 3245 acta
2519 3186 2612 3245 vel
2648 3186 2923 3246 ordinata
2957 3201 3123 3262 sunt,
3157 3203 3231 3245 ne

613 3295 881 3370 inantea,
917 3293 1092 3373 quod
1126 3309 1350 3353 avertat
1383 3292 1683 3371 divinitas,
1719 3293 2055 3374 contingat,
2088 3292 2515 3371 disposuimus
2537 3292 2787 3353 Christo
2822 3291 3095 3372 praesole
3128 3310 3233 3371 per

617 3400 803 3461 huius
837 3399 1013 3461 edicti
1046 3401 1240 3461 nostri
1273 3416 1549 3460 tenorem
1585 3400 1952 3477 generaliter
1982 3399 2327 3459 emendare.

839 3546 887 3587 1.
939 3526 1214 3606 Ideoque
1260 3524 1637 3586 definitionis
1685 3542 1926 3586 nostrae
1972 3539 2078 3601 est,
2128 3540 2194 3584 ut
2240 3543 2551 3584 canonum
2586 3537 2804 3584 statuta
2837 3523 2902 3584 in
2935 3524 3228 3584 omnibus

614 3648 1072 3711 conserventur,
1129 3648 1186 3695 et
1233 3633 1407 3713 quod
1455 3652 1562 3713 per
1607 3649 1886 3714 tempore
1938 3653 2008 3694 ex
2055 3633 2175 3694 hoc
2220 3632 2717 3712 praetermissum
2753 3647 2843 3693 est
2875 3632 2971 3693 vel
3002 3632 3229 3692 dehaec

616 3741 1048 3822 perpetualiter
1093 3756 1520 3813 conservetur;
1574 3740 1652 3801 ita
1699 3758 1764 3801 ut
1810 3740 2105 3820 episcopo
2152 3741 2486 3801 decedente
2527 3741 2589 3801 in
2622 3740 2769 3803 loco
2801 3743 3023 3823 ipsius,
3056 3741 3163 3821 qui
3197 3760 3228 3801 a

616 3847 1091 3927 metropolitano
1139 3846 1410 3908 ordinari
1457 3846 1674 3906 debeat
1720 3864 1866 3907 cum
1901 3846 2400 3926 provittcialibu5‚
2436 3868 2468 3907 a
2502 3847 2666 3908 clero
2699 3854 2761 3907 et
2775 3849 3007 3929 populo
3041 3846 3222 3926 eliga-

614 3970 746 4029 tur3
790 3955 839 4015 si
876 3973 1133 4035 persona
1169 3952 1474 4034 condigna
1511 3952 1708 4025 fuerit,
1742 3972 1849 4032 per
1881 3952 2333 4014 ordinationem
2369 3953 2661 4034 principis
2693 3954 3038 4027 ordinetur;
3074 3968 3229 4015 certe

615 4062 664 4122 si
698 4063 774 4123 de
809 4061 1034 4141 palatio
1067 4060 1328 4140 eligitur,
1363 4079 1471 4139 per
1503 4060 1792 4121 meritum
1826 4079 2125 4141 personae
2158 4078 2214 4122 et
2248 4054 2559 4122 doctrinae
2593 4062 2929 4126 ordinetur.

833 4188 888 4229 2.
945 4168 1025 4229 Ut
1073 4166 1282 4228 nullus
1327 4167 1769 4246 episcoporum
1819 4186 1884 4226 se
1932 4168 2170 4228 vivente
2220 4168 2401 4248 eligat
2448 4188 2885 4246 successorem,
2933 4170 3039 4231 sed
3085 4186 3230 4231 tunc

617 4276 770 4336 alius
817 4275 870 4334 ei
919 4273 1338 4351 substituatur,
1386 4293 1531 4335 cum
1565 4273 1759 4334 taliter
1791 4273 2155 4351 afficeretur,
2191 4290 2258 4335 ut
2291 4277 2610 4337 ecclesiam
2642 4295 2818 4338 suam
2851 4296 2963 4337 nec
2997 4276 3227 4338 clerum

616 4401 821 4461 regere
874 4380 1081 4460 possit.
1146 4381 1438 4461 ldemque
1491 4398 1559 4442 ut
1606 4382 1815 4443 nullus
1863 4382 2102 4443 vivente
2152 4382 2449 4464 episcopo
2496 4384 2788 4464 adoptare
2836 4383 3044 4446 locum
3095 4384 3227 4445 eius

616 4503 995 4569 praesumat;
1032 4487 1207 4567 quod
1239 4489 1288 4549 si
1324 4488 1575 4568 petierit,
1610 4489 1663 4550 ei
1701 4489 1970 4550 menime
2004 4489 2321 4551 tribuatur.

832 4615 886 4674 3.
934 4594 997 4655 Si
1045 4595 1186 4675 quis
1231 4595 1521 4671 clerecus‚
1570 4597 1853 4677 quolibet
1899 4598 2135 4658 honore
2170 4598 2467 4671 monitus,
2504 4598 2567 4658 in
2600 4598 2901 4660 contimtu
2936 4597 3230 4678 episcopo

615 4722 732 4764 suo
779 4701 873 4762 vel
923 4703 1370 4782 praetermisso,
1419 4704 1496 4765 ad
1543 4705 1883 4786 principem
1934 4719 2039 4764 aut
2085 4704 2160 4765 ad
2208 4705 2573 4784 potentioris
2620 4724 2903 4786 quasque
2937 4723 3229 4784 personas

615 4811 930 4871 ambulare
963 4810 1058 4871 vel
1091 4810 1204 4871 sibi
1240 4807 1574 4890 patrocinia
1605 4811 1854 4890 elegerit
1886 4811 2322 4891 expetendum,
2371 4831 2501 4873 non
2534 4811 2875 4892 recipiatur,
2912 4826 3145 4892 praeter
3175 4809 3227 4870 si

617 4935 730 4997 pro
762 4916 1001 4977 veniam
1035 4917 1292 4977 vedetur
1324 4930 1620 4997 expetere.
1682 4917 1759 4978 Et
1804 4917 1854 4978 si
1887 4935 2001 4998 pro
2034 4918 2309 4997 qualebit
2339 4937 2521 4980 causa
2554 4920 2631 4980 ad
2667 4918 3012 4999 principem
3042 4935 3226 4998 expe-
