3684 5416
514 1567 563 1597 ΙΟ

508 2636 562 2666 20

631 410 690 461 ¹4

1586 400 1832 456 Ecclesia
1862 397 2268 470 antiquissima.

617 572 757 650 γίαι
791 571 1151 656 δεδομέναι
1186 578 1369 651 εἰσίν,
1392 580 1501 641 καὶ
1526 585 1667 656 τοῖς
1688 580 1894 657 ἱερεῦ·
1953 580 2285 641 ministeria
2334 580 2725 640 incumbunt.
2797 579 2993 640 homo
3039 579 3231 639 laicus

617 695 727 739 σιν
794 679 967 759 ἴδιος
1019 684 1058 743 ὸ
1105 684 1314 761 τόπος
1378 688 1892 763 προστέτακται,
1954 686 2290 769 praeceptis
2321 686 2485 747 laicis
2515 685 2968 765 constringitur.

616 785 728 847 καὶ
752 786 1068 865 Λευίταις
1091 789 1250 852 ἴδιαι
1272 790 1604 854 διακονίαι
1628 796 1894 856 ἐπικειν-

617 912 754 955 ται·
808 894 847 954 ό
897 894 1130 972 λαῖκὸς
1176 898 1540 975 ἄνθρωπος
1584 904 1725 976 τοῖς
1762 901 1894 962 λαῖ-

616 1003 765 1077 κοίς
794 1004 1310 1084 προστάγμασιν
1341 1004 1631 1069 δέδεται.

708 1111 886 1171 XLII.
956 1108 1039 1170 Οἱ
1092 1110 1461 1173 ἀπόστολοι
1517 1114 1665 1194 ἡμῖν
1705 1115 1893 1190 εὐηγ-

616 1214 1035 1293 γελίσθησαν
1068 1217 1203 1278 ἀπὸ
1238 1221 1357 1281 τοῦ
1389 1220 1630 1297 κυρίου
1668 1221 1894 1298 Ἰησοῦ

618 1321 940 1399 Χριστοῦ,
998 1323 1263 1402 Ἰησοῦς
1315 1326 1354 1385 ὁ
1409 1327 1707 1404 Χριστός
1738 1328 1894 1406 ,ἀπὸ

617 1430 737 1489 τοῦ
771 1430 939 1490 θεοῦ
973 1430 1373 1512 ἐξεπέμφθη.
1428 1457 1481 1497 2.
1520 1434 1559 1491 ‹‘›
1594 1434 1895 1512 Χριστὸς

617 1534 742 1595 οῦν
788 1535 923 1596 ἀπὸ
972 1540 1090 1598 τοῦ
1122 1539 1312 1611 θεοῦ,
1351 1539 1462 1601 καὶ
1511 1540 1573 1602 οἱ
1608 1540 1893 1603 ἀπόστο-

617 1641 720 1702 λοι
755 1642 892 1703 ἀπὸ
914 1647 1035 1705 τοῦ
1058 1644 1392 1722 Χριστοῦ·
1430 1649 1749 1724 ἐγένοντο
1769 1648 1896 1710 οῦν

618 1749 978 1830 ἀμφότερα
1024 1753 1363 1831 εὐτάκτως
1404 1757 1482 1817 ἐκ
1513 1756 1897 1837 θελήματος

618 1858 805 1919 θεοῦ.
877 1880 930 1940 3.
972 1861 1438 1940 παραγγελίας
1489 1861 1613 1924 οὖν
1661 1862 1894 1947 λαβόν·

617 1983 729 2040 τες
774 1963 885 2024 καὶ
933 1966 1576 2048 πληροφορηθέντες
1623 1967 1737 2030 διὰ
1775 1972 1897 2048 τῆς

540 2102 559 2135 z
618 2071 1068 2149 ἀναστάσεως
1095 2075 1216 2134 τοῦ
1235 2074 1474 2150 κυρίου
1492 2074 1720 2153 Ἰησοῦ
1742 2076 1894 2153 Χρι-

618 2182 784 2240 στοῦ
830 2179 942 2241 καὶ
988 2184 1434 2259 πιστωθέντες
1482 2183 1556 2243 ἐν
1588 2182 1678 2263 τῷ
1710 2181 1895 2264 λόγῳ

617 2288 735 2347 τοῦ
769 2288 958 2358 θεοῦ,
1008 2289 1174 2368 μετὰ
1203 2287 1675 2369 πληροφορίας
1706 2289 1894 2350 πνεύ-

617 2414 827 2474 ματος
848 2393 1048 2472 ἁγίου
1079 2396 1367 2472 ἐξῆλθον
1391 2395 1893 2474 εῦεῦαγγελιζό-

618 2522 800 2581 μενοι
847 2500 966 2580 τὴν
1017 2502 1366 2585 βασιλείαν
1399 2505 1517 2563 τοῦ
1551 2504 1718 2564 θεοῦ
1754 2504 1894 2582 μέλ-

615 2608 755 2669 λειν
802 2607 1142 2686 ἔρχεσθαι.
1194 2633 1252 2690 4.
1302 2609 1479 2671 κατὰ
1511 2607 1739 2686 χώρας
1772 2608 1896 2671 οῦν

614 2715 725 2776 καὶ
748 2716 977 2793 πόλεις
995 2715 1462 2795 κηρύσσοντες
1481 2716 1897 2778 καθίστανον

617 2822 741 2899 τὰς
773 2823 1088 2901 ἀπαρχὰς
1123 2824 1363 2896 αὐτῶν,
1399 2821 1896 2905 δοκιμάσαντες

617 2930 706 3009 τῷ
761 2928 1098 3011 πνεύματι,
1164 2931 1260 3006 εἰς
1311 2928 1722 3006 ἐπισκόπους
1781 2930 1894 2992 καὶ

617 3034 987 3113 διακόνους
1003 3037 1133 3097 τῶν
1150 3036 1527 3118 μελλόντων
1542 3036 1893 3099 πιστεύειν.

508 3170 557 3212 25
625 3168 678 3224 5.
714 3142 824 3204 καὶ
860 3146 1061 3204 τοῦτο
1095 3147 1179 3205 οῦ
1212 3143 1493 3219 καινῶς·
1531 3143 1608 3203 ἐκ
1638 3142 1777 3221 γὰρ
1809 3141 1895 3220 δὴ

617 3250 883 3311 πολλῶν
960 3249 1222 3328 χρόνων
1301 3250 1683 3328 ἐγέγραπτο
1746 3248 1896 3326 περὶ

619 3356 999 3419 ἐπισκόπων
1060 3356 1172 3417 καὶ
1240 3355 1595 3418 διακόνων.
1678 3355 1899 3433 οὕτως

618 3465 756 3542 γάρ
816 3484 945 3525 που
994 3464 1173 3540 λέγει
1238 3464 1275 3539 ἡ
1323 3463 1593 3542 γραφή·
1676 3464 1897 3524 Κατα-

619 3570 847 3647 στήσω
896 3568 1058 3647 τοὺς
1109 3569 1521 3647 ἐπισκόπους
1555 3570 1776 3631 αὐτῶν
1825 3572 1900 3630 ἐν

520 3704 563 3736 υ
619 3676 1016 3758 δικαιοσύνῃ
1048 3676 1160 3739 καὶ
1193 3675 1354 3754 τοὺς
1387 3675 1756 3754 διακόνους
1787 3698 1898 3739 αυ·

619 3784 749 3846 τῶν
782 3786 857 3846 ἐν
889 3783 1118 3848 πίστει.

707 3895 910 3956 XLIil.
964 3892 1097 3953 Καὶ
1129 3891 1187 3954 τί
1217 3891 1616 3973 θαυμαστὸν
1651 3893 1706 3954 εἰ
1740 3892 1801 3952 οἱ
1825 3894 1899 3952 ἐν

620 4001 889 4080 Χριστῷ
956 3999 1432 4076 πιστευθέντες
1494 3999 1683 4077 παρὰ
1729 4000 1898 4060 θεοῦ

619 4107 826 4186 ἔργον
842 4110 1110 4169 τοιοῦτο
1125 4107 1556 4183 κατέστησαν
1571 4104 1732 4183 τοὺς
1743 4126 1899 4183 προ-

511 4239 561 4282 '33
621 4215 1051 4298 ειρημένους;
1101 4215 1279 4276 ὅπου
1324 4214 1435 4274 καὶ
1484 4214 1524 4274 ὸ
1564 4213 1900 4295 μακάριος

619 4321 855 4398 πιστὸς
904 4321 1224 4398 θεράπων
1279 4321 1353 4380 ἐν
1403 4320 1540 4400 ὅλῳ
1592 4320 1681 4399 τῷ
1733 4318 1897 4400 οἴκῳ

621 4431 924 4508 Μωϋσῆς
1001 4428 1085 4490 τὰ
1161 4426 1653 4507 διατεταγμένα
1716 4427 1898 4506 αὐτῷ

621 4537 839 4599 πάντα
884 4533 1349 4616 ἐσημειώσατο
1398 4535 1471 4594 ἐν
1501 4537 1649 4610 ταῖς
1682 4532 1899 4611 ἱεραῖς

626 4645 902 4729 βίβλοις,
954 4640 1008 4724 ᾧ
1057 4642 1168 4704 καὶ
1222 4639 1789 4718 ἐπηκολούθησαν
1834 4640 1896 4701 οἱ

620 4750 835 4813 λοιποὶ
868 4752 1229 4830 προφῆται,
1250 4750 1897 4829 συνεπιμαρτυροῦν-

621 4878 733 4935 τες
782 4861 923 4933 τοῖς
974 4855 1076 4917 ὑπ’
1120 4856 1332 4916 αὑτοῦ
1378 4854 1896 4936 νενομοθετημέ·

621 4985 783 5042 νοις.
841 4987 892 5027 2.
944 4964 1205 5038 ἐκεῖνος
1250 4962 1405 5039 γάρ,
1452 4960 1663 5038 ζήλου
1712 4963 1895 5044 ἐμπε-

2041 1113 2216 1174 XLII.
2300 1111 2582 1193 Apostoli
2676 1112 2856 1173 nobis
2932 1111 3227 1191 evangelii

1953 1220 2399 1301 praedicatores
2433 1219 2572 1280 facti
2593 1236 2739 1279 sunt
2759 1240 2790 1279 a
2813 1219 3074 1280 domino
3095 1218 3227 1279 Iesu

1951 1326 2225 1401 Christo,
2273 1327 2439 1387 Iesus
2471 1326 2754 1388 Christus
2802 1326 3026 1386 missus
3072 1341 3162 1386 est
3195 1346 3226 1385 a

1951 1435 2089 1495 deo,
2130 1453 2183 1495 2.
2214 1433 2499 1495 Christus
2531 1434 2715 1513 igitur
2746 1455 2779 1494 a
2812 1433 2951 1509 dee,
2988 1449 3044 1492 et
3077 1452 3226 1512 apo·

1950 1542 2089 1603 stoli
2124 1563 2156 1601 a
2189 1541 2470 1615 Christo;
2512 1556 2571 1601 et
2604 1539 2833 1601 factum
2865 1556 2956 1601 est
2987 1556 3226 1600 utrum-

1952 1668 2074 1729 que
2107 1648 2436 1709 ordinatim
2461 1667 2532 1707 ex
2553 1647 2866 1708 voluntate
2887 1646 3002 1706 dei.
3041 1666 3097 1726 3.
3119 1646 3228 1706 ita-

1952 1774 2075 1835 que
2127 1755 2388 1836 acceptis
2439 1753 2741 1814 mandatis
2786 1768 2846 1814 et
2885 1772 2993 1833 per
3025 1771 3228 1812 resur-

1954 1862 2285 1923 rectionem
2339 1859 2579 1922 domini
2618 1860 2751 1920 Iesu
2786 1859 3014 1921 Christi
3048 1858 3228 1939 plena

1951 1969 2311 2031 certitudine
2344 1967 2564 2028 imbuti
2596 1967 2820 2047 deique
2854 1969 3042 2029 verbo
3075 1984 3227 2026 con-

1954 2076 2194 2148 firmati,
2230 2094 2373 2135 curn
2408 2089 2565 2135 certa
2587 2073 2835 2153 spiritus
2854 2072 3226 2134 sanctifidu-

1952 2184 2041 2244 cia
2093 2182 2315 2261 egressi
2369 2196 2513 2241 sunt
2559 2179 3005 2241 adnunciantes
3056 2178 3225 2257 regni

1953 2291 2051 2351 dei
2085 2289 2440 2350 adventum.
2490 2309 2548 2366 4.
2584 2307 2693 2368 per
2724 2287 3011 2365 regiones
3045 2286 3227 2365 igitur

1952 2414 2010 2458 et
2059 2399 2240 2457 urbes
2273 2397 2531 2456 verbum
2565 2394 2982 2475 praedicantes
3014 2393 3225 2473 primi-

1952 2504 2060 2566 tias
2113 2521 2325 2564 earum
2377 2501 2593 2583 spiritu
2646 2519 2789 2562 cum
2844 2503 3225 2582 probassent,

1953 2611 2405 2672 constituerunt
2451 2608 2776 2689 episcopos
2823 2623 2881 2668 et
2931 2608 3227 2668 diaconos

1952 2737 2171 2781 eorum
2206 2717 2313 2797 qui
2347 2717 2632 2778 credituri
2668 2732 2858 2777 erant.
2932 2738 2984 2796 5.
3022 2734 3225 2795 neque

1954 2827 2074 2888 hoc
2121 2825 2373 2906 quidem
2423 2843 2659 2885 novum
2696 2823 3044 2884 institutum
3079 2823 3222 2894 fuit;

1953 2933 2162 2993 multis
2194 2932 2357 2992 enim
2395 2947 2558 2992 retro
2592 2930 2849 2991 saeculis
2882 2929 2956 2989 de
2989 2928 3224 3010 episco-

1952 3039 2046 3121 pis
2079 3055 2137 3100 et
2169 3038 2446 3099 diaconis
2477 3038 2773 3119 scriptum
2806 3052 2912 3100 est.
2943 3037 3029 3096 sic
3060 3035 3226 3096 enim

1953 3146 2173 3206 alicubi
2232 3145 2375 3206 dicit
2436 3145 2768 3226 scriptura:
2837 3144 3228 3206 Constituam

1953 3256 2265 3334 episcopos
2304 3273 2509 3313 eorum
2551 3255 2616 3312 in
2652 3253 2893 3313 iustitia
2925 3258 2986 3311 et
3014 3252 3229 3311 diaco-

1956 3381 2065 3421 nos
2094 3380 2297 3420 rorum
2333 3363 2396 3419 in
2423 3361 2570 3435 fide.

2043 3895 2246 3956 XLIII.
2298 3894 2369 3954 Et
2414 3894 2563 3973 quid
2600 3893 2826 3955 mirum
2863 3913 2968 3954 eos
3002 3893 3230 3974 quibus

1957 4003 2020 4063 in
2060 4002 2308 4064 Christo
2359 4023 2391 4061 a
2444 4002 2563 4061 deo
2611 4002 2731 4061 hoc
2781 4020 3011 4062 munus
3056 4020 3228 4061 cont-

1956 4109 2214 4171 missum
2268 4107 2384 4168 fuit
2421 4107 2762 4189 praedictos
2796 4106 3227 4167 constituisse?

1955 4235 2100 4277 cum
2148 4216 2362 4275 beatus
2397 4216 2622 4290 Moses,
2647 4214 2876 4292 fidelis
2921 4234 3131 4275 servus
3165 4217 3227 4274 ιή

1955 4326 2242 4385 ιιηὶυενςα
2275 4322 2469 4394 doma,
2502 4322 2715 4382 omnia
2737 4340 2895 4400 quae
2916 4320 3030 4400 ipsi
3052 4339 3228 4381 man—

1956 4431 2091 4490 data
2138 4444 2309 4489 erant
2357 4428 2417 4488 in
2465 4428 2647 4488 sacris
2693 4426 2859 4489 libris
2894 4428 3225 4502 notaverit;

1954 4556 2142 4617 quem
2202 4535 2384 4597 ceteri
2437 4536 2771 4616 prophetae
2823 4535 3013 4594 secuti
3064 4550 3227 4606 sunt,

1953 4644 2025 4704 iis
2056 4662 2215 4723 quae
2248 4644 2324 4705 ab
2359 4642 2494 4723 ipso
2526 4641 2754 4701 sancita
2786 4656 2932 4701 sunt
2954 4641 3230 4701 testimo-

1954 4751 2128 4812 nium
2147 4750 2370 4831 pariter
2390 4748 2800 4829 perhibentes.
2841 4768 2897 4809 2.
2921 4748 3018 4808 ille
3038 4747 3226 4822 enim,

1953 4877 2096 4918 cum
2147 4857 2475 4918 aemulatio
2528 4874 2641 4937 pro
2687 4855 3030 4916 sacerdotio
3077 4854 3227 4915 inci-

1953 4965 2139 5026 disset
2188 4980 2247 5024 et
2293 4964 2487 5025 tribus
2538 4962 2692 5023 inter
2743 4982 2805 5023 se
2841 4961 3230 5023 dissentirent
