3684 5416
508 1562 557 1593 10

509 2094 553 2137 ¹5

501 2627 553 2658 20

500 3162 552 3205 25

501 3696 553 3740 30

499 4229 550 4273 35

614 395 718 461 246
1240 395 1506 449 Potestas
1545 393 1925 449 ecclesiastica
1965 406 2021 449 et
2060 392 2362 464 imperium
2401 392 2580 448 civile.

613 577 814 656 fuerit,
848 577 1294 639 observandam
1327 598 1478 656 esse,
1513 593 1697 659 atque
1720 593 2040 660 propterea
2061 577 2281 639 civitati
2301 576 2562 654 Lindau,
2599 596 2714 638 nec
2749 596 2877 637 non
2899 576 3223 636 Weissen-

611 685 810 765 burgo
859 684 921 744 in
967 683 1211 745 Noricis
1257 683 1490 745 reddita
1535 700 1697 746 sorte
1744 684 2295 766 oppignorationes
2328 683 2675 765 Imperiales
2708 682 2857 763 ipsis
2888 682 3222 763 ademptas,

606 787 770 850 illico
801 803 861 850 et
892 789 1161 871 plenarie
1193 788 1621 855 restituendas.

822 905 852 966 s
889 916 988 966 27·
1051 895 1232 971 Quae
1278 914 1426 956 vero
1459 898 1623 957 bona
1657 896 1862 957 Status
1895 895 2137 977 Imperii
2168 894 2283 956 sibi
2314 894 2576 957 invicem
2611 895 2886 975 pignoris
2915 894 3047 955 iure
3081 909 3221 954 ante

608 1001 881 1063 hominis
927 1002 1291 1063 memoriam
1341 1002 1790 1082 obligaverunt,
1839 1002 1904 1063 in
1950 1002 2021 1063 iis
2067 1000 2377 1063 reluitioni
2423 1001 2594 1062 aliter
2639 1002 2815 1063 locus
2861 1020 2989 1062 non
3020 1001 3219 1080 detur,

609 1108 728 1170 nisi
779 1127 1209 1190 possessorum
1258 1105 1647 1189 exceptiones
1680 1125 1738 1170 et
1769 1107 1984 1169 merita
2016 1126 2340 1168 causarum
2374 1106 2749 1168 sufficienter
2778 1108 3224 1169 examinentur.

611 1214 804 1291 Quod
836 1215 886 1276 si
917 1217 1083 1277 bona
1116 1213 1427 1276 eiusmodi
1458 1215 1719 1276 durante
1752 1215 1874 1276 hoc
1905 1214 2069 1276 bello
2102 1214 2194 1274 vel
2227 1213 2461 1294 absque
2494 1213 2734 1295 praevia
2767 1233 2988 1276 causae
3008 1214 3222 1296 cogni-

610 1322 777 1384 tione
809 1322 905 1383 vel
937 1339 1070 1383 non
1101 1321 1300 1383 soluta
1332 1337 1494 1382 sorte
1528 1323 1604 1382 ab
1636 1321 1851 1403 aliquo
1882 1335 2180 1403 occupata
2215 1320 2454 1399 fuerint,
2489 1339 2613 1382 una
2645 1340 2791 1382 cum
2821 1319 3223 1382 documentis

610 1429 813 1489 statim
864 1428 1135 1510 plenarie
1181 1428 1491 1509 prioribus
1523 1428 1985 1510 possessoribus
2019 1428 2374 1505 reddantur,
2406 1442 2465 1489 et
2497 1427 2547 1488 si
2579 1428 2879 1490 sententia
2909 1425 3223 1488 reluitioni

608 1536 818 1597 locum
866 1535 1176 1608 concedat,
1222 1535 1410 1614 inque
1459 1553 1591 1596 rem
1639 1535 1968 1597 iudicatam
2017 1535 2335 1611 transierit,
2366 1551 2551 1614 atque
2580 1550 2741 1595 sorte
2774 1548 3095 1595 numerata
3125 1552 3222 1593 re-

608 1641 840 1703 stitutio
890 1644 1217 1703 subsecuta
1266 1641 1479 1721 fuerit,
1544 1642 1806 1704 domino
1856 1642 2113 1724 quidem
2169 1642 2401 1704 directo
2450 1641 2715 1702 liberum
2766 1659 2897 1702 esse
2927 1638 3125 1717 debet,
3156 1637 3225 1698 in

609 1748 972 1811 huiusmodi
1016 1764 1205 1810 terras
1250 1749 1706 1831 oppignoratas,
1755 1751 1830 1811 ad
1879 1770 1942 1811 se
1990 1769 2279 1828 reversas,
2321 1769 2467 1811 suae
2501 1747 2839 1829 Religionis
2869 1745 3224 1808 exercitium

610 1855 849 1937 publice
883 1855 1305 1930 introducere;
1355 1855 1590 1917 incolae
1620 1872 1828 1917 tamen
1863 1871 1922 1917 et
1953 1855 2180 1917 subditi
2214 1855 2473 1935 migrare
2507 1871 2612 1916 aut
2642 1873 2839 1928 suam,
2872 1870 3065 1933 quam
3095 1853 3213 1912 sub

610 1960 799 2042 priori
830 1980 1181 2042 possessore
1212 1961 1576 2022 huiusmodi
1605 1976 1908 2022 terrarum
1941 1961 2493 2043 oppignoratamm
2513 1958 2777 2042 amplexi
2797 1959 3059 2035 fuerant,
3097 1957 3221 2019 Re-

607 2065 903 2146 ligionem
950 2068 1228 2128 deserere
1276 2087 1401 2130 non
1448 2082 1772 2149 cogantur,
1814 2068 1891 2128 de
1924 2068 2173 2149 publico
2204 2086 2352 2127 vero
2383 2077 2530 2127 suae
2565 2066 2907 2146 Religionis
2940 2064 3227 2126 exercitio

610 2172 766 2234 inter
797 2173 963 2255 ipsos
995 2189 1056 2234 et
1085 2173 1430 2236 reluentem
1463 2173 1795 2235 dominum
1828 2174 2134 2235 directum
2164 2171 2550 2254 transigatur.

821 2275 853 2360 5
892 2282 991 2342 28.
1056 2281 1130 2341 X.
1181 2280 1398 2341 Libera
1430 2295 1490 2342 et
1521 2280 1876 2341 immediata
1908 2278 2154 2359 Imperii
2186 2278 2487 2339 Nobilitas
2519 2278 2856 2359 omniaque
2888 2292 2948 2338 et
2978 2276 3223 2356 singula

608 2385 740 2446 eius
786 2389 1062 2448 membra
1105 2407 1227 2449 una
1261 2407 1406 2448 cum
1441 2386 1698 2448 subditis
1729 2401 1787 2447 et
1819 2386 2003 2447 bonis
2034 2384 2161 2445 suis
2194 2384 2542 2446 feudalibus
2573 2400 2632 2445 et
2661 2384 3069 2460 allodialibus,
3103 2383 3227 2444 nisi

610 2493 764 2555 forte
810 2493 873 2554 in
920 2492 1294 2574 quibusdam
1345 2495 1499 2555 locis
1546 2493 1780 2555 ratione
1828 2495 2144 2553 bonorum
2175 2505 2234 2552 et
2267 2507 2543 2572 respectu
2575 2491 2857 2553 territorii
2888 2492 2983 2551 vel
3016 2490 3222 2551 domi-

608 2599 728 2659 cilii
759 2599 891 2660 aliis
923 2600 1193 2661 Statibus
1224 2600 1607 2682 reperiantur
1636 2598 1916 2678 subiecti,
1963 2597 2178 2676 vigore
2210 2597 2382 2658 Pacis
2414 2597 2763 2679 Religiosae
2794 2611 2855 2657 et
2888 2596 3229 2677 praesentis

608 2707 1063 2777 Conventionis
1107 2707 1174 2769 in
1220 2707 1458 2769 iuribus
1491 2706 1885 2788 Religionem
1919 2706 2435 2768 concernentibus
2468 2722 2526 2766 et
2558 2703 2868 2767 beneficiis
2898 2702 3043 2765 inde
3076 2719 3223 2785 pro-

608 2816 996 2876 manantibus
1041 2815 1205 2875 idem
1240 2815 1335 2875 ius
1367 2815 1650 2893 habeant,
1685 2813 1859 2894 quod
1889 2832 2075 2895 supra
2107 2813 2284 2874 dictis
2318 2813 2714 2889 Electoribus,
2745 2808 3134 2891 Principibus
3164 2825 3224 2869 et

607 2920 875 2982 Statibus
907 2922 1220 3003 competit,
1256 2940 1370 2982 nec
1402 2921 1467 2982 in
1500 2921 1573 2981 iis
1605 2923 1722 2982 sub
1755 2939 2142 3001 quocunque
2176 2936 2489 3002 praetextu
2522 2919 2935 3001 impediantur
2966 2932 3073 2977 aut
3091 2932 3222 2977 tur·

607 3028 848 3104 bentur,
879 3027 1102 3088 turbati
1136 3046 1282 3088 vero
1316 3045 1538 3087 omnes
1569 3026 1831 3088 omnino
1864 3026 1930 3088 in
1962 3027 2271 3105 integrum
2305 3028 2718 3089 restituantur.

820 3140 849 3200 s
887 3151 987 3210 29.
1041 3133 1142 3194 XI.
1194 3132 1448 3194 Liberae
1481 3133 1728 3214 Imperii
1759 3132 2072 3212 Civitates,
2108 3150 2295 3216 prout
2326 3153 2546 3195 omnes
2577 3151 2761 3214 atque
2792 3132 3072 3213 singulae
3104 3136 3227 3194 sub

608 3237 1019 3318 appellatione
1051 3239 1341 3301 Statuum
1387 3241 1633 3322 Imperii
1679 3259 1811 3301 non
1858 3255 2097 3301 tantum
2143 3241 2208 3302 in
2244 3242 2396 3303 Pace
2430 3241 2771 3320 Religionis
2818 3256 2877 3302 et
2923 3239 3225 3322 praesenti

607 3346 886 3408 eiusdem
934 3348 1368 3424 declaratione,
1411 3348 1519 3409 sed
1565 3364 1625 3409 et
1668 3347 1814 3408 alias
1860 3348 2095 3428 ubique
2128 3348 2465 3409 indubitate
2499 3348 2917 3419 continentur,
2947 3346 3029 3407 ita
3061 3360 3121 3406 et
3150 3364 3221 3404 ex

606 3454 853 3516 illarum
902 3474 1168 3517 numero
1219 3476 1344 3534 eae,
1392 3455 1459 3516 in
1503 3456 1733 3537 quibus
1779 3456 1963 3517 unica
2005 3470 2246 3517 tantum
2283 3456 2524 3535 Religio
2570 3474 2738 3517 anno
2782 3457 2967 3533 1624.
3003 3455 3068 3515 in
3103 3434 3222 3515 usu

609 3561 741 3641 fuit,
775 3577 899 3623 tam
934 3563 1163 3625 ratione
1195 3564 1347 3624 luris
1380 3564 1781 3643 reformandi,
1826 3586 2018 3646 quam
2050 3566 2311 3627 aliorum
2347 3585 2601 3627 casuum
2640 3564 3035 3645 Religionem
3066 3581 3218 3624 con-

608 3669 1009 3749 cernentium,
1056 3670 1122 3731 in
1168 3669 1484 3732 territoriis
1530 3672 1656 3733 suis
1703 3688 1761 3734 et
1805 3691 2084 3755 respectu
2132 3672 2527 3736 subditorum
2562 3691 2694 3732 non
2726 3671 2936 3731 minus
2969 3688 3037 3731 ac
3070 3670 3222 3731 intra

606 3792 822 3835 muros
871 3793 929 3838 et
977 3778 1292 3855 suburbia,
1339 3778 1504 3839 idem
1555 3798 1700 3839 cum
1745 3780 1996 3862 reliquis
2042 3781 2310 3844 Statibus
2360 3778 2601 3860 Imperii
2653 3777 3077 3859 superioribus
3126 3774 3224 3837 ius

607 3881 899 3955 habeant;
953 3884 1236 3964 adeoque
1284 3886 1360 3945 de
1393 3885 1519 3946 istis
1552 3887 1919 3966 generaliter
1950 3888 2245 3970 disposita
2278 3903 2337 3948 et
2368 3901 2691 3964 conventa,
2724 3885 2800 3946 de
2833 3884 2931 3947 his
2964 3903 3220 3964 quoque

607 3988 762 4049 dicta
795 4006 852 4050 et
884 3989 1184 4051 intellecta
1217 4007 1421 4069 sunt0,
1455 4012 1580 4053 non
1603 4009 1851 4073 attent0,
1887 3995 2058 4075 quod
2080 3994 2145 4055 in
2169 3995 2240 4055 iis
2261 3994 2620 4071 civitatibus,
2644 3994 2707 4054 in
2732 3993 2959 4073 quibus
2981 4009 3220 4074 praeter

606 4100 1003 4175 Augustanae
1054 4097 1481 4159 Confessionis
1532 4100 1889 4161 exercitium
1934 4100 2180 4162 nullum
2226 4101 2391 4162 aliud
2442 4122 2473 4161 a
2509 4100 2865 4179 magistratu
2901 4114 2958 4159 et
2990 4097 3223 4159 civibus

607 4205 770 4266 iuxta
815 4224 1057 4266 morem
1103 4222 1160 4266 et
1205 4221 1426 4267 statuta
1474 4208 1775 4288 cuiusque
1820 4208 1942 4271 loci
1974 4230 2139 4271 anno
2185 4213 2368 4289 1624.
2404 4209 2824 4270 introductum
2860 4206 2992 4284 fuit,
3027 4205 3219 4286 aliqui

606 4309 958 4372 Catholicae
993 4311 1304 4391 Religioni
1356 4314 1577 4375 addicti
1627 4314 1787 4375 cives
1820 4332 2305 4387 commorentur,
2336 4318 2432 4377 vel
2465 4316 2648 4376 etiam
2683 4314 2744 4374 in
2775 4312 3088 4393 aliquibus
3121 4332 3219 4373 ca-

606 4417 835 4498 pituliS,
869 4412 1525 4500 ecclesiis'collegiatis,
1562 4422 1945 4484 monasteriis
1983 4439 2041 4484 et
2073 4424 2391 4485 coenobiis
2423 4423 2650 4484 ibidem
2684 4421 2830 4499 sitiS,
2864 4419 3217 4480 immediate

603 4526 698 4586 vel
749 4526 1011 4587 mediate
1057 4528 1321 4610 Imperio
1366 4528 1674 4609 subiectiS,
1722 4530 1916 4610 inque
1963 4551 2040 4592 eo
2085 4547 2262 4611 statu,
2295 4531 2402 4612 qui
2435 4530 2548 4591 fuit
2579 4528 2678 4589 die
2711 4528 2905 4609 prima
2941 4526 3218 4605 Ianuarii,

603 4652 773 4695 anno
836 4636 1018 4713 1624.
1055 4637 1347 4718 deinceps
1392 4657 1646 4718 quoque
1694 4659 1841 4700 cum
1887 4640 2051 4700 clero
2101 4640 2254 4702 intra
2301 4639 2683 4721 praedictum
2717 4636 3053 4698 terminum
3086 4655 3216 4698 non

493 4764 549 4805 40
601 4742 982 4819 introductO,
1034 4758 1093 4803 et
1143 4743 1375 4804 civibus
1408 4744 1746 4805 Catholicis
1799 4765 1911 4826 pro
1957 4764 2236 4827 tempore
2282 4747 2361 4807 ibi
2407 4745 2824 4823 existentibus,
2872 4760 2995 4804 tam
3029 4744 3221 4805 active

604 4868 793 4928 quam
829 4848 1066 4930 passive
1100 4850 1361 4909 omnino
1397 4851 1840 4931 relinquendiS,
1864 4852 2220 4914 Catholicae
2240 4852 2578 4932 Religionis
2610 4849 2964 4911 exercitium
2999 4849 3209 4929 vigeat.

606 4959 765 5015 Ante
799 4954 1012 5015 omnia
1043 4955 1331 5016 veroillae
1365 4954 1658 5018 Civitates
1691 4957 2064 5037 ImperialeS,
2100 4978 2259 5040 quae
2291 4959 2416 5019 sive
2453 4959 2581 5036 uni,
2616 4958 2740 5019 sive
2762 4956 3014 5037 utrique
3048 4956 3218 5018 Reli-
