3684 5416
370 1607 418 1638 to

371 2138 415 2180 15

363 2678 417 2708 20

365 3365 413 3407 ²5

361 3890 414 3932 ¹30

361 4509 408 4552 35

1628 350 1947 407 Ordinatio.
2988 359 3090 432 367

473 535 746 594 tionibus
797 551 898 595 aut
950 535 1525 603 consuetudinibus,
1578 535 1758 595 etiam
1815 537 2428 599 immemorabilibuS.
2510 540 2776 602 Poenam
2831 562 3088 624 quoque

472 641 824 722 impositam
871 642 962 711 iis,
1011 641 1118 721 qui
1166 657 1377 702 contra
1428 642 1613 703 huius
1662 660 1906 704 sanctae
1940 646 2164 726 synodi
2198 649 2313 706 sub
2349 648 2543 709 Paulo
2577 649 2673 710 111.
2705 649 3022 711 decretum
3056 672 3086 710 a

472 748 738 828 capitulo
785 748 1113 828 episcopali
1163 750 1305 809 sede
1354 765 1606 810 vacante
1640 750 1842 810 literas
1877 752 2261 814 dimissorias
2297 754 2641 834 impetrant,
2680 757 2755 817 ad
2792 757 2948 834 illos,
2983 758 3089 837 qui

472 857 714 916 easdem
750 855 949 916 literas
984 874 1114 916 non
1149 878 1181 917 a
1216 856 1505 936 capitu10,
1539 858 1643 918 sed
1681 859 1755 917 ab
1778 858 1910 918 aliis
1931 858 2254 939 quibusvis
2278 861 2339 920 in
2363 862 2784 925 iurisdictione
2807 864 3082 945 episcopi

471 964 609 1024 loco
657 962 902 1043 capituli
937 963 1079 1022 sede
1112 979 1361 1024 vacante
1394 964 1870 1025 succedentibus
1902 966 2269 1040 obtinerent,
2301 970 2553 1030 mandat
2585 972 2851 1033 extendi.
2914 973 3085 1034 Con-

472 1073 754 1131 cedentes
801 1086 1004 1130 autem
1055 1070 1432 1130 dimissorias
1481 1087 1689 1131 contra
1740 1070 2002 1133 formam
2060 1073 2283 1134 decreti
2333 1078 2408 1135 ab
2456 1075 2663 1138 officio
2698 1094 2754 1138 et
2788 1077 3089 1139 beneficio

470 1198 576 1257 per
605 1196 841 1238 annum
875 1176 998 1237 sint
1031 1178 1163 1257 ipso
1197 1178 1326 1238 iure
1359 1178 1656 1259 suspensi.
1710 1176 1765 1257 [l.
1800 1199 1851 1240 e.
1883 1200 2019 1259 pag.
2068 1178 2224 1259 192]

591 1386 653 1438 C.
685 1385 774 1438 XI.
815 1384 1116 1439 Interstitia
1146 1384 1199 1437 in
1229 1384 1596 1455 susceptione
1625 1386 1916 1441 minorum
1947 1387 2234 1450 ordinum,
2263 1402 2318 1443 et
2347 1402 2495 1444 certa
2526 1389 2628 1445 aliu
2660 1406 2961 1463 praecepta

1585 1468 1963 1521 observanda.

687 1590 961 1650 Minores
997 1588 1245 1649 ordines
1279 1588 1368 1661 iis,
1405 1588 1510 1667 qui
1544 1587 1757 1648 saltem
1794 1588 2045 1648 latinam
2081 1589 2360 1668 linguam
2395 1590 2755 1671 intelligant,
2791 1613 2898 1674 per
2930 1609 3082 1654 tem-

471 1717 691 1778 porum
727 1694 1064 1769 interstitia,
1099 1694 1213 1755 nisi
1246 1694 1411 1755 aliud
1445 1694 1743 1774 episcopo
1775 1695 2056 1775 expedire
2092 1697 2288 1778 magis
2308 1698 2634 1765 videretur,
2670 1702 3088 1769 conferantur,

471 1822 538 1866 ut
582 1825 657 1865 eo
705 1801 1047 1863 accuratius
1093 1817 1398 1881 quantum
1446 1801 1520 1860 sit
1555 1800 1742 1861 huius
1775 1801 2131 1881 disciplinae
2169 1804 2417 1883 pondus
2455 1805 2690 1885 possint
2722 1808 2986 1879 edoceri,
3019 1828 3088 1869 ac

469 1912 531 1972 in
581 1927 973 1990 unoquoque
1024 1928 1282 1969 munere
1331 1908 1495 1968 iuxta
1547 1909 1989 1988 praescriptum
2024 1910 2298 1991 episcopi
2332 1931 2394 1971 se
2428 1930 2763 1988 exerceant,
2800 1914 2987 1994 idque
3023 1916 3085 1976 in

470 2037 557 2087 ea,
596 2016 693 2075 cui
728 2014 1012 2095 adscripti
1047 2028 1246 2091 erunt,
1279 2015 1529 2075 ecclesia
1564 2014 1697 2089 (nisi
1733 2015 1887 2076 forte
1921 2037 1991 2076 ex
2028 2035 2209 2077 causa
2244 2018 2593 2079 studiorum
2627 2020 2866 2097 absint),
2902 2036 3085 2101 atque

471 2123 545 2183 ita
593 2124 668 2183 de
715 2123 909 2200 gradu
958 2120 1020 2180 in
1067 2121 1325 2199 gradum
1378 2122 1772 2198 adscendant,
1810 2138 1878 2182 ut
1913 2123 1973 2182 in
2006 2123 2076 2182 iis
2110 2142 2253 2183 cum
2287 2139 2477 2184 aetate
2514 2126 2667 2187 vitae
2703 2128 2992 2188 meritum
3028 2145 3086 2189 et

470 2230 742 2291 doctrina
779 2228 976 2289 maior
1007 2243 1319 2299 accrescat,
1352 2229 1526 2307 quod
1560 2244 1618 2288 et
1652 2231 1966 2290 bonorum
2001 2249 2252 2291 morum
2286 2232 2659 2312 exemplum,
2684 2249 2741 2293 et
2761 2234 3081 2294 assiduum

470 2336 530 2397 in
565 2336 812 2397 ecclesia
847 2334 1278 2409 ministerium,
1313 2350 1497 2415 atque
1532 2335 1727 2397 maior
1760 2356 1902 2414 erga
1936 2340 2323 2417 presbyteros
2357 2352 2413 2398 et
2446 2339 2796 2419 superiores
2830 2341 3083 2401 ordines

471 2444 818 2514 reverentia,
867 2458 927 2503 et
974 2442 1261 2511 crebrior,
1308 2462 1493 2522 quam
1543 2458 1736 2519 antea,
1802 2444 2079 2523 corporis
2126 2445 2351 2505 Christi
2400 2446 2770 2508 communio
2822 2446 3084 2507 maxime

470 2552 977 2630 comprobabunt.
1042 2548 1390 2629 Quumque
1439 2549 1583 2609 hinc
1628 2550 1702 2609 ad
1737 2550 1981 2610 altiores
2015 2553 2242 2631 gradus
2276 2567 2333 2611 et
2364 2553 2763 2614 sacratissima
2799 2553 3083 2635 mysteria

470 2658 544 2718 sit
579 2658 908 2737 ingressus,
945 2676 1133 2718 nemo
1169 2657 1240 2718 iis
1273 2656 1561 2734 initietur,
1598 2676 1784 2736 quem
1826 2676 1955 2718 non
1990 2657 2275 2719 scientiae
2308 2679 2446 2741 spes
2481 2660 2820 2722 maioribus
2854 2660 3084 2721 ordini-

470 2768 581 2825 bus
615 2764 873 2845 dignum
910 2765 1211 2825 ostendat.
1248 2764 1325 2824 Hi
1361 2783 1507 2823 vero
1541 2783 1669 2824 non
1707 2764 1820 2825 nisi
1858 2781 1998 2846 post
2030 2785 2266 2827 annum
2303 2789 2334 2828 a
2367 2767 2756 2850 susceptione
2791 2769 3082 2848 postremi

466 2872 691 2950 gradus
743 2873 1060 2933 minorum
1104 2870 1402 2931 ordinum
1436 2871 1509 2931 ad
1543 2891 1749 2932 sacros
1782 2873 2033 2934 ordines
2067 2890 2568 2954 promoveantur,
2605 2875 2717 2935 nisi
2756 2875 3084 2935 necessitas

467 2995 567 3039 aut
601 2978 887 3040 ecclesiae
924 2980 1146 3040 utilitas
1179 2979 1408 3041 iudicio
1441 2980 1713 3061 episcopi
1748 2980 1915 3040 aliud
1949 2996 2253 3061 exposcat.
2302 2979 2361 3061 [l.
2400 3001 2447 3041 c.
2483 3000 2620 3063 pag.
2669 2979 2834 3061 199]

645 3171 708 3224 C.
738 3171 854 3227 ΧΠ.
895 3173 1067 3225 Aetas
1097 3171 1166 3224 aid
1197 3171 1442 3226 maiores
1473 3171 1701 3226 ordines
1731 3171 2031 3243 requisita3
2072 3172 2230 3242 digni
2260 3171 2534 3227 duntaxat
2562 3172 2905 3226 assumendi.

686 3337 911 3397 Nullus
959 3337 1020 3396 in
1072 3353 1387 3416 posterum
1436 3338 1508 3397 ad
1564 3337 2049 3398 subdiaconatus
2096 3338 2379 3399 ordinem
2416 3355 2553 3399 ante
2588 3339 2957 3415 vigesimum
2989 3358 3082 3398 se-

467 3443 761 3519 cundum,
810 3444 885 3504 ad
934 3443 1295 3504 diaconatus
1343 3460 1481 3504 ante
1517 3443 1889 3524 vigesimum
1925 3445 2194 3520 tertium,
2231 3445 2304 3504 ad
2342 3447 2795 3525 presbyteratus
2829 3461 2962 3505 ante
2999 3444 3087 3503 vi-

464 3552 770 3630 gesimum
807 3553 1097 3632 quintum
1130 3552 1338 3612 aetatis
1372 3571 1518 3612 suae
1552 3570 1787 3611 annum
1825 3567 2281 3631 promoveatur.
2316 3552 2522 3612 Sciant
2552 3567 2759 3612 tamen
2795 3550 3086 3630 episcopi,

468 3676 595 3718 non
645 3658 928 3736 singulos
978 3659 1038 3719 in
1084 3679 1153 3719 ea
1200 3674 1389 3719 aetate
1437 3659 1801 3719 constitutos
1850 3659 2072 3718 debere
2120 3660 2195 3718 ad
2245 3660 2362 3719 hos
2410 3660 2660 3720 ordines
2693 3657 2941 3731 assumi,
2977 3657 3085 3717 sed

468 3765 691 3844 dignos
741 3766 1054 3842 duntaxat,
1106 3781 1163 3826 et
1216 3785 1488 3844 quorum
1541 3767 1790 3845 probata
1827 3765 1944 3824 vita
1980 3779 2261 3825 senectus
2296 3765 2387 3825 sit.
2457 3763 2790 3842 Regulares
2824 3783 3085 3843 quoque

469 3891 580 3931 nec
614 3871 675 3931 in
712 3872 938 3932 minori
973 3886 1184 3942 aetate,
1222 3891 1336 3931 nec
1367 3872 1496 3932 sine
1529 3870 1805 3950 diligenti
1839 3870 2108 3952 episcopi
2144 3871 2423 3931 examine
2458 3870 2853 3935 ordinentur:
2900 3870 3083 3949 privi-

468 3977 638 4056 legiis
671 3978 1145 4057 quibuscunque
1180 3978 1390 4057 quoad
1427 3978 1550 4037 hoc
1583 3978 1829 4057 penitus
1864 3977 2139 4036 exclusis.
2190 3975 2248 4055 [l.
2287 3997 2336 4037 c.
2373 3996 2509 4057 pag.
2552 3975 2715 4056 200.]

471 4169 534 4222 C.
573 4168 710 4222 xm.
764 4167 1120 4223 Subdiaconi
1162 4181 1215 4222 et
1260 4168 1485 4222 diaconi
1529 4167 1818 4222 ordinatio
1863 4166 2064 4239 qualis,
2092 4180 2147 4221 et
2176 4185 2378 4221 eorum
2410 4183 2651 4234 munus,
2691 4165 2823 4220 nulli
2854 4164 3084 4220 ordines

1248 4248 1388 4302 sacri
1418 4251 1534 4303 duo
1565 4248 1938 4303 conferantur
1966 4249 2174 4303 eodem
2204 4246 2310 4301 die.

681 4389 1055 4449 Subdiaconi
1089 4404 1145 4447 et
1180 4388 1416 4448 diaconi
1453 4388 1817 4448 ordinentur
1851 4389 2147 4449 habentes
2180 4389 2423 4448 bonum
2457 4385 2895 4462 testimonium,
2931 4403 2988 4446 et
3021 4387 3085 4447 in

467 4496 813 4557 minoribus
862 4495 1180 4555 ordinibus
1230 4495 1346 4554 iam
1398 4495 1654 4575 probati,
1705 4514 1772 4554 ac
1819 4495 2009 4555 literis
2055 4510 2114 4555 et
2159 4493 2248 4562 iis,
2284 4514 2443 4573 quae
2477 4493 2553 4553 ad
2588 4491 2872 4553 ordinem
2910 4513 3080 4554 exer-

468 4605 738 4664 cendum
787 4603 1111 4683 pertinent,
1159 4602 1453 4662 instructi.
1517 4601 1645 4675 Qui
1693 4618 1937 4683 sperent
1974 4602 2109 4662 Deo
2154 4615 2404 4661 auctore
2438 4619 2500 4659 se
2536 4599 2852 4660 continere
2886 4619 3084 4679 posse,

466 4710 753 4779 ecclesiis,
788 4710 1016 4789 quibus
1048 4709 1491 4780 adscribentur,
1528 4709 1878 4784 inserviant,
1912 4708 2230 4786 sciantque
2254 4707 2517 4767 maxime
2541 4706 2776 4778 decere,
2800 4706 2847 4767 si
2870 4706 3083 4767 saltem

467 4816 682 4877 diebus
730 4816 1058 4876 dominicis
1109 4832 1166 4877 et
1211 4815 1593 4891 solennibus,
1644 4836 1841 4895 quum
1893 4815 2063 4875 altari
2113 4813 2609 4886 ministraverint,
2644 4831 2877 4872 sacram
2910 4833 3075 4873 com-

467 4923 834 4986 munionem
872 4922 1272 5004 perceperint.
1342 4923 1614 4984 Promoti
1654 4925 1727 4984 ad
1763 4942 2005 4983 sacrum
2039 4922 2522 4982 subdiaconatus
2557 4918 2860 4994 ordinem,
2893 4919 2942 4980 si
2979 4938 3086 5001 per
