3684 5416
317 1530 373 1561 ¹0

320 2064 368 2107 ¹5

311 2606 372 2638 20

308 3140 369 3185 25

313 4207 368 4253 35

1606 360 1868 432 Capituli.
2944 381 3036 435 59¹

424 563 549 625 ant,
582 548 754 626 quod
788 545 1060 624 juniores
1092 545 1440 607 secundum
1474 545 1678 605 Deum
1712 560 1910 623 agant.
1958 545 2031 606 Et
2064 545 2125 605 in
2161 545 2287 625 ipsa
2309 546 2567 607 claustra
2592 546 2759 608 nulla
2784 546 3044 609 faemina

424 655 709 727 introeat,
740 673 854 714 nec
886 654 1075 715 laicus
1109 654 1327 727 homo,
1363 668 1599 733 praeter
1630 667 1893 728 tantum,
1928 652 1978 712 si
2011 651 2371 732 Episcopus,
2399 668 2503 713 aut
2525 653 3039 729 Archidiaconu8‚

425 763 521 823 vel
568 761 961 822 Primicerius
1011 760 1330 839 jusserint:
1384 760 1465 822 Ut
1516 760 1578 821 in
1620 759 1942 820 refectorio
1994 778 2106 841 pro
2156 758 2502 820 refectionis
2549 780 2732 822 causa
2777 760 3044 837 veniant,

426 870 777 950 relinquant
822 888 988 929 arma
1038 887 1148 929 sua
1193 881 1332 927 ante
1368 866 1781 943 refectorium,
1817 882 1875 926 et
1908 866 2111 927 statim
2143 885 2285 927 cum
2321 865 2576 941 exierint
2609 869 2684 928 de
2717 868 3045 930 refectorio

425 977 734 1038 ducantur
781 976 941 1037 foras
988 975 1281 1047 claustra;
1332 989 1390 1034 et
1434 974 1484 1033 si
1534 993 1779 1034 necesse
1831 973 2008 1034 fuerit
2042 974 2118 1034 ad
2153 992 2340 1054 opera
2377 973 2668 1051 facienda,
2707 976 2930 1037 intrent
2961 976 3044 1038 ibi

426 1084 562 1145 laici
609 1084 926 1144 homines:
977 1097 1037 1143 at
1083 1082 1187 1142 ubi
1236 1080 1577 1162 perfectum
1626 1080 1954 1141 habuerint
1987 1100 2148 1160 opus
2180 1100 2386 1159 suum,
2422 1100 2566 1142 cum
2600 1101 2844 1143 summa
2880 1082 3046 1144 festi-

428 1192 680 1252 natione
726 1189 1117 1270 egrediantur
1164 1188 1357 1249 foras:
1409 1204 1468 1248 et
1514 1203 1752 1269 praeter
1797 1206 2046 1248 causam
2099 1188 2489 1265 necessitatis,
2521 1189 2570 1248 si
2603 1189 2789 1269 coqui
2823 1189 3044 1251 Clerici

427 1298 668 1376 desunt,
721 1312 781 1357 et
829 1315 988 1377 opus
1039 1294 1236 1372 fuerit,
1282 1295 1415 1356 laici
1463 1295 1650 1375 coqui
1697 1294 1772 1355 ad
1820 1296 2295 1375 coquinandum
2326 1309 2571 1356 tantum
2602 1295 3045 1375 ingrediantur,

425 1404 670 1483 expleto
705 1401 1044 1462 ministerio
1077 1420 1193 1462 suo
1227 1419 1371 1462 cum
1405 1400 1706 1461 celeritate
1740 1416 1956 1462 exeant
1988 1400 2167 1461 foras.

640 1509 715 1570 Et
762 1529 870 1590 per
915 1509 1048 1569 illas
1080 1508 1438 1569 mansiones
1469 1507 1585 1588 ipsi
1618 1507 1841 1568 Clerici
1875 1507 2160 1569 canonici
2194 1509 2438 1569 nullum
2474 1508 2788 1570 Clericum
2823 1529 3045 1571 eorum

427 1618 688 1679 habeant
738 1616 871 1676 sine
923 1630 1250 1696 praecepto
1303 1615 1590 1695 Episcopi
1642 1615 1771 1675 sui:
1825 1630 1884 1675 et
1935 1615 1983 1676 si
2037 1615 2397 1695 permiserit,
2436 1630 2502 1675 ut
2534 1617 2821 1690 habeant,
2856 1617 2942 1678 sic
2974 1617 3049 1677 sit

427 1722 808 1784 conversatio
854 1723 1103 1783 illorum
1159 1741 1303 1782 cum
1356 1720 1695 1782 humilitate
1747 1736 1806 1781 et
1842 1721 1955 1781 Dei
2008 1721 2247 1796 timore,
2298 1722 2561 1801 qualiter
2591 1742 2706 1784 nec
2740 1723 2897 1801 Deo,
2934 1743 3048 1785 nec

428 1831 738 1912 Episcopo
791 1830 1151 1911 displiceant
1202 1847 1316 1888 nec
1367 1828 1503 1902 illis,
1554 1828 1661 1908 qui
1708 1830 1823 1888 sub
1871 1849 1982 1892 sua
2030 1846 2220 1888 manu
2253 1827 2450 1907 ipsam
2483 1829 3046 1908 Congregationem

428 1954 666 2018 regunt.
735 1938 807 1998 Et
851 1937 904 1997 si
949 1937 1120 1996 aliter
1168 1936 1436 2011 fecerint,
1487 1934 1609 2014 ille,
1658 1934 1765 2015 qui
1813 1949 2069 2014 praeest,
2115 1950 2218 1994 aut
2251 1935 2749 1996 excommunicet
2783 1955 2910 2011 eos,
2943 1951 3048 1996 aut

428 2043 814 2126 corporalem
846 2043 1232 2125 disciplinam
1265 2042 1581 2122 accipiant.
1620 2042 1696 2102 Et
1730 2042 1793 2102 in
1829 2042 1989 2122 ipsas
2023 2041 2380 2102 mansiones
2414 2042 2570 2102 intra
2604 2041 2734 2121 ipsa
2767 2043 3045 2119 claustra,

428 2171 541 2213 nec
573 2151 867 2229 ClericuS,
917 2170 1029 2211 nec
1075 2150 1265 2211 laicus
1313 2150 1539 2229 bibere,
1589 2169 1701 2210 nec
1747 2150 2141 2225 manducare,
2182 2168 2294 2210 nec
2327 2149 2596 2209 dormire
2630 2169 2761 2211 non
2794 2169 3047 2230 praesu-

427 2273 618 2335 mant,
675 2258 791 2318 nisi
840 2258 952 2338 ipsi
987 2258 1228 2336 Clerici,
1279 2258 1387 2338 qui
1420 2258 1484 2318 in
1520 2257 1650 2338 ipsa
1683 2258 2182 2338 Congregatione
2215 2273 2376 2333 sunt,
2409 2273 2512 2318 aut
2544 2257 2629 2318 illi
2664 2258 2906 2337 Clerici,
2942 2260 3049 2341 qui

426 2365 659 2425 ibidem
708 2365 770 2425 in
818 2365 953 2445 ipso
988 2365 1275 2426 Claustro
1322 2385 1430 2445 per
1464 2364 1799 2443 jussionem
1832 2364 2124 2445 Episcopi
2159 2365 2251 2425 sui
2287 2363 2647 2425 Senioribus
2678 2365 2805 2426 suis
2837 2366 3044 2427 deser-

426 2472 619 2532 viunt.
682 2473 758 2532 Et
803 2472 911 2552 qui
960 2472 1035 2531 de
1082 2471 1219 2552 ipso
1251 2472 1438 2533 Clero
1485 2491 1685 2532 unum
1718 2471 2032 2533 Clericum
2079 2471 2142 2531 in
2179 2471 2306 2552 ipsa
2341 2473 2623 2549 claustra,
2656 2489 2725 2534 ut
2756 2473 3045 2552 diximUS,

429 2578 729 2655 habuerit,
776 2578 896 2639 hoc
945 2577 1312 2658 praevideat,
1363 2593 1431 2638 ut
1477 2578 1779 2659 planetam
1829 2597 1974 2639 cum
2021 2578 2273 2657 reliquis
2307 2579 2685 2639 vestimentis
2719 2581 2958 2653 habeat,
2991 2597 3050 2642 et

429 2684 648 2746 diebus
683 2684 1046 2762 DominiciS,
1096 2685 1188 2746 vel
1239 2685 1489 2764 reliquis
1537 2684 1957 2747 festivitatibus
2005 2685 2069 2746 in
2103 2685 2371 2747 Ecclesia
2408 2685 2521 2748 Dei
2556 2686 2752 2748 vestiti
2788 2687 2850 2748 in
2883 2687 3049 2749 ordi-

430 2793 614 2853 nibus
646 2793 775 2854 suis
807 2808 988 2856 stent.

642 2899 798 2980 Gap.
835 2900 932 2961 IV.
997 2900 1100 2961 De
1148 2899 1559 2981 completoriO,
1610 2900 1710 2961 vel
1752 2903 2191 2963 taciturnitate.
2286 2900 2369 2962 Ut
2430 2901 2506 2960 ad
2573 2901 3051 2983 completorium

428 3006 633 3067 omnis
665 3007 906 3084 CleruS,
956 3007 1063 3087 qui
1114 3007 1178 3067 in
1211 3008 1341 3087 ipsa
1375 3007 1874 3086 Congregatione
1910 3024 2016 3085 est,
2050 3007 2267 3082 veniat,
2300 3023 2358 3068 et
2390 3008 2652 3070 omnino
2687 3009 2861 3094 omni
2893 3025 3049 3069 tem-

429 3133 575 3194 pore
610 3113 939 3195 incipiente
971 3130 1151 3175 nocte
1188 3114 1457 3195 primum
1491 3114 1741 3194 signum
1773 3115 1849 3175 ad
1885 3115 2359 3196 completorium
2395 3131 2605 3177 sonet:
2657 3131 2715 3176 et
2748 3136 2893 3177 cum
2927 3116 3051 3197 pri-

428 3220 615 3281 mitus
668 3221 820 3281 illud
873 3221 1144 3299 signum,
1194 3221 1301 3301 qui
1352 3222 1429 3282 ad
1477 3222 1598 3282 hoc
1646 3222 1968 3281 ordinatus
2018 3221 2217 3300 fuerit,
2251 3223 2533 3283 auditum
2566 3221 2792 3300 fecerit,
2826 3223 3048 3300 statim,

428 3328 787 3408 ubicunque
836 3326 1078 3402 fuerint,
1124 3328 1200 3387 ad
1249 3347 1471 3388 eorum
1518 3328 1778 3388 claustra
1829 3329 2111 3388 veniant:
2178 3345 2235 3390 et
2287 3348 2433 3390 cum
2466 3331 2693 3391 iterum
2727 3332 2934 3411 ipsum
2965 3331 3046 3391 si-

425 3454 624 3513 gnum
668 3435 991 3514 audierint,
1041 3435 1126 3496 sic
1172 3455 1394 3496 omnes
1442 3436 1503 3496 in
1536 3435 1804 3496 Ecclesia
1837 3436 2032 3496 sancti
2068 3437 2363 3516 Stephani
2397 3437 2534 3512 sint,
2568 3453 2627 3498 et
2660 3453 2806 3498 tunc
2839 3437 2900 3497 in
2935 3437 3049 3496 Dei

428 3542 685 3603 nomine
731 3542 1214 3623 completorium
1262 3557 1526 3604 cantent.
1591 3543 1667 3603 Et
1714 3558 2046 3623 postquam
2082 3544 2560 3623 completorium
2593 3558 2906 3604 cantatum
2941 3542 3050 3602 ha-

429 3648 701 3722 buerint;
772 3664 985 3730 postea
1037 3669 1166 3710 non
1222 3649 1447 3727 bibant,
1499 3667 1612 3709 nec
1657 3649 2038 3709 manducent
2071 3669 2271 3729 usque
2304 3650 2367 3710 in
2412 3650 2746 3710 crastinum
2778 3648 3051 3728 legitima

428 3757 613 3830 hora;
677 3772 736 3817 et
785 3775 1006 3816 omnes
1055 3756 1369 3817 silentium
1416 3770 1685 3831 teneant,
1734 3772 1792 3816 et
1840 3773 2029 3815 nemo
2077 3775 2223 3816 cum
2273 3757 2462 3816 altero
2511 3757 2803 3837 loquatur
2849 3776 3049 3837 usque

425 3882 607 3924 mane
655 3879 792 3944 post
838 3864 1100 3944 primam
1149 3878 1472 3939 cantatam,
1518 3861 1651 3938 nisi,
1697 3862 1745 3923 si
1792 3881 2041 3923 necesse
2090 3861 2287 3940 fuerit,
2338 3878 2395 3923 et
2427 3862 2548 3923 hoc
2579 3882 2725 3924 cum
2759 3882 3049 3943 suppres-

426 3969 600 4030 sione
632 3971 798 4031 vocis
831 3989 974 4030 cum
1006 3971 1222 4049 grandi
1257 3970 1509 4046 cautela,
1543 3984 1611 4030 ut
1644 3970 1719 4030 de
1752 3968 1854 4030 illa
1886 3968 2001 4030 alia
2034 3969 2375 4046 mansione,
2397 3990 2556 4049 quae
2589 3969 2751 4045 juxta
2786 3984 2895 4046 est,
2929 3988 3041 4029 sua

426 4094 547 4137 vox
581 4095 710 4137 non
743 4076 1059 4150 audiatur3
1110 4091 1171 4136 et
1202 4076 1309 4156 qui
1344 4076 1421 4136 de
1456 4075 1576 4136 illis
1607 4076 1683 4136 ad
1718 4075 2196 4156 completorium
2234 4094 2360 4136 non
2397 4076 2592 4152 fuerit,
2639 4090 2849 4156 postea
2881 4075 3046 4136 illam

432 4198 679 4243 noctem
730 4202 860 4244 non
913 4198 1263 4264 praesumat
1311 4183 1414 4243 illa
1462 4182 1615 4244 ostia
1663 4183 1945 4261 tundere,
1993 4202 2106 4243 nec
2153 4202 2260 4263 per
2305 4182 2507 4242 ullum
2553 4182 2766 4243 locum
2821 4183 2885 4242 in
2917 4182 3047 4262 ipsa

431 4290 688 4351 claustra
736 4289 997 4369 ingredi,
1047 4306 1381 4370 antequam
1415 4290 1492 4351 ad
1526 4307 1860 4351 nocturnas
1893 4290 2156 4351 veniant.
2224 4291 2353 4351 Nec
2385 4289 2900 4360 ArchidiaconuS‚
2937 4309 3050 4350 nec

431 4396 841 4474 PrimiceriuS,
891 4417 1002 4458 nec
1050 4397 1149 4457 ille
1183 4397 1484 4458 Ostiarius
1536 4399 1734 4458 ullum
1782 4412 2203 4457 commeatum
2257 4397 2478 4457 exinde
2527 4398 2760 4458 donare
2793 4399 3047 4479 possint,

428 4516 498 4562 ut
532 4519 667 4583 post
700 4503 1176 4584 completorium
1210 4503 1432 4583 aliquis
1464 4504 1546 4564 ibi
1582 4504 1976 4582 ingrediatur,
2011 4503 2126 4563 nisi
2146 4504 2221 4564 ad
2249 4519 2615 4574 nocturnas;
2652 4503 2766 4565 nisi
2791 4519 3048 4579 tantum,

430 4609 480 4670 si
528 4609 662 4670 talis
695 4629 875 4670 causa
910 4611 1198 4680 evenerit,
1248 4612 1423 4690 quod
1459 4630 1705 4671 necesse
1740 4610 1832 4686 sit,
1866 4625 1932 4669 ut
1963 4610 2084 4671 hoc
2115 4609 2218 4672 ille
2252 4611 2759 4688 ArchidiaconuS,
2791 4610 2888 4670 vel
2920 4611 3051 4671 Pri·-

430 4715 736 4792 micetius,
768 4717 862 4777 vel
896 4718 1005 4797 qni
1039 4731 1187 4777 tunc
1219 4716 1515 4796 temporis
1549 4716 1766 4776 exinde
1798 4714 2162 4795 praeviderit
2195 4717 2271 4777 ad
2304 4716 2481 4777 illurn
2505 4717 2884 4799 Episcopum
2906 4735 3056 4797 pos-

430 4822 507 4883 sit
551 4823 774 4900 dicere,
821 4843 934 4904 pro
973 4844 1096 4905 qua
1130 4845 1313 4886 causa
1347 4825 1468 4885 hoc
1504 4823 1732 4884 factum
1765 4823 1995 4902 fuisset,
2029 4839 2086 4884 et
2117 4823 2166 4884 si
2201 4823 2282 4885 ita
2314 4839 2422 4904 est,
2459 4825 2630 4905 quod
2666 4845 2913 4886 necesse
2947 4824 3041 4904 sit,

432 4946 580 4992 tunc
612 4930 923 4992 licentiam
957 4932 1221 4993 habeant
1252 4930 1611 4993 introeundi
1644 4946 1703 4991 et
1735 4929 2024 4991 exeundi.
