3684 5416
554 1561 603 1594 to

556 2101 602 2146 ¹5

553 2634 607 2667 20

553 3169 605 3213 25

554 3902 607 3948 30

552 4436 602 4481 3⁵

546 4973 602 5013 40

668 370 767 458 2¹8
1728 375 1902 432 Curia
1940 394 2206 433 romana.

662 555 898 618 dinales
941 576 1154 618 causas
1200 574 1257 619 et
1302 560 1746 621 controversias
1789 561 1946 623 inter
1993 561 2338 643 praedictos
2371 558 2640 622 Ordines
2687 573 3004 632 vertentes,
3052 557 3176 619 sive
3207 557 3278 619 in

663 662 1027 726 universum
1073 663 1197 725 sive
1247 665 1478 726 ratione
1512 666 1970 747 particularium
2000 668 2307 744 locorum,
2339 664 2691 727 dummodo
2724 662 2990 726 formam
3026 661 3271 740 judicia·

661 768 815 832 riam
864 789 994 833 non
1040 771 1377 852 requirant.
1443 772 1866 835 Concedimus
1904 775 2107 853 etiam,
2145 790 2209 835 ut
2242 773 2415 834 dictis
2449 770 2883 850 Regularibus,
2920 789 3050 833 non
3083 772 3159 832 ad
3186 771 3272 831 la·

663 877 918 957 xiorem,
971 898 1086 940 nec
1136 879 1211 940 ad
1263 899 1493 961 parem,
1542 881 1649 941 sed
1696 882 1772 941 ad
1821 881 2144 943 arctiorem
2181 879 2573 959 Religionem
2623 877 2986 939 transeundi
3018 879 3087 940 iis
3118 899 3286 960 quos

665 985 905 1048 fervore
955 987 1202 1070 spiritus
1248 986 1537 1048 incensos
1582 987 1659 1048 ad
1706 987 2086 1068 perfectioris
2131 988 2288 1049 vitae
2320 1002 2549 1048 statum
2581 985 2830 1047 transire
2865 984 3020 1048 velle
3052 990 3274 1051 consti·

659 1093 812 1169 terit,
860 1113 990 1155 non
1038 1094 1424 1155 obstantibus
1470 1094 1973 1177 quibuscumque
2007 1096 2556 1158 Praedecessorum
2603 1110 2966 1157 nostrorum
2998 1095 3282 1176 decretis,

659 1199 971 1262 licentiam
1017 1201 1159 1262 dare
1205 1201 1457 1281 possint.
1522 1205 1962 1283 Apostatarum
1996 1220 2253 1284 quoque
2286 1201 2645 1281 ejectorum,
2680 1216 2738 1263 et
2771 1217 3081 1283 praeterea
3114 1221 3276 1265 extra

662 1307 1034 1370 Monasteria
1080 1307 1440 1388 degentium
1488 1323 1593 1369 aut
1644 1310 2000 1388 vagantium
2041 1329 2290 1371 causam
2324 1309 2510 1371 iidem
2544 1307 2905 1370 Cardinales
2938 1310 3190 1372 audiant
3221 1327 3280 1373 et

661 1430 1060 1495 cognoscant,
1092 1434 1325 1494 eosque
1358 1415 1682 1477 coercendi
1715 1432 2084 1496 potestatem
2118 1418 2398 1478 habeant.
2463 1416 2701 1478 Curent
2732 1431 3041 1496 praeterea
3075 1417 3278 1478 visita-

660 1520 846 1583 tionis
888 1521 1278 1602 Apostolicae
1332 1520 1516 1600 jussa,
1570 1539 1627 1583 et
1678 1523 2150 1586 constitutiones
2201 1524 2393 1586 editas
2443 1544 2477 1584 a
2524 1523 2824 1585 Romanis
2875 1523 3294 1585 Pontificibus

661 1628 816 1689 circa
864 1628 1030 1710 ipsos
1065 1627 1399 1707 Regulares
1445 1632 1856 1711 exequendaS,
1906 1648 1965 1693 et
2012 1632 2075 1693 in
2111 1652 2296 1694 usum
2331 1630 2829 1694 introducendas.
2916 1631 3283 1693 Provideant

661 1735 913 1817 insuper
945 1735 1280 1815 Regulares
1311 1737 1591 1798 laudatae
1624 1727 1797 1817 vitae,
1832 1739 1967 1800 zelo
1989 1738 2122 1812 Dei,
2154 1754 2212 1800 et
2244 1738 2455 1801 salutis
2488 1738 2852 1811 animarum,
2876 1752 2934 1797 et
2955 1738 3288 1819 prudentia

659 1842 910 1925 spiritus
959 1841 1286 1922 praeditos,
1349 1844 1900 1926 institutorumque
1952 1846 2364 1927 Regularium
2415 1845 2689 1922 Ordinis,
2751 1861 2809 1906 et
2870 1843 3280 1906 laudabilium

661 1950 1188 2012 consuetudinum
1238 1951 1650 2032 peritissimOS,
1696 1952 1825 2033 qui,
1879 1972 2023 2014 cum
2070 1952 2396 2015 necessitas
2457 1952 2739 2034 exegerit,
2784 1951 3140 2012 Provincias
3187 1951 3283 2012 sui

660 2056 931 2131 Ordinis,
963 2072 1022 2118 et
1056 2076 1186 2119 non
1219 2056 1485 2137 alterius,
1517 2059 1772 2138 receptis
1804 2080 1838 2119 a
1873 2059 2052 2119 nobis
2074 2058 2260 2120 literis
2281 2059 2358 2120 ad
2382 2057 2846 2139 Omnipotentis
2869 2057 2985 2118 Dei
3006 2057 3297 2134 laudem,.

660 2180 718 2225 et
748 2163 1035 2225 locorum
1070 2164 1391 2226 utilitatem
1422 2165 1742 2227 salubriter
1774 2166 2014 2227 visitare
2046 2167 2300 2228 valeant.
2367 2166 2497 2228 Sub
2537 2165 2792 2226 nomine
2825 2180 3030 2224 autem
3067 2163 3283 2242 Regu-

659 2270 881 2332 larium
928 2271 1111 2332 etiam
1145 2271 1452 2333 Moniales
1499 2270 1768 2347 cujusvis
1812 2273 1936 2334 sint
1983 2273 2247 2350 regulae,
2280 2286 2337 2332 et
2369 2269 2792 2334 observantiae
2828 2268 3283 2351 comprehendi

660 2378 972 2440 volumus.
1036 2377 1242 2439 Omne
1289 2379 1562 2461 denique
1608 2379 1887 2440 studium
1923 2379 2281 2441 Cardinales
2327 2378 2440 2459 ipsi
2487 2378 2873 2460 impendant,
2913 2391 2985 2437 ut
3015 2378 3091 2436 ab
3125 2375 3284 2438 infe-

660 2485 923 2546 rioribus
969 2505 1111 2565 erga
1157 2486 1508 2566 superiores
1555 2485 1757 2547 debita
1791 2486 2102 2547 humilitas
2136 2502 2194 2547 et
2225 2485 2591 2560 obedientia,
2624 2503 2693 2545 ac
2725 2484 2994 2545 vicissim
3026 2504 3060 2544 a
3092 2503 3279 2563 supe-

660 2592 923 2654 rioribus
968 2612 1110 2671 erga
1156 2592 1295 2654 illos
1342 2609 1588 2674 paterna
1635 2593 2063 2655 benevolentia
2113 2593 2179 2655 in
2213 2594 2403 2654 multa
2436 2591 2723 2654 charitate
2757 2607 2814 2652 et
2846 2590 3182 2671 disciplina,
3220 2590 3296 2650 in.

660 2700 876 2783 spiritu
924 2700 1190 2763 lenitatis
1237 2700 1618 2776 adhibeatur,
1666 2721 1819 2763 neve
1867 2701 2265 2763 dominentur
2297 2700 2453 2763 inter
2489 2700 2744 2775 Fratres,
2777 2698 2884 2762 sed
2917 2697 3285 2780 Superiores

660 2807 779 2888 ipsi
813 2807 1017 2868 Patres
1063 2829 1127 2869 se
1176 2828 1307 2869 esse
1355 2807 1768 2870 meminerint.
1836 2809 2155 2871 Postremo
2203 2809 2458 2869 eosdem
2490 2805 2852 2868 Cardinales
2899 2805 3077 2886 quasi
3111 2805 3284 2867 Reli-

660 2914 982 2994 giosorum
1028 2915 1308 2976 omnium
1344 2916 1723 2977 tutissimum
1758 2916 2113 2997 perfugium
2148 2935 2279 2977 esse
2312 2917 2622 2993 volumus,
2655 2931 2723 2976 ut
2756 2932 2978 2976 eorum
3012 2913 3296 2974 auctori-f

663 3037 779 3082 tate
813 3036 870 3082 ct
902 3022 1128 3083 auxilio
1161 3021 1426 3097 recreati,
1459 3022 1722 3082 stadium
1757 3022 2079 3101 religiosae
2110 3022 2283 3098 vitae,
2315 3038 2373 3083 et
2406 3021 2700 3101 regularis
2733 3019 3124 3102 perfectionis
3144 3018 3293 3079 sine·

661 3127 1109 3211 impedimento
1142 3145 1385 3189 strenue
1420 3146 1791 3211 percurrant.
2456 3131 2462 3137 '

842 3359 1260 3440 Congregatio
1295 3359 1462 3435 XII„
1481 3371 1604 3443 pro
1638 3361 2216 3423 Consultationibus
2248 3360 2714 3441 Episcoporum,
2747 3366 2806 3419 et
2834 3359 3097 3419 aliorum

1748 3469 2190 3529 Praelatorum.

875 3665 951 3726 Et
996 3683 1111 3725 nos
1150 3665 1403 3745 quidem
1436 3684 1507 3726 ex
1539 3664 1933 3746 Apostolicae
1965 3663 2269 3724 servitutis
2301 3662 2531 3740 offfcio,
2567 3660 2858 3723 omnibus
2890 3659 3292 3723 Christifide-—¹

658 3773 819 3834 libus
865 3773 941 3834 ad
988 3772 1474 3834 aedificationem
1506 3772 1810 3834 debitores
1844 3792 2081 3847 sumus,
2117 3771 2225 3831 sed
2258 3786 2466 3831 tamen
2489 3768 2819 3851 praecipuo
2853 3766 3155 3829 charitatis
3187 3765 3280 3826 af-

662 3878 840 3954 fectu,
905 3880 971 3940 in
1022 3879 1275 3941 Christo
1322 3880 1787 3961 complectimur
1835 3878 2231 3940 Venerabiles
2282 3877 2519 3939 Fratres
2571 3895 2815 3937 nostros
2867 3873 3289 3935 Ecclesiarum

662 3986 980 4047 Praesules
1013 4002 1070 4046 et
1103 3987 1403 4062 PastoreS,
1457 3987 1563 4067 qui
1599 4006 1670 4046 ex
1706 4001 2029 4066 praecepto
2064 3985 2346 4066 Apostoli
2380 3983 2646 4064 vigilant,
2677 3983 2739 4043 in
2772 3980 3066 4044 omnibus
3099 3981 3273 4041 labo-

663 4109 813 4168 rant,
849 4093 1386 4173 ministeriumque
1417 4112 1604 4155 suum
1638 4092 1915 4173 implent.

875 4206 905 4266 s
949 4218 999 4258 t.
1050 4197 1261 4273 Quare
1297 4214 1364 4259 ut
1396 4200 1471 4259 ab
1503 4198 1862 4279 Apostolica
1901 4198 2079 4275 Sede,
2108 4220 2138 4258 a
2176 4217 2320 4278 qua,
2342 4213 2639 4277 tanquam
2670 4217 2703 4256 a
2738 4212 2927 4256 matre
2961 4194 3269 4255 bonorem

661 4318 720 4363 et
764 4302 1250 4379 jurisdictionem
1297 4324 1679 4387 acceperunt,
1715 4306 1848 4382 sibi,
1882 4326 2026 4367 cum
2060 4326 2222 4388 opus
2256 4306 2384 4384 erit,
2419 4305 2734 4381 auxilium,
2771 4303 3284 4386 praesidiumque·

660 4426 936 4492 paratum
971 4431 1100 4471 esse
1132 4412 1491 4494 intelligant,
1538 4430 1604 4475 ut
1648 4432 1866 4494 greges
1897 4432 2048 4475 suos
2080 4429 2250 4475 tanto
2284 4413 2664 4474 fructuosius
2700 4427 2959 4493 pascant,
2992 4409 3285 4491 quinque<

657 4517 869 4578 itidem
901 4516 1257 4580 Cardinales
1308 4521 1750 4601 praeponimus
1785 4520 2240 4602 Episcoporum
2276 4536 2333 4580 et
2367 4520 2628 4580 aliorum
2665 4518 3081 4579 Praelatorum
3116 4536 3271 4578 con·

657 4625 1092 4688 sultationibus
1125 4626 1460 4689 audiendis.
1494 4628 1787 4705 Quorum
1824 4629 1935 4689 erit
1968 4628 2239 4700 facultaS,
2277 4644 2342 4689 ut
2377 4628 2881 4700 patriarcharum,
2916 4624 3284 4699 Primatum,

658 4734 1307 4815 Archiepiscoporum,
1340 4735 1817 4817 Episcoporum,
1854 4738 2292 4807 Praelatorum,
2341 4752 2398 4796 et
2445 4730 2912 4797 Ordinatiorum
2959 4752 3269 4813 quorum-

658 4862 926 4923 cumque
972 4841 1151 4904 etiam
1190 4842 1571 4921 inferiorum,
1605 4863 1735 4905 non
1769 4861 1978 4905 tamen
2013 4845 2433 4924 Regularium,
2469 4842 2788 4924 petitiones
2820 4841 3088 4917 audiant,
3123 4859 3267 4921 pro-

659 4948 995 5031 positisque
1049 4948 1528 5025 difficultatibuS,
1591 4952 2078 5031 quaestionibus,
2143 4971 2213 5012 ac
2263 4948 2715 5025 controversiis,
2774 4948 3030 5028 aliisque
3083 4966 3286 5029 super·

1712 5084 1735 5113 a.
