3684 5416
473 1488 523 1519 10

479 2027 521 2071 ¹5

472 2563 526 2594 20

474 3097 523 3140 ²5

569 319 672 388 462
1700 319 2049 372 CardinaleS.

571 505 763 582 liceat,
809 503 1126 584 praedictis
1158 521 1304 564 vero
1338 502 1627 563 omnibus
1660 503 1827 580 lociS,
1879 518 1939 565 et
1972 501 2216 564 familiis
2248 522 2393 563 cum
2425 503 2719 563 omnibus
2753 521 2970 563 eorum
3005 502 3191 582 perti-

575 612 881 688 nentibuS,
917 610 1072 672 sicut
1104 610 1388 691 superius
1422 610 1610 671 missa
1642 626 1788 671 sunt
1820 631 1856 670 a
1890 609 2191 692 praesenti
2227 610 2466 671 decima
2497 609 2853 688 indictione,
2875 608 3002 686 tibi,
3036 609 3190 670 tuis-

573 738 694 797 que
739 717 1196 779 successoribus
1247 717 1311 777 in
1358 718 1578 779 eodem
1631 716 1961 777 venerabili
1996 717 2325 798 Episcopio
2359 717 2421 777 in
2456 733 2824 797 perpetuum
2856 718 3187 792 donamus,

571 825 885 904 largimur,
921 824 1342 897 concedimus,
1378 840 1435 884 et
1467 823 1935 900 confirmamus,
1966 838 2150 904 atque
2171 823 2511 885 stabilimus
2531 823 2879 904 perenniter
2898 823 2962 884 in
2985 841 3190 898 usum,

575 949 632 994 et
665 933 989 995 utilitatem
1021 932 1214 1013 ipsius
1249 931 1610 992 venerabilis
1646 930 1979 1012 Episcopii,
2011 947 2070 991 et
2101 931 2581 1012 Episcoporum,
2629 930 2738 1011 qui
2770 950 2878 1011 per
2910 947 3187 1009 tempora

572 1041 885 1102 tenuerint
917 1041 1112 1122 ipsam
1146 1041 1482 1104 ecclesiam.
1518 1041 1866 1103 Statuentes
1901 1041 2136 1122 quippe
2169 1040 2527 1122 Apostolica
2560 1060 2814 1101 censura
2846 1042 2963 1101 sub
2997 1038 3187 1100 divini

574 1148 780 1209 iudicii
832 1148 1262 1225 obtestatione,
1312 1162 1371 1208 et
1403 1149 1814 1210 anathematis
1849 1147 2194 1226 interdicto,
2232 1163 2297 1208 ut
2330 1147 2484 1208 nulli
2518 1166 2802 1227 unquam
2833 1163 3188 1210 nostrorum

574 1275 1000 1317 successorum
1052 1255 1445 1334 Pontificum,
1491 1258 1586 1317 vel
1634 1256 1741 1337 qui
1790 1257 2065 1339 publicas
2112 1255 2304 1316 functi
2351 1255 2579 1316 fuerint
2622 1255 2914 1327 actiones,
2946 1253 3042 1313 vel
3075 1253 3188 1313 alia

577 1364 883 1442 quaelibet
916 1382 1158 1442 magna,
1191 1382 1504 1444 parvaque
1538 1382 1798 1444 persona
1831 1363 2072 1440 audeat,
2097 1363 2194 1423 vel
2226 1377 2578 1443 praesumat
2608 1361 2840 1442 aliquid
2874 1361 2949 1422 de
2982 1360 3179 1421 omni·

577 1474 711 1547 buS,
762 1490 922 1550 quae
971 1489 1158 1550 supra
1205 1470 1619 1548 continentur,
1672 1485 1887 1532 contra
1935 1471 2055 1530 hoc
2089 1485 2372 1530 nostrum
2410 1467 2766 1531 pontificale
2800 1466 3186 1549 privilegium

577 1597 776 1657 agere,
825 1577 924 1637 vel
970 1577 1250 1647 alienare,
1300 1591 1405 1637 aut
1450 1576 1709 1654 auferre,
1758 1576 1988 1637 scilicet
2021 1576 2225 1657 potius
2259 1575 2456 1656 firma,
2489 1592 2674 1656 atque
2706 1575 2939 1635 stabilia
2973 1593 3187 1656 perpe-

575 1685 698 1745 tuis
742 1685 1147 1765 temporibus,
1196 1684 1371 1744 sicuti
1406 1705 1439 1744 a
1474 1684 1653 1745 nobis
1686 1699 1924 1760 statuta,
1976 1698 2034 1744 et
2066 1683 2422 1745 confirmata
2455 1698 2599 1744 sunt
2631 1683 3017 1743 decernimus
3049 1699 3187 1762 per-

580 1793 903 1852 manenda.
969 1792 1034 1852 Si
1081 1791 1220 1871 quis
1265 1806 1493 1866 autem,
1540 1791 1716 1871 quod
1764 1810 1896 1852 non
1943 1805 2250 1872 optamus,
2282 1790 2609 1852 temerario
2643 1809 2798 1851 ausu
2830 1804 3037 1850 contra
3071 1788 3189 1848 hoc

580 1915 863 1960 nostrum
895 1898 1326 1978 Apostolicum
1373 1897 1765 1979 privilegium
1810 1897 1874 1957 in
1910 1916 2236 1978 quoquam
2268 1912 2676 1976 transgressor
2707 1915 2838 1956 esse
2871 1913 3188 1976 praesum-

580 2005 784 2086 pserit,
822 2005 916 2065 vel
950 2005 1228 2084 frangere
1261 2024 1449 2066 ausus
1483 2004 1683 2081 fuerit,
1716 2019 1774 2065 et
1805 2004 1868 2065 in
1902 2005 2200 2065 omnibus
2235 2003 2550 2079 obediens,
2582 2018 2641 2064 et
2673 2005 3029 2063 observator
3060 2018 3190 2060 esse

580 2111 865 2189 noluerit,
913 2111 1063 2173 sciat
1093 2131 1157 2173 se
1190 2111 1545 2173 auctoritate
1581 2112 1693 2171 Dei
1728 2110 2195 2191 omnipotentiS,
2246 2126 2303 2171 et
2338 2110 2594 2171 Domini
2630 2109 2819 2170 nostri
2855 2107 3189 2189 Apostolo-

579 2240 718 2281 rum
773 2220 1064 2301 principis
1099 2221 1277 2297 Petri,
1330 2220 1506 2298 cujus
1557 2221 1695 2281 licet
1745 2220 2053 2297 immeriti,
2103 2220 2215 2280 Dei
2265 2235 2473 2281 tamen
2521 2219 2875 2298 dignatione
2918 2217 3190 2297 gerimus

579 2327 758 2403 viceS,
791 2327 1196 2388 anathematis
1229 2328 1478 2388 vinculo
1511 2327 1901 2402 innodatum,
1934 2341 1993 2387 et
2024 2348 2056 2387 a
2091 2329 2314 2408 Regno
2351 2326 2466 2387 Dei
2497 2325 2786 2401 alienum,
2831 2340 3013 2405 atque
3048 2342 3189 2384 cum

579 2435 734 2495 Juda
782 2435 1073 2495 traditore
1108 2434 1366 2494 Domini
1415 2434 1608 2495 nostri
1641 2434 1783 2495 Jesu
1818 2434 2069 2510 Christi,
2117 2449 2176 2494 et
2221 2434 2518 2494 omnibus
2550 2432 2754 2513 impiis
2786 2431 2989 2492 socius
3022 2431 3096 2491 sit
3126 2430 3190 2490 in

581 2541 843 2602 inferno.
910 2540 1041 2616 Qui
1072 2559 1220 2603 vero
1253 2560 1367 2622 pro
1399 2540 1625 2602 intuitu
1660 2557 1885 2614 custOS‚
1919 2557 1977 2601 et
2011 2543 2367 2602 observator
2401 2538 2590 2618 hujus
2623 2539 2815 2599 nostri
2846 2536 3189 2619 Apostolici

580 2647 879 2729 privilegii
927 2648 1195 2726 extiterit,
1242 2650 1493 2728 meritiS,
1541 2664 1726 2729 atque
1775 2648 2058 2729 precibus
2104 2648 2171 2708 B.
2204 2647 2364 2710 Petri
2398 2646 2839 2728 Apostolorum
2875 2644 3188 2729 principis,

582 2772 636 2816 et
685 2756 789 2817 SS.
827 2758 1168 2837 Martyrum
1204 2757 1489 2835 Rufinae,
1524 2773 1581 2817 et
1614 2757 1937 2819 Secundae
1972 2757 2036 2816 in
2069 2756 2367 2816 aethereis
2399 2754 2639 2815 arcibus
2672 2755 2959 2834 praemia,
2996 2769 3054 2814 et
3086 2755 3189 2813 be-

581 2861 950 2923 nedictionis
995 2864 1270 2943 gratiam,
1325 2881 1505 2943 atque
1557 2864 2065 2940 misericordiam,
2099 2885 2131 2923 a
2167 2861 2327 2940 justo
2360 2860 2562 2939 judice
2597 2862 2874 2922 Domino
2907 2862 3042 2922 Deo
3076 2880 3190 2921 no·
3259 2899 3271 2910 ·

580 2984 724 3046 stro,
756 2969 945 3028 vitam
976 2985 1284 3031 aeternam
1322 2971 1651 3051 percipere,
1685 2986 1743 3031 et
1764 2970 2042 3031 inuenire
2067 2985 2414 3031 mereantur
2432 2969 2496 3029 in
2517 2969 2760 3030 saecula
2779 2967 3190 3043 saeculorum,

580 3082 804 3139 Amen.
868 3077 1177 3158 Scriptum
1225 3097 1334 3158 per
1379 3097 1638 3139 manum
1686 3076 1939 3157 Georgii
1986 3077 2206 3139 notarii
2252 3077 2599 3158 regionarii,
2644 3093 2824 3158 atque
2871 3076 3193 3157 Scriptoris

582 3182 643 3243 S.
680 3186 753 3244 R.
788 3183 1091 3244 Ecclesiae
1124 3185 1187 3245 in
1222 3204 1433 3246 mense
1469 3184 1846 3263 Decembris,
1882 3199 1940 3245 et
1972 3184 2304 3246 indictione
2336 3185 2741 3267 suprascripta
2774 3185 2849 3247 X.
2928 3218 3016 3227 —-
3113 3218 3189 3227 —

797 3398 1029 3460 Datum
1075 3401 1165 3461 16.
1200 3399 1332 3459 Kal.
1364 3398 1635 3459 Januarii
1668 3417 1773 3479 per
1807 3416 2032 3458 manus
2069 3397 2377 3458 Benedicti
2409 3397 2699 3478 Episcopi
2733 3397 3106 3474 PortuensiS,
3137 3414 3194 3458 et

583 3505 713 3566 vice
749 3506 1059 3585 Peregrini
1095 3506 1453 3567 Coloniens.
1486 3504 1954 3586 Archiepis'copi
1990 3504 2436 3566 Bibliethecarii
2470 3503 2531 3567 S.
2566 3506 2954 3585 Apostolicae
3000 3506 3192 3577 sedis;

476 3633 530 3676 30
581 3631 751 3673 anno
787 3612 1184 3674 Pontificatus
1219 3612 1475 3674 Domini
1526 3612 1716 3674 nostri
1763 3612 2019 3674 Joannis
2070 3612 2299 3672 summi
2351 3611 2682 3688 pontificis,
2732 3628 2790 3672 et
2842 3611 3194 3674 universalis

480 4315 528 4359 35

584 3720 739 3782 XIX.
774 3720 972 3799 Papae
1017 3720 1081 3781 in
1127 3720 1530 3782 sacratissima
1576 3720 1721 3780 sede
1771 3721 1834 3781 B.
1871 3719 2026 3779 Petri
2062 3719 2368 3799 Apostoli,
2415 3719 2593 3779 tertio
2641 3738 2854 3780 mense
2905 3721 3192 3781 Decemb.

584 3826 919 3888 Indictione
952 3828 1026 3889 X.
1095 3825 1271 3906 [circa
1303 3848 1353 3889 a.
1399 3825 1599 3905 1026.]
1774 3828 1775 3831 ’

1027 4073 1152 4129 Ῑθθ.
1210 4072 1626 4128 coNGILIUM
1665 4071 2282 4128 CONSTANTIENSE
2320 4070 2752 4140 (1414-1418).

802 4215 828 4243 ¹*
887 4215 1204 4284 Hubler,
1253 4218 1360 4269 Die
1401 4217 1730 4286 szstanfer
1779 4217 2159 4286 Reformation
2212 4217 2328 4269 und
2375 4216 2462 4267 dic
2516 4216 2854 4269 Concordate:
2903 4232 2998 4266 von
3045 4215 3195 4281 1418.

586 4292 821 4364 Leipzig
854 4296 1004 4367 1867.
1046 4313 1097 4367 p.
1145 4295 1443 4368 rz8—130.
1502 4296 1946 4360 Hinschius‚
1988 4297 2399 4351 Kircleenrecht.
2439 4296 2614 4350 Tom.
2642 4295 2678 4348 1.
2708 4313 2760 4366 p.
2791 4312 2910 4366 340.
2952 4293 3197 4348 Fried-

586 4375 802 4444 berg,
842 4375 1136 4443 Lebrbzaeh,
1176 4377 1210 4444 ξ
1247 4394 1321 4447 ¹5·
1387 4375 1848 4446 Sagmullen
1888 4376 2179 4430 Lehrbuch.
2219 4378 2254 4445 ξ
2290 4394 2402 4446 ¹05·

782 4528 909 4585 Art.
947 4524 986 4585 I.
1034 4525 1135 4585 De
1167 4546 1416 4586 numero
1450 4527 1744 4607 qualitate
1777 4533 1837 4586 et
1869 4529 2115 4586 natione
2152 4527 2541 4586 dominorum
2576 4525 3007 4586 cardinalium.

800 4668 1141 4731 Statuimus
1189 4687 1256 4731 ut
1290 4670 1578 4752 deinceps
1614 4689 1914 4731 numerus
1951 4669 2354 4730 cardinalium
2388 4668 2446 4729 S.
2480 4671 2554 4730 R.
2589 4670 2656 4730 E.
2690 4670 2846 4731 adeo
2878 4670 2953 4730 sit
2983 4671 3199 4731 mode-

588 4792 774 4852 ratus,
807 4777 982 4855 quod
1017 4796 1128 4838 nec
1158 4777 1235 4838 sit
1264 4777 1466 4857 gravis
1500 4777 1788 4838 ecclesiae
1823 4796 1936 4837 nec
1972 4776 2288 4857 superflua
2324 4777 2761 4839 numerositate
2794 4777 3057 4838 vilescat.
3091 4778 3199 4857 qui

484 4904 535 4945 40
576 4883 665 4957 de
712 4884 1007 4945 omnibus
1055 4885 1327 4964 partibus
1360 4884 1808 4945 christianitatis
1841 4884 2450 4965 proportionabiliter
2482 4901 2783 4964 quantum
2819 4883 2946 4945 fieri
2981 4884 3202 4967 poterit
