3684 5416
397 1533 447 1563 10

396 2066 442 2109 ι5

390 2605 445 2638 20

389 3140 439 3184 ²5

389 3675 443 3719 30

388 4208 439 4251 35

1498 359 1766 415 Pontifex
1806 378 2100 414 romanus.
3008 378 3122 432 407

501 562 859 628 potestatem
910 564 1038 606 non
1087 566 1218 606 esse
1267 546 1640 608 ordinariam
1689 561 1748 606 et
1782 545 2201 607 immediatam
2234 545 2358 605 sive
2394 546 2456 606 in
2492 566 2712 609 omnes
2747 568 2817 608 ac
2846 546 3120 628 singulas

501 655 802 728 ecclesias,
838 655 963 715 sive
997 654 1061 714 in
1095 673 1314 715 omnes
1346 670 1404 715 et
1435 653 1714 733 singulos
1748 671 2022 736 pastores
2056 670 2113 714 et
2146 653 2391 728 fideles;
2441 655 2770 715 anathema
2804 656 2900 715 sit.

712 763 863 843 Cap.
890 762 984 823 IV.
1022 762 1121 821 De
1143 762 1415 824 Romani
1431 761 1763 842 Pontificis
1785 761 2121 842 infallibili
2136 763 2513 841 magisterio.
2551 763 2688 842 Ipso
2712 779 2917 823 autem
2940 768 3114 843 Apo-

499 870 714 932 stolico
747 870 1031 950 primatu,
1068 888 1258 950 quem
1282 870 1605 930 Romanus
1631 869 1903 930 Pontifex
1938 885 2235 948 tanquam
2261 868 2418 928 Petri
2454 869 2743 950 principis
2777 869 3116 949 Apostolo-

500 999 639 1040 rum
684 998 1002 1039 successor
1048 978 1112 1038 in
1162 979 1513 1039 universam
1550 978 1882 1038 Ecclesiam
1931 977 2183 1048 obtinet,
2233 995 2584 1056 supremam
2631 997 2889 1057 quoque
2923 977 3118 1055 magi-

497 1086 658 1147 sterii
692 1101 1056 1167 potestatem
1088 1085 1552 1165 comprehendi,
1588 1087 1736 1146 haec
1769 1085 1986 1146 Sancta
2020 1083 2210 1144 Sedes
2242 1101 2484 1164 semper
2517 1084 2732 1156 tenuit,
2784 1098 3119 1165 perpetuus

499 1191 800 1252 Ecclesiae
855 1212 1004 1253 usus
1056 1194 1441 1272 comprobat,
1493 1192 1750 1273 ipsaque
1801 1190 2201 1253 oecumenica
2253 1189 2553 1267 Concilia,
2607 1211 2675 1251 ea
2723 1189 3022 1271 inprimis,
3056 1190 3120 1251 in

500 1298 725 1379 quibus
762 1298 984 1359 Oriens
1031 1318 1174 1359 cum
1207 1299 1543 1361 Occidente
1589 1301 1655 1361 in
1704 1299 1844 1361 fidei
1890 1298 2320 1378 charitatisque
2357 1298 2656 1359 unionem
2693 1298 3118 1374 conveniebat,

500 1407 978 1469 declaraverunt.
1046 1407 1252 1467 Patres
1299 1407 1467 1467 enim
1499 1407 1765 1469 Concilii
1812 1405 2487 1487 Constantinopolitani
2535 1407 2755 1486 quarti,
2810 1405 3118 1466 maiorum

499 1513 765 1594 vestigiis
798 1513 1206 1588 inhaerentes,
1243 1514 1401 1574 hanc
1431 1513 1778 1576 solemnem
1812 1515 2140 1576 ediderunt
2177 1514 2658 1597 professionem:
2712 1514 2908 1574 Prima
2955 1513 3120 1574 salus

501 1637 610 1700 est,
659 1636 854 1680 rectae
903 1619 1049 1680 fidei
1081 1620 1359 1698 regulam
1393 1620 1724 1682 custodire.
1794 1621 1866 1681 Et
1897 1620 2041 1701 quia
2077 1640 2206 1682 non
2241 1636 2443 1702 potest
2475 1620 2714 1681 domini
2748 1620 2942 1680 nostri
2975 1621 3117 1681 Jesu

498 1726 724 1788 Christi
770 1726 1161 1808 praetermitti
1194 1728 1493 1787 sententia
1540 1726 1827 1788 dicentis:
1891 1727 1994 1788 Tu
2044 1748 2107 1788 es
2145 1728 2353 1788 Petrus
2386 1742 2444 1787 et
2475 1747 2663 1807 super
2697 1728 2854 1787 hanc
2887 1743 3119 1807 petram

499 1832 834 1894 aedificabo
869 1833 1201 1893 Ecclesiam
1234 1852 1458 1907 meam,
1496 1834 1664 1908 haec,
1716 1854 1875 1915 quae
1909 1834 2068 1894 dicta
2101 1848 2247 1894 sunt
2279 1853 2486 1894 rerum
2519 1836 2860 1914 probantur
2892 1831 3117 1893 effecti-

499 1943 633 2016 bus,
686 1939 826 2020 quia
880 1939 945 1999 in
994 1940 1152 2000 Sede
1201 1940 1559 2020 Apostolica
1608 1939 2001 2002 immaculata
2050 1956 2140 2002 est
2186 1958 2429 2020 semper
2475 1939 2773 1999 catholica
2821 1955 3118 2000 reservata

498 2047 731 2126 religiO,
767 2062 825 2107 et
857 2062 1062 2106 sancta
1095 2046 1391 2107 celebrata
1427 2047 1726 2109 doctrina.
1763 2051 1860 2108 Ab
1894 2048 2081 2108 huius
2115 2065 2262 2123 ergo
2297 2045 2416 2106 fije
2450 2062 2506 2105 et
2539 2045 2816 2106 doctrina
2850 2045 3114 2126 separari

497 2153 753 2215 minime
787 2154 1126 2234 cupientes,
1161 2173 1499 2234 speramuS,
1546 2172 1612 2215 ut
1644 2155 1706 2215 in
1744 2174 1866 2215 una
1900 2154 2364 2231 communione,
2401 2171 2592 2233 quam
2626 2152 2814 2213 Sedes
2851 2159 3117 2233 Aposto-

497 2260 608 2321 lica
644 2260 964 2340 praedicat,
997 2279 1128 2320 esse
1162 2279 1527 2332 mereamur,
1562 2263 1624 2321 in
1659 2282 1783 2342 qua
1817 2277 1906 2322 est
1937 2263 2168 2339 integra
2203 2277 2259 2321 et
2291 2280 2431 2321 vera
2453 2259 2837 2320 Christianae
2872 2259 3117 2339 religio·

498 2367 592 2429 nis
625 2366 895 2428 soliditas
930 2366 1038 2442 (Ex
1075 2367 1339 2427 formula
1374 2367 1435 2428 S.
1470 2368 1841 2429 Hormisdae
1878 2369 2094 2448 Papae,
2145 2382 2328 2449 prout
2361 2369 2436 2427 ab
2468 2366 2787 2427 Hadriano
2821 2364 2891 2426 11.
2929 2366 3118 2426 Patri-

500 2476 612 2534 bus
646 2472 909 2534 Concilii
943 2474 1326 2536 oecumenici
1350 2473 1498 2550 VIII,
1530 2475 2207 2556 Constantinopolitani
2228 2475 2326 2536 IV.
2352 2473 2665 2554 proposita
2698 2488 2756 2533 et
2787 2473 2861 2532 ab
2895 2471 3113 2533 iisdem

496 2580 839 2661 subscripta
890 2582 1018 2657 est).
1101 2583 1503 2661 Approbante
1554 2599 1701 2644 vero
1754 2582 2164 2660 Lugdunensi
2218 2580 2503 2642 Concilio
2553 2579 2852 2650 secunde,
2899 2579 3116 2640 Graeci

497 2686 754 2769 professi
787 2704 962 2749 sunt:
998 2686 1284 2750 Sanctam
1307 2689 1655 2751 Romanam
1678 2689 2013 2753 Ecclesiam
2045 2706 2368 2750 summum
2403 2704 2460 2749 et
2492 2687 2750 2770 plenum
2783 2686 3117 2770 primatum

498 2811 554 2856 et
600 2794 1011 2875 principatum
1056 2814 1244 2876 super
1292 2796 1642 2857 universam
1690 2797 2026 2857 Ecclesiam
2073 2796 2437 2857 catholicam
2483 2796 2778 2873 obtinere,
2829 2814 3018 2875 quem
3054 2813 3117 2855 se

497 2904 572 2961 ab
621 2903 758 2982 ipso
805 2901 1082 2963 Domino
1134 2901 1197 2962 in
1251 2905 1429 2964 beato
1481 2904 1657 2964 Petro
1702 2903 2129 2985 apostolorum
2177 2902 2450 2984 principe
2496 2902 2621 2963 sive
2669 2902 2907 2976 vertice,
2939 2900 3118 2963 cuius

499 3008 823 3069 Romanus
855 3007 1133 3069 Pontifex
1167 3025 1256 3070 est
1286 3029 1622 3086 successor,
1656 3030 1801 3072 cum
1836 3012 2151 3093 potestatis
2183 3010 2571 3093 plenitudine
2616 3009 2914 3090 recepisse
2947 3029 3115 3070 vera-

497 3115 643 3175 citer
688 3130 747 3177 et
797 3115 1111 3176 humiliter
1156 3116 1570 3197 recognosci13
1622 3134 1678 3179 et
1712 3119 1867 3180 sicut
1900 3138 2041 3200 prae
2076 3118 2324 3180 caeteris
2356 3133 2596 3179 tenetur
2627 3117 2767 3177 fidei
2802 3117 3119 3178 veritatem

501 3220 852 3299 defendere,
878 3221 1033 3283 sicut
1065 3237 1141 3301 et,
1165 3224 1213 3283 si
1247 3242 1407 3304 quae
1441 3226 1517 3285 de
1551 3224 1670 3285 fide
1705 3228 1995 3286 subortae
2028 3221 2259 3287 ⁴fuerint
2292 3225 2706 3305 quaestiones,
2741 3245 2859 3285 suo
2894 3226 3118 3283 debent

499 3327 726 3405 judicio
760 3328 1018 3390 definiri.
1072 3329 1506 3391 Florentinum
1540 3331 1808 3411 denique
1844 3331 2204 3393 Concilium
2238 3332 2547 3392 definivit:
2589 3330 2953 3391 Pontificem
2987 3331 3116 3390 Ro-

498 3454 777 3513 manum,
831 3455 1048 3497 verum
1099 3434 1329 3497 Christi
1383 3436 1716 3513 Vicarium,
1769 3438 2085 3517 totiusque
2138 3438 2440 3498 Ecclesiae
2487 3454 2668 3518 caput
2719 3452 2778 3497 et
2827 3437 3117 3497 omnium

499 3542 995 3605 Christianorum
1030 3560 1266 3626 patrem
1299 3564 1368 3605 ac
1399 3544 1721 3605 doctorem
1754 3545 2041 3617 existere;
2078 3561 2137 3605 et
2172 3545 2286 3625 ipsi
2321 3545 2381 3605 in
2404 3547 2582 3605 beato
2605 3545 2783 3604 Petro
2807 3542 3116 3623 pascendi,

498 3650 748 3729 regendi
780 3670 850 3711 ac
880 3651 1268 3730 gubernandi
1304 3651 1709 3712 universalem
1742 3651 2082 3712 Ecclesiam
2117 3673 2148 3711 a
2173 3651 2446 3712 Domino
2470 3666 2681 3711 nostro
2702 3651 2844 3710 Jesu
2868 3648 3117 3710 Christo

496 3755 745 3838 plenam
781 3773 1138 3839 potestatem
1173 3758 1457 3819 traditam
1489 3777 1638 3819 esse.

708 3866 874 3927 Huic
920 3867 1208 3948 pastorali
1258 3868 1501 3928 muneri
1550 3883 1618 3928 ut
1664 3867 2097 3945 satisfacerent,
2148 3867 2650 3928 Praedecessores
2687 3865 2894 3925 Nostri
2943 3866 3114 3925 inde-

496 3973 718 4035 fessam
766 3993 1009 4055 semper
1054 3993 1309 4054 operam
1356 3974 1680 4052 dederunt,
1716 3992 1782 4036 ut
1814 3975 2093 4036 salutaris
2127 3973 2353 4035 Christi
2389 3972 2668 4034 doctrina
2701 3971 2864 4052 apud
2898 3990 3117 4031 omnes

496 4096 686 4141 terrae
732 4082 1000 4162 populos
1047 4099 1488 4164 propagaretur
1529 4081 1783 4162 parique
1829 4101 1974 4142 cura
2007 4081 2351 4160 vigilarunt,
2398 4095 2486 4154 ut,
2526 4080 2629 4140 ubi
2664 4093 2904 4159 recepta
2940 4093 3116 4149 esset,

497 4189 730 4249 sincera
778 4204 836 4249 et
883 4209 1033 4270 pura
1080 4205 1567 4251 conservaretur.
1635 4189 1944 4264 Quocirca
1989 4189 2174 4249 totius
2207 4188 2373 4248 orbis
2408 4186 2742 4263 Antistites,
2790 4206 2958 4247 nunc
2989 4186 3116 4247 sin-

497 4295 643 4373 guli,
692 4314 861 4356 nunc
907 4297 971 4356 in
1008 4294 1325 4377 Synnodis
1373 4296 1749 4376 congregati,
1795 4296 2051 4377 longam
2084 4294 2475 4356 ecclesiarum
2512 4295 3028 4355 consuetudinem
3061 4310 3117 4354 et

496 4401 786 4482 antiquae
820 4402 1065 4482 regulae
1104 4403 1366 4464 formam
1399 4418 1749 4483 sequentes,
1774 4423 1842 4463 ea
1867 4401 2217 4483 praesertim
2254 4400 2542 4482 pericula,
2568 4421 2727 4481 quae
2761 4401 2824 4462 in
2857 4401 3118 4480 negotiis

498 4508 638 4569 fidei
673 4513 1088 4588 emergebant,
1124 4510 1200 4570 ad
1235 4510 1395 4571 hanc
1417 4508 1636 4570 Sedem
1663 4509 2086 4592 Apostolicam
2120 4508 2476 4583 retulerunt,
2511 4525 2578 4569 ut
2611 4509 2690 4568 ibi
2722 4509 3114 4590 potissimum

496 4618 932 4679 resarcirentur
965 4618 1188 4678 damna
1225 4616 1385 4693 fidei,
1421 4615 1524 4678 ubi
1558 4617 1711 4678 fides
1744 4636 1876 4677 non
1913 4631 2112 4697 potest
2143 4615 2362 4676 sentire
2383 4615 2694 4676 defectum
2718 4615 2834 4690 (Cf.
2857 4616 2915 4677 S.
2941 4616 3122 4676 Bern.

498 4724 685 4805 Epist.
722 4725 932 4803 CXC).
970 4725 1238 4785 Romani
1272 4740 1478 4785 autem
1518 4724 1859 4803 Pontifices,
1897 4740 2083 4805 prout
2115 4739 2472 4803 temporum
2508 4740 2564 4784 et
2600 4742 2807 4783 rerum
2841 4721 3117 4782 conditio

496 4832 808 4909 suadebat,
843 4851 1013 4892 nunc
1046 4832 1399 4893 convocatis
1432 4831 1850 4893 oecumenicis
1872 4830 2167 4892 Conciliis
2200 4846 2305 4890 aut
2338 4830 2646 4911 explorata
2672 4829 2973 4890 Ecclesiae
3010 4849 3118 4909 per

500 4939 714 4998 orbem
750 4938 1056 5019 dispersae
1089 4938 1413 5013 sententia,
1446 4957 1615 4999 nunc
1656 4957 1764 5019 per
1798 4938 2091 5018 Synodos
2126 4937 2536 5019 particulareS,
2573 4956 2743 4997 nunc
2776 4936 2923 5005 aliis,
2961 4956 3118 5016 quae
