3684 5416
532 1519 583 1553 10

530 2052 575 2096 ι5

517 2587 572 2620 20

510 3119 560 3164 ²5

498 3655 552 3699 30

488 4185 540 4229 35

642 328 750 400 468
1783 331 2133 389 CardinaleS.

645 529 909 592 mantur,
954 531 1012 575 et
1053 514 1152 576 vel
1183 515 1249 577 in
1285 516 1405 577 hoc
1436 516 1827 598 potissimum
1860 517 2205 579 necessitati
2236 533 2420 601 atque
2450 494 2690 581 utilitati
2722 520 2910 583 totius
2941 522 3252 586 Ecclesiae

643 621 756 686 sibi
804 622 1165 685 commissae
1212 624 1589 704 consulatur,
1636 624 1717 685 ita
1750 623 1934 686 etiam
1967 624 2238 704 Praelati,
2271 640 2666 707 caeteraeque
2699 627 3003 689 Personae
3039 628 3249 692 Eccle-

639 729 915 792 siasticae
946 732 1024 793 ad
1055 746 1253 792 tantae
1285 730 1595 811 dignitatis
1626 731 2069 793 sublimitatem
2101 733 2532 815 promovendi,
2567 749 2874 796 anteactae
2895 736 3051 797 vitae
3071 737 3256 798 laude

640 853 824 918 atque
870 838 1189 900 excellenti
1235 836 1524 919 quadam,
1570 853 1629 898 et
1673 858 1805 899 rara
1851 839 2215 901 meritorum
2249 841 2795 903 commendatione
2827 862 2972 924 prae
3005 842 3260 904 caeteris

641 944 934 1024 fulgeant,
966 966 1212 1007 necesse
1246 960 1353 1023 est,
1386 959 1456 1006 ut
1488 946 1610 1007 hoc
1642 945 2022 1028 amplissimo
2057 948 2295 1009 honore
2328 947 2502 1027 digni
2534 950 2903 1026 habeantur3
2940 950 3249 1031 siquidem

638 1070 856 1113 eorum
904 1053 1023 1114 vita
1068 1073 1138 1114 ac
1183 1071 1390 1113 mores
1438 1052 1685 1112 caeteris
1731 1053 2019 1134 exemplo
2054 1073 2185 1114 esse
2218 1055 2462 1133 debent,
2496 1057 2678 1116 verba
2712 1071 2771 1118 et
2800 1076 3103 1138 responsa
3136 1076 3256 1139 pro

636 1159 919 1236 oraculis,
972 1160 1205 1220 monita
1257 1179 1326 1219 ac
1378 1173 1692 1239 praecepta
1744 1161 1819 1219 ab
1872 1157 2174 1221 universis
2224 1158 2589 1223 Christianis
2634 1162 2882 1241 regulae
2929 1178 2988 1224 et
3032 1182 3252 1224 norma

636 1280 793 1326 recte
845 1265 1109 1343 vivendi,
1152 1279 1440 1345 recteque
1484 1264 1788 1327 sentiendi
1845 1266 2285 1345 existimantur,
2331 1269 2406 1328 ab
2452 1268 2543 1347 iis,
2579 1269 2753 1349 quasi
2786 1269 3254 1351 sapientissimis

635 1373 942 1456 Magistris
974 1373 1429 1435 Ecclesiasticae
1462 1373 1817 1457 disciplinae
1853 1373 2050 1435 forma
2083 1374 2432 1456 suscipitur,
2474 1394 2633 1456 quae
2665 1376 2743 1436 ad
2777 1395 2999 1453 mores,
3030 1376 3247 1437 vitam—

636 1498 761 1560 que
808 1496 1177 1542 cunctorum
1225 1480 1500 1541 fidelium
1552 1482 2022 1563 componendos
2065 1482 2252 1562 longe
2302 1481 2545 1562 lateque
2591 1481 2811 1542 diffusa
2858 1497 3250 1565 propagetur.

634 1588 750 1671 Ipsi
786 1589 1055 1669 denique
1088 1608 1228 1648 vere
1260 1603 1407 1649 sunt
1438 1589 1523 1650 sal
1556 1604 1768 1668 terrae,
1800 1611 1870 1651 ac
1900 1590 2187 1652 lucernae
2219 1590 2452 1671 positae
2484 1610 2669 1672 super
2686 1591 3144 1669 candelabrum,
3179 1607 3248 1651 ut

633 1697 792 1758 inter
822 1697 1194 1777 sanguinem
1233 1712 1290 1758 et
1322 1695 1715 1775 sanguinem,
1741 1715 1989 1757 causam
2021 1713 2078 1757 et
2110 1715 2378 1775 causam,
2399 1697 2632 1778 lepram
2667 1713 2725 1758 et
2754 1698 2985 1779 lepram
3021 1698 3251 1760 discer-

634 1820 801 1882 nant,
854 1822 925 1864 ac
968 1803 1280 1865 doctrinae
1328 1803 1789 1885 opportunitate
1838 1818 1896 1864 et
1940 1803 2206 1878 veritate,
2254 1802 2498 1864 infirma
2545 1804 2935 1882 confirment,
2972 1805 3246 1886 disrupta

633 1910 1038 1988 consolident,
1084 1911 1405 1991 depravata
1451 1926 1827 1986 convertant,
1875 1909 2121 1971 luceant
2154 1911 2468 1988 omnibuS,
2502 1910 2612 1990 qui
2644 1910 2709 1971 in
2744 1913 2954 1972 Domo
2989 1911 3244 1973 Domini

618 2013 926 2097 habitant,
973 2038 1043 2079 ac
1087 2018 1320 2100 primae
1368 2017 1512 2078 huic
1544 2017 1686 2079 Sedi
1719 2018 2066 2079 assistentes
2099 2034 2353 2080 cunctos
2386 2019 2682 2098 Pastores,
2717 2020 2870 2080 dum
2902 2020 2964 2081 in
2996 2020 3240 2100 gravio-

629 2126 798 2186 ribus
845 2125 1111 2205 negotiis
1156 2126 1439 2186 eamdem
1473 2124 1699 2185 Sedem
1748 2126 2103 2203 consulunt,
2152 2125 2359 2204 ejusve
2391 2144 2576 2207 opem
2610 2125 2963 2208 implorant,
2995 2146 3110 2187 suo
3145 2124 3241 2203 ju·

616 2224 808 2310 dicio,
840 2232 1100 2294 consilio
1132 2247 1191 2295 et
1221 2232 1579 2293 auctoritate
1612 2231 1932 2310 instruere,
1968 2233 2246 2312 dirigere,
2270 2253 2338 2294 ac
2371 2232 2591 2294 docere
2624 2252 2753 2294 non
2785 2247 3042 2294 cessent.
3081 2231 3237 2293 Cae-

627 2355 847 2418 terum,
880 2359 1022 2401 cum
1057 2359 1187 2401 non
1221 2338 1429 2401 solum
1461 2339 1537 2399 ad
1573 2358 1681 2400 eos
1715 2353 1947 2421 spectet
1979 2339 2245 2420 plurima
2275 2355 2334 2400 et
2368 2339 2632 2400 maxima
2666 2339 2967 2400 momenti
2991 2339 3238 2419 negotia

627 2461 684 2507 et
713 2466 946 2524 causaS,
979 2466 1139 2527 quae
1172 2445 1257 2507 eis
1288 2446 1353 2507 in
1387 2446 1515 2507 dies
1548 2446 2036 2523 committuntur,
2070 2447 2373 2527 praeclara
2407 2445 2525 2507 fide
2561 2461 2618 2507 et
2653 2446 2976 2527 prudentia
2998 2464 3233 2525 cogno-

624 2574 809 2633 scere,
861 2574 931 2615 ac
963 2552 1400 2636 Legationibus
1451 2552 1515 2613 in
1551 2553 1884 2614 Provinciis
1933 2555 2375 2635 gubernandis,
2428 2569 2487 2615 et
2518 2553 2583 2615 in
2613 2553 2997 2632 gravioribus
3030 2556 3234 2631 rebus,

616 2657 863 2745 ‘saepius
896 2665 972 2726 ad
1006 2664 1209 2743 Reges
1240 2678 1299 2724 et
1329 2661 1734 2745 Imperatores
1765 2662 2071 2746 perfungi.

835 2782 863 2841 s
902 2793 955 2832 2.
1004 2772 1144 2843 Sed,
1191 2770 1362 2851 quod
1397 2770 1685 2832 omnium
1718 2756 1902 2853 caput
1935 2786 1993 2831 et
2024 2790 2265 2831 summa
2298 2784 2407 2845 est,
2439 2790 2510 2830 ex
2544 2788 2764 2831 eorum
2796 2787 3075 2849 corpore,
3113 2788 3227 2829 nu-

619 2890 811 2956 mero,
859 2893 916 2939 et
962 2878 1244 2955 collegio,
1294 2877 1392 2937 ille
1430 2876 1578 2959 ipse,
1615 2878 1723 2957 qui
1758 2878 1994 2939 cunctis
2027 2877 2378 2939 Pastoribus
2412 2893 2499 2937 est
2532 2874 2996 2957 praeficiendus,
3031 2895 3101 2936 ac
3132 2892 3227 2937 to-

615 2984 738 3044 tius
773 2984 1088 3047 Dominici
1120 2983 1338 3061 Gregis
1371 3003 1581 3044 curam
1618 2983 1958 3063 habiturus,
2006 2983 2305 3045 Summus
2338 2982 2615 3044 Pontifex
2661 2982 2980 3062 deligatur,
3013 2980 3230 3042 iidem-

610 3083 740 3172 'que
786 3091 961 3151 illum
1009 3090 1135 3150 suis
1182 3089 1488 3168 suffragiis
1530 3105 1752 3166 creent,
1793 3090 1900 3169 qui
1933 3105 2080 3150 tunc
2113 3090 2366 3150 demum
2403 3088 2653 3169 publico
2689 3091 2862 3149 bono
2894 3088 3227 3150 Christiani

614 3197 852 3278 populi,
887 3196 1157 3278 optimus
1179 3196 1312 3256 sine
1344 3195 1469 3256 ulla
1502 3196 1886 3257 dubitatione
1919 3197 2144 3273 existet,
2176 3196 2224 3256 si
2247 3215 2279 3254 e
2305 3214 2572 3256 numero
2606 3209 2663 3255 et
2694 3194 3002 3276 suffragiis
3023 3197 3221 3256 bono·

612 3324 752 3365 rum
800 3303 1121 3382 deligetur,
1168 3302 1230 3363 in
1278 3302 1392 3362 hac
1437 3321 1602 3363 sacra
1648 3302 1942 3363 electione
1975 3302 2264 3363 censendi
2293 3318 2438 3362 sunt
2468 3301 2593 3362 veri
2626 3302 3005 3383 interpretes,
3041 3317 3223 3382 atque

611 3411 969 3473 internuntii
1015 3409 1347 3470 voluntatis
1395 3409 1530 3488 Dei,
1577 3410 1753 3471 cuius
1785 3408 2013 3490 Spiritu
2061 3410 2220 3470 sicut
2265 3409 2625 3471 universum
2657 3409 2962 3471 Ecclesiae
2998 3429 3227 3491 corpus

605 3519 1016 3582 sanctificatur
1062 3534 1119 3578 et
1163 3516 1410 3596 regitur,
1460 3516 1540 3576 ita
1589 3517 1851 3578 maxime
1900 3519 2021 3579 hoc
2066 3534 2265 3579 totum
2315 3515 2674 3596 hujusmodi
2712 3516 3029 3577 electionis
3063 3537 3226 3597 opus

603 3627 883 3706 ejusdem
930 3627 1135 3687 afflatu
1182 3640 1239 3685 et
1283 3624 1577 3685 instinctu
1618 3626 1851 3687 absolvi
1887 3626 2296 3687 certissimum
2329 3641 2435 3704 est,
2471 3641 2653 3705 atque
2688 3625 2978 3687 omnibus
3012 3625 3220 3706 explo-

602 3752 824 3813 ratum,
876 3749 940 3794 ut
986 3736 1078 3795 vel
1126 3754 1198 3794 ex
1243 3734 1365 3794 hoc
1411 3733 1547 3813 ipso
1594 3733 1854 3815 perspici
1889 3734 2101 3815 possit,
2136 3748 2367 3814 quanta
2398 3733 2462 3793 in
2497 3733 2582 3793 eis
2615 3730 2960 3812 requiratur
2992 3732 3224 3812 puritas

603 3858 661 3904 et
692 3842 1025 3918 sinceritaS,
1061 3842 1136 3901 ab
1170 3839 1342 3900 omni
1375 3838 1570 3899 carnis
1616 3839 1855 3917 affectu,
1902 3839 2282 3921 privatorum
2315 3839 2799 3901 commodorum
2833 3859 3000 3917 cura,
3037 3854 3097 3899 et
3130 3840 3216 3899 fa-

599 3949 876 4013 ctionum
925 3946 1143 4008 studiis
1191 3945 1404 4023 aliena,
1451 3963 1723 4024 quorum
1769 3961 2016 4026 pectora
2064 3960 2122 4006 et
2153 3965 2352 4023 voceS,
2385 3946 2610 4027 templa
2645 3962 2700 4006 et
2733 3964 2968 4025 organa
3009 3945 3216 4007 futura

597 4055 716 4116 sint
748 4054 1011 4135 Spiritus
1045 4052 1268 4130 Sancti,
1303 4066 1362 4112 et
1395 4071 1468 4113 ex
1498 4051 1726 4130 quibus
1759 4052 1933 4132 quasi
1967 4051 2308 4112 seminibus
2340 4051 2389 4112 is
2422 4051 2497 4112 sit
2529 4052 2910 4133 prodituruS,
2932 4053 2996 4113 in
3017 4072 3214 4133 quern

595 4161 782 4222 totius
815 4160 1206 4241 Apostolicae
1242 4158 1551 4239 potestatis
1584 4158 1932 4238 plenitudO,
1968 4159 2103 4220 Deo
2134 4174 2480 4237 annuente,
2501 4160 2719 4220 merito
2752 4159 3123 4223 conferatur.

811 4276 839 4335 s
878 4287 933 4345 3.
986 4265 1398 4345 Quapropter,
1431 4280 1497 4323 ut
1535 4264 1684 4324 tanti
1719 4264 1994 4325 muneris
2025 4249 2371 4345 amplitudo
2403 4285 2472 4324 ea
2505 4284 2627 4344 qua
2662 4264 2842 4325 decet
2873 4267 3214 4326 observan-

593 4374 673 4434 tia
707 4388 764 4441 et
797 4372 1196 4433 admiratione
1244 4372 1408 4452 apud
1456 4385 1711 4431 cunctos
1744 4371 2035 4433 mortales
2069 4372 2431 4449 honoretur,
2466 4388 2523 4431 et
2555 4371 2620 4431 in
2654 4390 2817 4452 quos
2851 4374 2932 4433 ob
2967 4372 3212 4433 celsitu-

594 4470 803 4541 dinem
851 4479 1097 4559 graduS,
1142 4476 1426 4536 omnium
1474 4476 1660 4554 oculi,
1711 4478 2000 4538 omnium
2046 4497 2152 4538 ora
2199 4492 2663 4555 convertuntur,
2711 4478 2773 4539 in
2808 4478 2896 4540 eis
2927 4498 3210 4540 summae

589 4587 899 4669 dignitatis
933 4585 1311 4667 praeclaritas
1345 4599 1402 4645 et
1434 4586 1728 4666 splendor
1761 4587 2016 4661 eluceat,
2053 4602 2237 4667 atque
2272 4587 2336 4646 in
2369 4586 2453 4648 eis
2473 4586 2849 4666 glorificetur
2872 4587 3060 4659 Deus,
3086 4587 3200 4647 ho-

587 4695 939 4757 norificetur
971 4692 1359 4754 Sacerdotale
1395 4692 1827 4767 Ministerium,
1861 4709 1918 4753 et
1951 4692 2213 4754 Animae
2246 4692 2558 4754 Fidelium
2590 4692 3012 4770 laetificentur,
3044 4708 3206 4754 certe

585 4802 767 4863 sacris
813 4799 1206 4882 amplissimis
1254 4798 1440 4877 hujus
1486 4799 1743 4860 honoris
1789 4798 2130 4877 insignibus
2163 4799 2202 4860 ii
2238 4801 2494 4860 demum
2528 4799 2867 4860 decorandi
2899 4800 3209 4877 videntur,

585 4909 692 4989 qui
741 4908 954 4969 eximia
1005 4906 1368 4983 eruditione,
1416 4905 1764 4966 innocentia
1797 4926 1866 4966 ac
1898 4906 2226 4987 sanctitate,
2274 4922 2332 4968 et
2363 4905 2539 4968 omni
2574 4906 2875 4968 virtutum
2909 4925 3136 4987 genere
3168 4927 3203 4968 a
