<?xml version="1.0" encoding="UTF-8"?>
<!DOCTYPE html PUBLIC "-//W3C//DTD XHTML 1.0 Transitional//EN"
    "http://www.w3.org/TR/xhtml1/DTD/xhtml1-transitional.dtd">
<html xmlns="http://www.w3.org/1999/xhtml" xml:lang="en" lang="en">
 <head>
  <title>
</title>
<meta http-equiv="Content-Type" content="text/html;charset=utf-8" />
  <meta name='ocr-system' content='tesseract 3.04.00' />
  <meta name='ocr-capabilities' content='ocr_page ocr_carea ocr_par ocr_line ocrx_word'/>
</head>
<body>
  <div class='ocr_page' id='page_1' title='image "./fontesiuriscano00unkngoog/fontesiuriscano00unkngoog_0512.png"; bbox 0 0 3684 5416; ppageno 0'>
   <div class='ocr_carea' id='block_1_1' title="bbox 537 1591 589 1625">
    <p class='ocr_par' dir='ltr' id='par_1_1' title="bbox 537 1591 589 1625">
     <span class='ocr_line' id='line_1_1' title="bbox 537 1591 589 1625; baseline 0.019 -1"><span class='ocrx_word' id='word_1_1' title='bbox 537 1591 589 1625; x_wconf 76' lang='lat'>10</span> 
     </span>
    </p>
   </div>
   <div class='ocr_carea' id='block_1_2' title="bbox 536 2124 584 2169">
    <p class='ocr_par' dir='ltr' id='par_1_2' title="bbox 536 2124 584 2169">
     <span class='ocr_line' id='line_1_2' title="bbox 536 2124 584 2169; baseline 0 0"><span class='ocrx_word' id='word_1_2' title='bbox 536 2124 584 2169; x_wconf 78' lang='lat'>¹5</span> 
     </span>
    </p>
   </div>
   <div class='ocr_carea' id='block_1_3' title="bbox 531 2659 587 2693">
    <p class='ocr_par' dir='ltr' id='par_1_3' title="bbox 531 2659 587 2693">
     <span class='ocr_line' id='line_1_3' title="bbox 531 2659 587 2693; baseline -0.036 0"><span class='ocrx_word' id='word_1_3' title='bbox 531 2659 587 2693; x_wconf 74' lang='lat'>20</span> 
     </span>
    </p>
   </div>
   <div class='ocr_carea' id='block_1_4' title="bbox 532 3192 583 3237">
    <p class='ocr_par' dir='ltr' id='par_1_4' title="bbox 532 3192 583 3237">
     <span class='ocr_line' id='line_1_4' title="bbox 532 3192 583 3237; baseline 0 0"><span class='ocrx_word' id='word_1_4' title='bbox 532 3192 583 3237; x_wconf 81' lang='lat'>25</span> 
     </span>
    </p>
   </div>
   <div class='ocr_carea' id='block_1_5' title="bbox 527 3724 583 3770">
    <p class='ocr_par' dir='ltr' id='par_1_5' title="bbox 527 3724 583 3770">
     <span class='ocr_line' id='line_1_5' title="bbox 527 3724 583 3770; baseline 0 -14"><span class='ocrx_word' id='word_1_5' title='bbox 527 3724 583 3770; x_wconf 79' lang='grc'>30</span> 
     </span>
    </p>
   </div>
   <div class='ocr_carea' id='block_1_6' title="bbox 526 4263 577 4307">
    <p class='ocr_par' dir='ltr' id='par_1_6' title="bbox 526 4263 577 4307">
     <span class='ocr_line' id='line_1_6' title="bbox 526 4263 577 4307; baseline -0.02 0"><span class='ocrx_word' id='word_1_6' title='bbox 526 4263 577 4307; x_wconf 79' lang='lat'>35</span> 
     </span>
    </p>
   </div>
   <div class='ocr_carea' id='block_1_7' title="bbox 525 4799 580 4841">
    <p class='ocr_par' dir='ltr' id='par_1_7' title="bbox 525 4799 580 4841">
     <span class='ocr_line' id='line_1_7' title="bbox 525 4799 580 4841; baseline 0 -11"><span class='ocrx_word' id='word_1_7' title='bbox 525 4799 580 4841; x_wconf 80' lang='grc' dir='ltr'>4ο</span> 
     </span>
    </p>
   </div>
   <div class='ocr_carea' id='block_1_8' title="bbox 636 417 2116 490">
    <p class='ocr_par' dir='ltr' id='par_1_8' title="bbox 636 417 2116 490">
     <span class='ocr_line' id='line_1_8' title="bbox 636 417 2116 490; baseline -0.001 -16"><span class='ocrx_word' id='word_1_8' title='bbox 636 420 747 490; x_wconf 85' lang='lat'>476</span> <span class='ocrx_word' id='word_1_9' title='bbox 1770 417 2116 473; x_wconf 88' lang='lat' dir='ltr'>Cardinales.</span> 
     </span>
    </p>
   </div>
   <div class='ocr_carea' id='block_1_9' title="bbox 631 601 3259 5070">
    <p class='ocr_par' dir='ltr' id='par_1_9' title="bbox 634 601 3259 4532">
     <span class='ocr_line' id='line_1_9' title="bbox 640 601 3259 686; baseline 0.001 -21"><span class='ocrx_word' id='word_1_10' title='bbox 640 602 897 665; x_wconf 85' lang='lat' dir='ltr'>diversis</span> <span class='ocrx_word' id='word_1_11' title='bbox 943 622 1101 684; x_wconf 89' lang='lat' dir='ltr'>quae</span> <span class='ocrx_word' id='word_1_12' title='bbox 1147 602 1299 664; x_wconf 91' lang='lat' dir='ltr'>olim</span> <span class='ocrx_word' id='word_1_13' title='bbox 1346 601 1740 682; x_wconf 81' lang='lat' dir='ltr'>contigerunt</span> <span class='ocrx_word' id='word_1_14' title='bbox 1786 601 2063 680; x_wconf 89' lang='lat' dir='ltr'>ejusdem</span> <span class='ocrx_word' id='word_1_15' title='bbox 2099 603 2285 665; x_wconf 85' lang='lat' dir='ltr'>Urbis</span> <span class='ocrx_word' id='word_1_16' title='bbox 2330 603 2799 686; x_wconf 84' lang='lat' dir='ltr'>direptionibus,</span> <span class='ocrx_word' id='word_1_17' title='bbox 2842 604 3166 685; x_wconf 90' lang='lat' dir='ltr'>incendiis,</span> <span class='ocrx_word' id='word_1_18' title='bbox 3200 620 3259 667; x_wconf 91' lang='lat' dir='ltr'>et</span> 
     </span>
     <span class='ocr_line' id='line_1_10' title="bbox 640 708 3257 792; baseline 0.001 -20"><span class='ocrx_word' id='word_1_19' title='bbox 640 710 831 773; x_wconf 90' lang='lat' dir='ltr'>ruinis</span> <span class='ocrx_word' id='word_1_20' title='bbox 864 711 1169 792; x_wconf 85' lang='lat' dir='ltr'>collapsae</span> <span class='ocrx_word' id='word_1_21' title='bbox 1215 725 1376 788; x_wconf 91' lang='lat' dir='ltr'>sunt,</span> <span class='ocrx_word' id='word_1_22' title='bbox 1422 711 1555 773; x_wconf 91' lang='lat' dir='ltr'>Nos</span> <span class='ocrx_word' id='word_1_23' title='bbox 1601 709 1889 790; x_wconf 87' lang='lat' dir='ltr'>antiquae</span> <span class='ocrx_word' id='word_1_24' title='bbox 1938 708 2189 790; x_wconf 83' lang='lat' dir='ltr'>pietatis,</span> <span class='ocrx_word' id='word_1_25' title='bbox 2241 726 2299 771; x_wconf 97' lang='lat' dir='ltr'>et</span> <span class='ocrx_word' id='word_1_26' title='bbox 2334 710 2674 791; x_wconf 86' lang='lat' dir='ltr'>Religionis</span> <span class='ocrx_word' id='word_1_27' title='bbox 2706 711 3087 774; x_wconf 83' lang='lat' dir='ltr'>Christianae</span> <span class='ocrx_word' id='word_1_28' title='bbox 3119 732 3257 775; x_wconf 89' lang='lat' dir='ltr'>mo-</span> 
     </span>
     <span class='ocr_line' id='line_1_11' title="bbox 641 815 3257 901; baseline 0.001 -23"><span class='ocrx_word' id='word_1_29' title='bbox 641 834 939 879; x_wconf 82' lang='lat' dir='ltr'>numenta</span> <span class='ocrx_word' id='word_1_30' title='bbox 985 837 1349 878; x_wconf 89' lang='lat' dir='ltr'>conservare</span> <span class='ocrx_word' id='word_1_31' title='bbox 1394 815 1726 898; x_wconf 89' lang='lat' dir='ltr'>cupientes,</span> <span class='ocrx_word' id='word_1_32' title='bbox 1779 816 1955 877; x_wconf 91' lang='lat' dir='ltr'>sicuti</span> <span class='ocrx_word' id='word_1_33' title='bbox 1988 815 2418 878; x_wconf 88' lang='lat' dir='ltr'>Sacrosanctas</span> <span class='ocrx_word' id='word_1_34' title='bbox 2450 817 2758 897; x_wconf 77' lang='lat' dir='ltr'>BasilicaS,</span> <span class='ocrx_word' id='word_1_35' title='bbox 2807 833 2868 881; x_wconf 92' lang='lat' dir='ltr'>et</span> <span class='ocrx_word' id='word_1_36' title='bbox 2902 819 3257 901; x_wconf 88' lang='lat' dir='ltr'>augustiora</span> 
     </span>
     <span class='ocr_line' id='line_1_12' title="bbox 641 923 3257 1005; baseline 0 -19"><span class='ocrx_word' id='word_1_37' title='bbox 641 925 867 1005; x_wconf 89' lang='lat' dir='ltr'>templa</span> <span class='ocrx_word' id='word_1_38' title='bbox 914 923 1271 1005; x_wconf 84' lang='lat' dir='ltr'>antiquitate</span> <span class='ocrx_word' id='word_1_39' title='bbox 1317 924 1444 1004; x_wconf 88' lang='lat' dir='ltr'>ipsa</span> <span class='ocrx_word' id='word_1_40' title='bbox 1491 924 1859 998; x_wconf 90' lang='lat' dir='ltr'>veneranda,</span> <span class='ocrx_word' id='word_1_41' title='bbox 1907 924 2143 985; x_wconf 89' lang='lat' dir='ltr'>nedum</span> <span class='ocrx_word' id='word_1_42' title='bbox 2188 939 2342 984; x_wconf 89' lang='lat' dir='ltr'>sarta</span> <span class='ocrx_word' id='word_1_43' title='bbox 2390 939 2543 986; x_wconf 88' lang='lat' dir='ltr'>tecta</span> <span class='ocrx_word' id='word_1_44' title='bbox 2576 925 2889 1000; x_wconf 88' lang='lat' dir='ltr'>custodiri,</span> <span class='ocrx_word' id='word_1_45' title='bbox 2933 926 3042 987; x_wconf 92' lang='lat' dir='ltr'>sed</span> <span class='ocrx_word' id='word_1_46' title='bbox 3074 943 3131 987; x_wconf 90' lang='lat' dir='ltr'>et</span> <span class='ocrx_word' id='word_1_47' title='bbox 3161 926 3257 987; x_wconf 90' lang='lat' dir='ltr'>in-</span> 
     </span>
     <span class='ocr_line' id='line_1_13' title="bbox 641 1027 3256 1113; baseline 0.001 -21"><span class='ocrx_word' id='word_1_48' title='bbox 641 1031 809 1113; x_wconf 90' lang='lat' dir='ltr'>genti</span> <span class='ocrx_word' id='word_1_49' title='bbox 854 1047 1066 1092; x_wconf 91' lang='lat' dir='ltr'>nostro</span> <span class='ocrx_word' id='word_1_50' title='bbox 1112 1045 1367 1110; x_wconf 89' lang='lat' dir='ltr'>sumptu</span> <span class='ocrx_word' id='word_1_51' title='bbox 1412 1028 1599 1107; x_wconf 88' lang='lat' dir='ltr'>refici,</span> <span class='ocrx_word' id='word_1_52' title='bbox 1646 1027 1990 1107; x_wconf 89' lang='lat' dir='ltr'>instaurari,</span> <span class='ocrx_word' id='word_1_53' title='bbox 2040 1045 2098 1090; x_wconf 91' lang='lat' dir='ltr'>et</span> <span class='ocrx_word' id='word_1_54' title='bbox 2135 1028 2338 1091; x_wconf 91' lang='lat' dir='ltr'>ornari</span> <span class='ocrx_word' id='word_1_55' title='bbox 2370 1028 2567 1092; x_wconf 89' lang='lat' dir='ltr'>indies</span> <span class='ocrx_word' id='word_1_56' title='bbox 2599 1030 2798 1109; x_wconf 87' lang='lat' dir='ltr'>magis</span> <span class='ocrx_word' id='word_1_57' title='bbox 2831 1050 3139 1110; x_wconf 89' lang='lat' dir='ltr'>curamus,</span> <span class='ocrx_word' id='word_1_58' title='bbox 3176 1032 3256 1095; x_wconf 89' lang='lat' dir='ltr'>ita</span> 
     </span>
     <span class='ocr_line' id='line_1_14' title="bbox 641 1136 3258 1220; baseline 0.001 -22"><span class='ocrx_word' id='word_1_59' title='bbox 641 1138 825 1199; x_wconf 90' lang='lat' dir='ltr'>etiam</span> <span class='ocrx_word' id='word_1_60' title='bbox 872 1137 1074 1219; x_wconf 89' lang='lat' dir='ltr'>primo</span> <span class='ocrx_word' id='word_1_61' title='bbox 1122 1137 1380 1218; x_wconf 91' lang='lat' dir='ltr'>quidem</span> <span class='ocrx_word' id='word_1_62' title='bbox 1424 1136 1568 1198; x_wconf 91' lang='lat' dir='ltr'>loco</span> <span class='ocrx_word' id='word_1_63' title='bbox 1613 1152 1868 1214; x_wconf 83' lang='lat' dir='ltr'>veteres,</span> <span class='ocrx_word' id='word_1_64' title='bbox 1917 1153 1977 1198; x_wconf 93' lang='lat' dir='ltr'>et</span> <span class='ocrx_word' id='word_1_65' title='bbox 2009 1136 2249 1197; x_wconf 89' lang='lat' dir='ltr'>nobiles</span> <span class='ocrx_word' id='word_1_66' title='bbox 2283 1136 2599 1217; x_wconf 89' lang='lat' dir='ltr'>Ecclesias‚</span> <span class='ocrx_word' id='word_1_67' title='bbox 2635 1137 2847 1218; x_wconf 88' lang='lat' dir='ltr'>priscis</span> <span class='ocrx_word' id='word_1_68' title='bbox 2876 1138 3258 1220; x_wconf 89' lang='lat' dir='ltr'>temporibus</span> 
     </span>
     <span class='ocr_line' id='line_1_15' title="bbox 642 1241 3257 1326; baseline 0 -20"><span class='ocrx_word' id='word_1_69' title='bbox 642 1245 702 1306; x_wconf 89' lang='lat' dir='ltr'>in</span> <span class='ocrx_word' id='word_1_70' title='bbox 748 1244 960 1306; x_wconf 91' lang='lat' dir='ltr'>titulos</span> <span class='ocrx_word' id='word_1_71' title='bbox 992 1245 1499 1326; x_wconf 89' lang='lat' dir='ltr'>Presbyterorum</span> <span class='ocrx_word' id='word_1_72' title='bbox 1533 1242 1980 1319; x_wconf 89' lang='lat' dir='ltr'>Cardinalium,</span> <span class='ocrx_word' id='word_1_73' title='bbox 2026 1259 2094 1304; x_wconf 90' lang='lat' dir='ltr'>ut</span> <span class='ocrx_word' id='word_1_74' title='bbox 2139 1241 2496 1324; x_wconf 84' lang='lat' dir='ltr'>praefertur,</span> <span class='ocrx_word' id='word_1_75' title='bbox 2542 1243 2863 1322; x_wconf 89' lang='lat' dir='ltr'>institutas,</span> <span class='ocrx_word' id='word_1_76' title='bbox 2898 1244 3257 1325; x_wconf 86' lang='lat' dir='ltr'>delegimus,</span> 
     </span>
     <span class='ocr_line' id='line_1_16' title="bbox 640 1351 3258 1434; baseline 0.001 -22"><span class='ocrx_word' id='word_1_77' title='bbox 640 1371 868 1432; x_wconf 91' lang='lat' dir='ltr'>easque</span> <span class='ocrx_word' id='word_1_78' title='bbox 915 1370 1137 1412; x_wconf 90' lang='lat' dir='ltr'>omnes</span> <span class='ocrx_word' id='word_1_79' title='bbox 1181 1371 1342 1432; x_wconf 87' lang='lat' dir='ltr'>quae</span> <span class='ocrx_word' id='word_1_80' title='bbox 1385 1351 1590 1412; x_wconf 87' lang='lat' dir='ltr'>adhuc</span> <span class='ocrx_word' id='word_1_81' title='bbox 1635 1367 1855 1431; x_wconf 83' lang='lat' dir='ltr'>extant,</span> <span class='ocrx_word' id='word_1_82' title='bbox 1898 1352 2194 1413; x_wconf 88' lang='lat' dir='ltr'>volumus</span> <span class='ocrx_word' id='word_1_83' title='bbox 2240 1352 2504 1414; x_wconf 88' lang='lat' dir='ltr'>omnino</span> <span class='ocrx_word' id='word_1_84' title='bbox 2542 1351 2607 1413; x_wconf 89' lang='lat' dir='ltr'>in</span> <span class='ocrx_word' id='word_1_85' title='bbox 2657 1352 2905 1414; x_wconf 90' lang='lat' dir='ltr'>Titulos</span> <span class='ocrx_word' id='word_1_86' title='bbox 2959 1372 3073 1434; x_wconf 90' lang='lat' dir='ltr'>pro</span> <span class='ocrx_word' id='word_1_87' title='bbox 3120 1373 3258 1415; x_wconf 89' lang='lat' dir='ltr'>mo-</span> 
     </span>
     <span class='ocr_line' id='line_1_17' title="bbox 643 1457 3257 1541; baseline 0.001 -23"><span class='ocrx_word' id='word_1_88' title='bbox 643 1457 866 1530; x_wconf 88' lang='lat' dir='ltr'>dernis,</span> <span class='ocrx_word' id='word_1_89' title='bbox 902 1472 961 1518; x_wconf 91' lang='lat' dir='ltr'>et</span> <span class='ocrx_word' id='word_1_90' title='bbox 992 1457 1210 1518; x_wconf 87' lang='lat' dir='ltr'>futuris</span> <span class='ocrx_word' id='word_1_91' title='bbox 1241 1458 1616 1540; x_wconf 89' lang='lat' dir='ltr'>Presbyteris</span> <span class='ocrx_word' id='word_1_92' title='bbox 1648 1459 2083 1520; x_wconf 88' lang='lat' dir='ltr'>Cardinalibus</span> <span class='ocrx_word' id='word_1_93' title='bbox 2115 1458 2390 1521; x_wconf 87' lang='lat' dir='ltr'>retinere.</span> <span class='ocrx_word' id='word_1_94' title='bbox 2452 1459 2696 1521; x_wconf 87' lang='lat' dir='ltr'>Deinde</span> <span class='ocrx_word' id='word_1_95' title='bbox 2729 1481 2801 1521; x_wconf 88' lang='lat' dir='ltr'>ex</span> <span class='ocrx_word' id='word_1_96' title='bbox 2834 1459 2925 1537; x_wconf 83' lang='lat' dir='ltr'>iis,</span> <span class='ocrx_word' id='word_1_97' title='bbox 2971 1480 3131 1541; x_wconf 89' lang='lat' dir='ltr'>quae</span> <span class='ocrx_word' id='word_1_98' title='bbox 3163 1481 3257 1521; x_wconf 91' lang='lat' dir='ltr'>re-</span> 
     </span>
     <span class='ocr_line' id='line_1_18' title="bbox 641 1564 3255 1648; baseline 0.001 -22"><span class='ocrx_word' id='word_1_99' title='bbox 641 1565 802 1626; x_wconf 91' lang='lat' dir='ltr'>centi</span> <span class='ocrx_word' id='word_1_100' title='bbox 835 1564 1134 1626; x_wconf 88' lang='lat' dir='ltr'>memoria</span> <span class='ocrx_word' id='word_1_101' title='bbox 1166 1564 1230 1625; x_wconf 89' lang='lat' dir='ltr'>in</span> <span class='ocrx_word' id='word_1_102' title='bbox 1261 1564 1510 1625; x_wconf 88' lang='lat' dir='ltr'>Titulos</span> <span class='ocrx_word' id='word_1_103' title='bbox 1542 1579 1776 1626; x_wconf 87' lang='lat' dir='ltr'>erectae</span> <span class='ocrx_word' id='word_1_104' title='bbox 1811 1565 2080 1642; x_wconf 89' lang='lat' dir='ltr'>fuerunt,</span> <span class='ocrx_word' id='word_1_105' title='bbox 2114 1565 2552 1646; x_wconf 87' lang='lat' dir='ltr'>praetermissis</span> <span class='ocrx_word' id='word_1_106' title='bbox 2585 1567 2980 1648; x_wconf 88' lang='lat' dir='ltr'>quibusdam,</span> <span class='ocrx_word' id='word_1_107' title='bbox 3000 1583 3255 1648; x_wconf 90' lang='lat' dir='ltr'>propter</span> 
     </span>
     <span class='ocr_line' id='line_1_19' title="bbox 640 1670 3256 1752; baseline 0.001 -20"><span class='ocrx_word' id='word_1_108' title='bbox 640 1671 760 1733; x_wconf 92' lang='lat' dir='ltr'>loci</span> <span class='ocrx_word' id='word_1_109' title='bbox 805 1671 1394 1746; x_wconf 83' lang='lat' dir='ltr'>incommoditatem,</span> <span class='ocrx_word' id='word_1_110' title='bbox 1439 1685 1545 1731; x_wconf 89' lang='lat' dir='ltr'>aut</span> <span class='ocrx_word' id='word_1_111' title='bbox 1590 1670 1736 1732; x_wconf 90' lang='lat' dir='ltr'>alias</span> <span class='ocrx_word' id='word_1_112' title='bbox 1782 1670 1996 1732; x_wconf 89' lang='lat' dir='ltr'>minus</span> <span class='ocrx_word' id='word_1_113' title='bbox 2029 1672 2289 1751; x_wconf 79' lang='lat' dir='ltr'>idoneiS,</span> <span class='ocrx_word' id='word_1_114' title='bbox 2324 1689 2587 1735; x_wconf 90' lang='lat' dir='ltr'>caeteras</span> <span class='ocrx_word' id='word_1_115' title='bbox 2619 1673 2834 1735; x_wconf 90' lang='lat' dir='ltr'>itidem</span> <span class='ocrx_word' id='word_1_116' title='bbox 2870 1673 3150 1752; x_wconf 88' lang='lat' dir='ltr'>retinere,</span> <span class='ocrx_word' id='word_1_117' title='bbox 3186 1693 3256 1734; x_wconf 90' lang='lat' dir='ltr'>ac</span> 
     </span>
     <span class='ocr_line' id='line_1_20' title="bbox 641 1778 3257 1862; baseline 0.001 -23"><span class='ocrx_word' id='word_1_118' title='bbox 641 1779 920 1856; x_wconf 89' lang='lat' dir='ltr'>demum,</span> <span class='ocrx_word' id='word_1_119' title='bbox 981 1798 1059 1839; x_wconf 90' lang='lat' dir='ltr'>ne</span> <span class='ocrx_word' id='word_1_120' title='bbox 1106 1778 1431 1839; x_wconf 92' lang='lat' dir='ltr'>titulorum</span> <span class='ocrx_word' id='word_1_121' title='bbox 1490 1797 1789 1838; x_wconf 89' lang='lat' dir='ltr'>numerus</span> <span class='ocrx_word' id='word_1_122' title='bbox 1841 1779 2216 1860; x_wconf 87' lang='lat' dir='ltr'>Presbyteris</span> <span class='ocrx_word' id='word_1_123' title='bbox 2266 1780 2697 1843; x_wconf 90' lang='lat' dir='ltr'>Cardinalibus</span> <span class='ocrx_word' id='word_1_124' title='bbox 2748 1780 2918 1856; x_wconf 83' lang='lat' dir='ltr'>desit,</span> <span class='ocrx_word' id='word_1_125' title='bbox 2974 1782 3257 1862; x_wconf 90' lang='lat' dir='ltr'>exemplo</span> 
     </span>
     <span class='ocr_line' id='line_1_21' title="bbox 643 1885 3255 1968; baseline 0.001 -23"><span class='ocrx_word' id='word_1_126' title='bbox 643 1885 1100 1946; x_wconf 88' lang='lat' dir='ltr'>nonnullorum</span> <span class='ocrx_word' id='word_1_127' title='bbox 1147 1899 1504 1947; x_wconf 89' lang='lat' dir='ltr'>nostrorum</span> <span class='ocrx_word' id='word_1_128' title='bbox 1551 1885 2120 1962; x_wconf 88' lang='lat' dir='ltr'>Praedecessorum,</span> <span class='ocrx_word' id='word_1_129' title='bbox 2166 1885 2312 1947; x_wconf 91' lang='lat' dir='ltr'>alias</span> <span class='ocrx_word' id='word_1_130' title='bbox 2357 1887 2578 1968; x_wconf 90' lang='lat' dir='ltr'>partim</span> <span class='ocrx_word' id='word_1_131' title='bbox 2625 1887 2929 1968; x_wconf 76' lang='lat' dir='ltr'>antiquaS,</span> <span class='ocrx_word' id='word_1_132' title='bbox 2973 1887 3255 1948; x_wconf 90' lang='lat' dir='ltr'>nondum</span> 
     </span>
     <span class='ocr_line' id='line_1_22' title="bbox 639 1989 3256 2072; baseline 0.001 -20"><span class='ocrx_word' id='word_1_133' title='bbox 639 2007 847 2052; x_wconf 89' lang='lat' dir='ltr'>tamen</span> <span class='ocrx_word' id='word_1_134' title='bbox 882 1989 1243 2051; x_wconf 83' lang='lat' dir='ltr'>huiusmodi</span> <span class='ocrx_word' id='word_1_135' title='bbox 1278 1990 1517 2051; x_wconf 90' lang='lat' dir='ltr'>honore</span> <span class='ocrx_word' id='word_1_136' title='bbox 1550 1990 1883 2067; x_wconf 89' lang='lat' dir='ltr'>decoratas,</span> <span class='ocrx_word' id='word_1_137' title='bbox 1916 1991 2138 2072; x_wconf 87' lang='lat' dir='ltr'>partim</span> <span class='ocrx_word' id='word_1_138' title='bbox 2171 2009 2317 2051; x_wconf 90' lang='lat' dir='ltr'>vero</span> <span class='ocrx_word' id='word_1_139' title='bbox 2351 1992 2738 2071; x_wconf 76' lang='lat' dir='ltr'>recentioreS,</span> <span class='ocrx_word' id='word_1_140' title='bbox 2759 1994 3028 2055; x_wconf 90' lang='lat' dir='ltr'>celebres</span> <span class='ocrx_word' id='word_1_141' title='bbox 3047 2007 3256 2055; x_wconf 89' lang='lat' dir='ltr'>tamen</span> 
     </span>
     <span class='ocr_line' id='line_1_23' title="bbox 641 2095 3257 2178; baseline 0.001 -20"><span class='ocrx_word' id='word_1_142' title='bbox 641 2096 958 2174; x_wconf 79' lang='lat' dir='ltr'>EcclesiaS,</span> <span class='ocrx_word' id='word_1_143' title='bbox 1008 2096 1300 2176; x_wconf 80' lang='lat' dir='ltr'>dignitate</span> <span class='ocrx_word' id='word_1_144' title='bbox 1335 2096 1694 2158; x_wconf 89' lang='lat' dir='ltr'>Praesulum</span> <span class='ocrx_word' id='word_1_145' title='bbox 1742 2095 2043 2173; x_wconf 89' lang='lat' dir='ltr'>majorem</span> <span class='ocrx_word' id='word_1_146' title='bbox 2090 2097 2154 2157; x_wconf 92' lang='lat' dir='ltr'>in</span> <span class='ocrx_word' id='word_1_147' title='bbox 2189 2098 2452 2159; x_wconf 90' lang='lat' dir='ltr'>modurn</span> <span class='ocrx_word' id='word_1_148' title='bbox 2484 2099 2804 2178; x_wconf 90' lang='lat' dir='ltr'>illustrare,</span> <span class='ocrx_word' id='word_1_149' title='bbox 2841 2116 2898 2161; x_wconf 92' lang='lat' dir='ltr'>et</span> <span class='ocrx_word' id='word_1_150' title='bbox 2928 2101 2995 2161; x_wconf 91' lang='lat' dir='ltr'>in</span> <span class='ocrx_word' id='word_1_151' title='bbox 3028 2100 3257 2162; x_wconf 88' lang='lat' dir='ltr'>similes</span> 
     </span>
     <span class='ocr_line' id='line_1_24' title="bbox 639 2203 3258 2288; baseline 0.001 -22"><span class='ocrx_word' id='word_1_152' title='bbox 639 2204 886 2266; x_wconf 90' lang='lat' dir='ltr'>Titulos</span> <span class='ocrx_word' id='word_1_153' title='bbox 938 2205 1190 2284; x_wconf 88' lang='lat' dir='ltr'>erigere,</span> <span class='ocrx_word' id='word_1_154' title='bbox 1239 2220 1296 2264; x_wconf 90' lang='lat' dir='ltr'>et</span> <span class='ocrx_word' id='word_1_155' title='bbox 1341 2203 1677 2279; x_wconf 88' lang='lat' dir='ltr'>instituere,</span> <span class='ocrx_word' id='word_1_156' title='bbox 1726 2223 1795 2264; x_wconf 90' lang='lat' dir='ltr'>ac</span> <span class='ocrx_word' id='word_1_157' title='bbox 1844 2222 1956 2284; x_wconf 94' lang='lat' dir='ltr'>pro</span> <span class='ocrx_word' id='word_1_158' title='bbox 1992 2223 2257 2265; x_wconf 90' lang='lat' dir='ltr'>numero</span> <span class='ocrx_word' id='word_1_159' title='bbox 2292 2206 2800 2288; x_wconf 89' lang='lat' dir='ltr'>Presbyterorum</span> <span class='ocrx_word' id='word_1_160' title='bbox 2833 2207 3258 2269; x_wconf 89' lang='lat' dir='ltr'>Cardinalium</span> 
     </span>
     <span class='ocr_line' id='line_1_25' title="bbox 640 2309 3257 2394; baseline 0 -21"><span class='ocrx_word' id='word_1_161' title='bbox 640 2328 727 2373; x_wconf 89' lang='lat' dir='ltr'>tot</span> <span class='ocrx_word' id='word_1_162' title='bbox 758 2310 1006 2372; x_wconf 91' lang='lat' dir='ltr'>Titulos</span> <span class='ocrx_word' id='word_1_163' title='bbox 1052 2311 1275 2371; x_wconf 88' lang='lat' dir='ltr'>addere</span> <span class='ocrx_word' id='word_1_164' title='bbox 1328 2326 1386 2371; x_wconf 90' lang='lat' dir='ltr'>et</span> <span class='ocrx_word' id='word_1_165' title='bbox 1435 2309 1743 2391; x_wconf 86' lang='lat' dir='ltr'>supplere,</span> <span class='ocrx_word' id='word_1_166' title='bbox 1790 2330 1864 2371; x_wconf 85' lang='lat' dir='ltr'>ex</span> <span class='ocrx_word' id='word_1_167' title='bbox 1898 2310 2214 2372; x_wconf 89' lang='lat' dir='ltr'>Diaconiis</span> <span class='ocrx_word' id='word_1_168' title='bbox 2260 2331 2516 2393; x_wconf 88' lang='lat' dir='ltr'>quoque</span> <span class='ocrx_word' id='word_1_169' title='bbox 2563 2312 2901 2394; x_wconf 90' lang='lat' dir='ltr'>antiquitus</span> <span class='ocrx_word' id='word_1_170' title='bbox 2947 2313 3257 2392; x_wconf 90' lang='lat' dir='ltr'>institutis,</span> 
     </span>
     <span class='ocr_line' id='line_1_26' title="bbox 640 2416 3257 2501; baseline 0.002 -23"><span class='ocrx_word' id='word_1_171' title='bbox 640 2418 1112 2498; x_wconf 88' lang='lat' dir='ltr'>quatuordecim</span> <span class='ocrx_word' id='word_1_172' title='bbox 1163 2417 1359 2496; x_wconf 89' lang='lat' dir='ltr'>magis</span> <span class='ocrx_word' id='word_1_173' title='bbox 1408 2416 1681 2495; x_wconf 86' lang='lat' dir='ltr'>insignes</span> <span class='ocrx_word' id='word_1_174' title='bbox 1731 2435 1846 2499; x_wconf 92' lang='lat' dir='ltr'>pro</span> <span class='ocrx_word' id='word_1_175' title='bbox 1893 2418 2154 2479; x_wconf 89' lang='lat' dir='ltr'>totidem</span> <span class='ocrx_word' id='word_1_176' title='bbox 2187 2417 2479 2480; x_wconf 88' lang='lat' dir='ltr'>Diaconis</span> <span class='ocrx_word' id='word_1_177' title='bbox 2512 2420 2941 2481; x_wconf 87' lang='lat' dir='ltr'>Cardinalibus</span> <span class='ocrx_word' id='word_1_178' title='bbox 2986 2420 3257 2501; x_wconf 86' lang='lat' dir='ltr'>seligere,</span> 
     </span>
     <span class='ocr_line' id='line_1_27' title="bbox 641 2523 3257 2606; baseline 0.001 -21"><span class='ocrx_word' id='word_1_179' title='bbox 641 2542 700 2585; x_wconf 94' lang='lat' dir='ltr'>et</span> <span class='ocrx_word' id='word_1_180' title='bbox 747 2543 1024 2603; x_wconf 84' lang='lat' dir='ltr'>congrua</span> <span class='ocrx_word' id='word_1_181' title='bbox 1070 2523 1461 2585; x_wconf 90' lang='lat' dir='ltr'>distinctione</span> <span class='ocrx_word' id='word_1_182' title='bbox 1514 2523 1951 2585; x_wconf 90' lang='lat' dir='ltr'>confusionem</span> <span class='ocrx_word' id='word_1_183' title='bbox 1985 2541 2285 2605; x_wconf 89' lang='lat' dir='ltr'>perpetuo</span> <span class='ocrx_word' id='word_1_184' title='bbox 2319 2525 2530 2587; x_wconf 92' lang='lat' dir='ltr'>tollere</span> <span class='ocrx_word' id='word_1_185' title='bbox 2563 2526 2967 2606; x_wconf 89' lang='lat' dir='ltr'>decrevimus,</span> <span class='ocrx_word' id='word_1_186' title='bbox 3002 2528 3257 2589; x_wconf 88' lang='lat' dir='ltr'>eosdem</span> 
     </span>
     <span class='ocr_line' id='line_1_28' title="bbox 640 2629 3255 2713; baseline 0 -20"><span class='ocrx_word' id='word_1_187' title='bbox 640 2631 940 2693; x_wconf 90' lang='lat' dir='ltr'>nimirum</span> <span class='ocrx_word' id='word_1_188' title='bbox 971 2631 1217 2693; x_wconf 90' lang='lat' dir='ltr'>Titulos</span> <span class='ocrx_word' id='word_1_189' title='bbox 1250 2647 1307 2691; x_wconf 91' lang='lat' dir='ltr'>et</span> <span class='ocrx_word' id='word_1_190' title='bbox 1328 2630 1657 2692; x_wconf 89' lang='lat' dir='ltr'>Diaconias</span> <span class='ocrx_word' id='word_1_191' title='bbox 1689 2630 1973 2713; x_wconf 90' lang='lat' dir='ltr'>proprios</span> <span class='ocrx_word' id='word_1_192' title='bbox 2006 2629 2309 2713; x_wconf 89' lang='lat' dir='ltr'>cujusque</span> <span class='ocrx_word' id='word_1_193' title='bbox 2342 2631 2574 2693; x_wconf 88' lang='lat' dir='ltr'>ordinis</span> <span class='ocrx_word' id='word_1_194' title='bbox 2606 2649 2823 2713; x_wconf 91' lang='lat' dir='ltr'>certos,</span> <span class='ocrx_word' id='word_1_195' title='bbox 2858 2649 2917 2694; x_wconf 90' lang='lat' dir='ltr'>et</span> <span class='ocrx_word' id='word_1_196' title='bbox 2937 2633 3255 2695; x_wconf 90' lang='lat' dir='ltr'>distinctos</span> 
     </span>
     <span class='ocr_line' id='line_1_29' title="bbox 640 2738 3257 2821; baseline 0 -20"><span class='ocrx_word' id='word_1_197' title='bbox 640 2740 1035 2821; x_wconf 88' lang='lat' dir='ltr'>assignando,</span> <span class='ocrx_word' id='word_1_198' title='bbox 1075 2739 1151 2799; x_wconf 90' lang='lat' dir='ltr'>ita</span> <span class='ocrx_word' id='word_1_199' title='bbox 1186 2755 1252 2799; x_wconf 90' lang='lat' dir='ltr'>ut</span> <span class='ocrx_word' id='word_1_200' title='bbox 1285 2758 1615 2820; x_wconf 89' lang='lat' dir='ltr'>nunquam</span> <span class='ocrx_word' id='word_1_201' title='bbox 1647 2738 1709 2800; x_wconf 93' lang='lat' dir='ltr'>in</span> <span class='ocrx_word' id='word_1_202' title='bbox 1742 2754 2080 2819; x_wconf 91' lang='lat' dir='ltr'>posterum,</span> <span class='ocrx_word' id='word_1_203' title='bbox 2131 2740 2306 2819; x_wconf 90' lang='lat' dir='ltr'>quod</span> <span class='ocrx_word' id='word_1_204' title='bbox 2340 2740 2640 2801; x_wconf 90' lang='lat' dir='ltr'>hactenus</span> <span class='ocrx_word' id='word_1_205' title='bbox 2671 2760 2849 2821; x_wconf 87' lang='lat' dir='ltr'>saepe</span> <span class='ocrx_word' id='word_1_206' title='bbox 2886 2739 3119 2803; x_wconf 86' lang='lat' dir='ltr'>factum</span> <span class='ocrx_word' id='word_1_207' title='bbox 3149 2757 3257 2818; x_wconf 89' lang='lat' dir='ltr'>est,</span> 
     </span>
     <span class='ocr_line' id='line_1_30' title="bbox 640 2845 3251 2928; baseline 0 -20"><span class='ocrx_word' id='word_1_208' title='bbox 640 2847 1014 2927; x_wconf 87' lang='lat' dir='ltr'>Presbyteris</span> <span class='ocrx_word' id='word_1_209' title='bbox 1049 2845 1400 2923; x_wconf 90' lang='lat' dir='ltr'>Diaconiae,</span> <span class='ocrx_word' id='word_1_210' title='bbox 1447 2865 1651 2926; x_wconf 90' lang='lat' dir='ltr'>neque</span> <span class='ocrx_word' id='word_1_211' title='bbox 1686 2845 1976 2906; x_wconf 90' lang='lat' dir='ltr'>Diaconis</span> <span class='ocrx_word' id='word_1_212' title='bbox 2007 2845 2203 2906; x_wconf 90' lang='lat' dir='ltr'>Tituli</span> <span class='ocrx_word' id='word_1_213' title='bbox 2251 2847 2714 2928; x_wconf 77' lang='lat' dir='ltr'>presbyterales,</span> <span class='ocrx_word' id='word_1_214' title='bbox 2762 2849 3119 2928; x_wconf 89' lang='lat' dir='ltr'>perturbato</span> <span class='ocrx_word' id='word_1_215' title='bbox 3151 2866 3251 2908; x_wconf 91' lang='lat' dir='ltr'>or·</span> 
     </span>
     <span class='ocr_line' id='line_1_31' title="bbox 640 2950 3253 3033; baseline 0 -21"><span class='ocrx_word' id='word_1_216' title='bbox 640 2953 785 3013; x_wconf 91' lang='lat' dir='ltr'>dine</span> <span class='ocrx_word' id='word_1_217' title='bbox 831 2967 936 3013; x_wconf 89' lang='lat' dir='ltr'>aut</span> <span class='ocrx_word' id='word_1_218' title='bbox 982 2952 1333 3033; x_wconf 87' lang='lat' dir='ltr'>promiscue</span> <span class='ocrx_word' id='word_1_219' title='bbox 1367 2950 1808 3014; x_wconf 87' lang='lat' dir='ltr'>concedantur.</span> <span class='ocrx_word' id='word_1_220' title='bbox 1877 2951 2070 3027; x_wconf 92' lang='lat' dir='ltr'>Quod</span> <span class='ocrx_word' id='word_1_221' title='bbox 2103 2951 2358 3032; x_wconf 91' lang='lat' dir='ltr'>quidem</span> <span class='ocrx_word' id='word_1_222' title='bbox 2391 2953 2610 3015; x_wconf 87' lang='lat' dir='ltr'>rationi</span> <span class='ocrx_word' id='word_1_223' title='bbox 2643 2969 3134 3015; x_wconf 88' lang='lat' dir='ltr'>consentaneum</span> <span class='ocrx_word' id='word_1_224' title='bbox 3165 2953 3253 3014; x_wconf 82' lang='lat' dir='ltr'>vi-</span> 
     </span>
     <span class='ocr_line' id='line_1_32' title="bbox 640 3057 3250 3142; baseline 0 -22"><span class='ocrx_word' id='word_1_225' title='bbox 640 3060 838 3137; x_wconf 87' lang='lat' dir='ltr'>detur,</span> <span class='ocrx_word' id='word_1_226' title='bbox 870 3074 937 3119; x_wconf 90' lang='lat' dir='ltr'>ut</span> <span class='ocrx_word' id='word_1_227' title='bbox 970 3059 1508 3138; x_wconf 88' lang='lat' dir='ltr'>quemadmodum</span> <span class='ocrx_word' id='word_1_228' title='bbox 1527 3057 1829 3119; x_wconf 88' lang='lat' dir='ltr'>Summus</span> <span class='ocrx_word' id='word_1_229' title='bbox 1863 3058 2145 3120; x_wconf 83' lang='lat' dir='ltr'>Pontifex</span> <span class='ocrx_word' id='word_1_230' title='bbox 2182 3059 2508 3121; x_wconf 87' lang='lat' dir='ltr'>universali</span> <span class='ocrx_word' id='word_1_231' title='bbox 2541 3061 2845 3122; x_wconf 87' lang='lat' dir='ltr'>Ecclesiae</span> <span class='ocrx_word' id='word_1_232' title='bbox 2877 3060 3250 3142; x_wconf 73' lang='lat' dir='ltr'>praesidem,</span> 
     </span>
     <span class='ocr_line' id='line_1_33' title="bbox 640 3164 3254 3250; baseline 0.001 -24"><span class='ocrx_word' id='word_1_233' title='bbox 640 3181 698 3226; x_wconf 90' lang='lat' dir='ltr'>et</span> <span class='ocrx_word' id='word_1_234' title='bbox 731 3164 1019 3226; x_wconf 89' lang='lat' dir='ltr'>omnium</span> <span class='ocrx_word' id='word_1_235' title='bbox 1051 3164 1237 3225; x_wconf 91' lang='lat' dir='ltr'>totius</span> <span class='ocrx_word' id='word_1_236' title='bbox 1259 3164 1443 3224; x_wconf 92' lang='lat' dir='ltr'>Orbis</span> <span class='ocrx_word' id='word_1_237' title='bbox 1476 3165 1889 3225; x_wconf 88' lang='lat' dir='ltr'>Ecclesiarum</span> <span class='ocrx_word' id='word_1_238' title='bbox 1922 3165 2381 3228; x_wconf 90' lang='lat' dir='ltr'>solicitudinem</span> <span class='ocrx_word' id='word_1_239' title='bbox 2410 3187 2644 3245; x_wconf 88' lang='lat' dir='ltr'>gerens,</span> <span class='ocrx_word' id='word_1_240' title='bbox 2677 3167 3016 3250; x_wconf 89' lang='lat' dir='ltr'>specialiter</span> <span class='ocrx_word' id='word_1_241' title='bbox 3046 3184 3254 3229; x_wconf 89' lang='lat' dir='ltr'>tamen</span> 
     </span>
     <span class='ocr_line' id='line_1_34' title="bbox 640 3270 3253 3356; baseline 0.001 -23"><span class='ocrx_word' id='word_1_242' title='bbox 640 3272 825 3334; x_wconf 90' lang='lat' dir='ltr'>Urbis</span> <span class='ocrx_word' id='word_1_243' title='bbox 857 3272 1094 3332; x_wconf 88' lang='lat' dir='ltr'>Romae</span> <span class='ocrx_word' id='word_1_244' title='bbox 1128 3270 1472 3352; x_wconf 89' lang='lat' dir='ltr'>Episcopus</span> <span class='ocrx_word' id='word_1_245' title='bbox 1519 3271 1734 3350; x_wconf 85' lang='lat' dir='ltr'>existit,</span> <span class='ocrx_word' id='word_1_246' title='bbox 1785 3286 1845 3332; x_wconf 88' lang='lat' dir='ltr'>et</span> <span class='ocrx_word' id='word_1_247' title='bbox 1876 3272 1941 3332; x_wconf 90' lang='lat' dir='ltr'>in</span> <span class='ocrx_word' id='word_1_248' title='bbox 1975 3293 2045 3334; x_wconf 87' lang='lat' dir='ltr'>ea</span> <span class='ocrx_word' id='word_1_249' title='bbox 2079 3274 2286 3334; x_wconf 86' lang='lat' dir='ltr'>divina</span> <span class='ocrx_word' id='word_1_250' title='bbox 2321 3274 2723 3355; x_wconf 90' lang='lat' dir='ltr'>dispositione</span> <span class='ocrx_word' id='word_1_251' title='bbox 2755 3293 3112 3356; x_wconf 90' lang='lat' dir='ltr'>supremam</span> <span class='ocrx_word' id='word_1_252' title='bbox 3144 3275 3253 3337; x_wconf 89' lang='lat' dir='ltr'>Sa-</span> 
     </span>
     <span class='ocr_line' id='line_1_35' title="bbox 638 3377 3252 3461; baseline 0.001 -20"><span class='ocrx_word' id='word_1_253' title='bbox 638 3378 960 3441; x_wconf 88' lang='lat' dir='ltr'>cerdotalis</span> <span class='ocrx_word' id='word_1_254' title='bbox 1006 3377 1320 3459; x_wconf 89' lang='lat' dir='ltr'>potestatis</span> <span class='ocrx_word' id='word_1_255' title='bbox 1366 3378 1741 3440; x_wconf 88' lang='lat' dir='ltr'>Cathedram</span> <span class='ocrx_word' id='word_1_256' title='bbox 1791 3394 1977 3457; x_wconf 90' lang='lat' dir='ltr'>tenet,</span> <span class='ocrx_word' id='word_1_257' title='bbox 2032 3379 2158 3460; x_wconf 87' lang='lat' dir='ltr'>pari</span> <span class='ocrx_word' id='word_1_258' title='bbox 2211 3401 2467 3461; x_wconf 91' lang='lat' dir='ltr'>quoque</span> <span class='ocrx_word' id='word_1_259' title='bbox 2518 3381 2754 3442; x_wconf 90' lang='lat' dir='ltr'>ratione</span> <span class='ocrx_word' id='word_1_260' title='bbox 2804 3381 3252 3459; x_wconf 90' lang='lat' dir='ltr'>Cardinalibus,</span> 
     </span>
     <span class='ocr_line' id='line_1_36' title="bbox 639 3484 3255 3569; baseline 0.001 -22"><span class='ocrx_word' id='word_1_261' title='bbox 639 3505 801 3567; x_wconf 89' lang='lat' dir='ltr'>quos</span> <span class='ocrx_word' id='word_1_262' title='bbox 835 3486 923 3547; x_wconf 91' lang='lat' dir='ltr'>uti</span> <span class='ocrx_word' id='word_1_263' title='bbox 964 3484 1257 3566; x_wconf 87' lang='lat' dir='ltr'>speciales</span> <span class='ocrx_word' id='word_1_264' title='bbox 1290 3484 1351 3546; x_wconf 89' lang='lat' dir='ltr'>S.</span> <span class='ocrx_word' id='word_1_265' title='bbox 1390 3485 1463 3547; x_wconf 83' lang='lat' dir='ltr'>R.</span> <span class='ocrx_word' id='word_1_266' title='bbox 1496 3485 1563 3546; x_wconf 89' lang='lat' dir='ltr'>E.</span> <span class='ocrx_word' id='word_1_267' title='bbox 1600 3484 1779 3564; x_wconf 85' lang='lat' dir='ltr'>filios,</span> <span class='ocrx_word' id='word_1_268' title='bbox 1821 3486 1884 3546; x_wconf 90' lang='lat' dir='ltr'>in</span> <span class='ocrx_word' id='word_1_269' title='bbox 1918 3486 2261 3567; x_wconf 86' lang='lat' dir='ltr'>Apostolici</span> <span class='ocrx_word' id='word_1_270' title='bbox 2293 3488 2570 3548; x_wconf 91' lang='lat' dir='ltr'>muneris</span> <span class='ocrx_word' id='word_1_271' title='bbox 2605 3487 2945 3566; x_wconf 86' lang='lat' dir='ltr'>functione,</span> <span class='ocrx_word' id='word_1_272' title='bbox 2976 3503 3161 3569; x_wconf 91' lang='lat' dir='ltr'>atque</span> <span class='ocrx_word' id='word_1_273' title='bbox 3192 3488 3255 3549; x_wconf 92' lang='lat' dir='ltr'>in</span> 
     </span>
     <span class='ocr_line' id='line_1_37' title="bbox 639 3592 3256 3678; baseline 0.001 -23"><span class='ocrx_word' id='word_1_274' title='bbox 639 3596 957 3655; x_wconf 86' lang='lat' dir='ltr'>universae</span> <span class='ocrx_word' id='word_1_275' title='bbox 994 3594 1388 3675; x_wconf 83' lang='lat' dir='ltr'>Reipublicae</span> <span class='ocrx_word' id='word_1_276' title='bbox 1421 3592 1806 3654; x_wconf 88' lang='lat' dir='ltr'>Christianae</span> <span class='ocrx_word' id='word_1_277' title='bbox 1854 3593 2378 3656; x_wconf 87' lang='lat' dir='ltr'>administratione</span> <span class='ocrx_word' id='word_1_278' title='bbox 2425 3595 2809 3677; x_wconf 78' lang='lat' dir='ltr'>praecipuOS,</span> <span class='ocrx_word' id='word_1_279' title='bbox 2841 3596 3092 3678; x_wconf 91' lang='lat' dir='ltr'>sibique</span> <span class='ocrx_word' id='word_1_280' title='bbox 3125 3617 3256 3658; x_wconf 89' lang='lat' dir='ltr'>ma-</span> 
     </span>
     <span class='ocr_line' id='line_1_38' title="bbox 636 3699 3250 3782; baseline 0.002 -21"><span class='ocrx_word' id='word_1_281' title='bbox 636 3703 799 3762; x_wconf 89' lang='lat' dir='ltr'>xime</span> <span class='ocrx_word' id='word_1_282' title='bbox 833 3700 1203 3779; x_wconf 89' lang='lat' dir='ltr'>conjunctos</span> <span class='ocrx_word' id='word_1_283' title='bbox 1236 3701 1419 3761; x_wconf 90' lang='lat' dir='ltr'>habet</span> <span class='ocrx_word' id='word_1_284' title='bbox 1453 3699 1854 3761; x_wconf 88' lang='lat' dir='ltr'>Consiliarios</span> <span class='ocrx_word' id='word_1_285' title='bbox 1886 3715 1944 3760; x_wconf 93' lang='lat' dir='ltr'>et</span> <span class='ocrx_word' id='word_1_286' title='bbox 1978 3701 2433 3782; x_wconf 90' lang='lat' dir='ltr'>Cooperatores</span> <span class='ocrx_word' id='word_1_287' title='bbox 2465 3703 2529 3763; x_wconf 93' lang='lat' dir='ltr'>in</span> <span class='ocrx_word' id='word_1_288' title='bbox 2574 3703 2791 3763; x_wconf 91' lang='lat' dir='ltr'>eadem</span> <span class='ocrx_word' id='word_1_289' title='bbox 2825 3704 2994 3764; x_wconf 90' lang='lat' dir='ltr'>Urbe</span> <span class='ocrx_word' id='word_1_290' title='bbox 3029 3705 3250 3782; x_wconf 87' lang='lat' dir='ltr'>Roma,</span> 
     </span>
     <span class='ocr_line' id='line_1_39' title="bbox 637 3806 3253 3891; baseline 0.002 -23"><span class='ocrx_word' id='word_1_291' title='bbox 637 3828 795 3889; x_wconf 85' lang='lat' dir='ltr'>quae</span> <span class='ocrx_word' id='word_1_292' title='bbox 844 3808 996 3869; x_wconf 88' lang='lat' dir='ltr'>olim</span> <span class='ocrx_word' id='word_1_293' title='bbox 1047 3808 1115 3868; x_wconf 89' lang='grc' dir='ltr'>Β.</span> <span class='ocrx_word' id='word_1_294' title='bbox 1151 3807 1308 3868; x_wconf 90' lang='lat' dir='ltr'>Petri</span> <span class='ocrx_word' id='word_1_295' title='bbox 1342 3807 1502 3867; x_wconf 88' lang='lat' dir='ltr'>Sede</span> <span class='ocrx_word' id='word_1_296' title='bbox 1548 3806 1613 3867; x_wconf 91' lang='lat' dir='ltr'>in</span> <span class='ocrx_word' id='word_1_297' title='bbox 1658 3826 1729 3867; x_wconf 90' lang='lat' dir='ltr'>ea</span> <span class='ocrx_word' id='word_1_298' title='bbox 1776 3806 2124 3885; x_wconf 86' lang='lat' dir='ltr'>constituta,</span> <span class='ocrx_word' id='word_1_299' title='bbox 2170 3807 2383 3888; x_wconf 91' lang='lat' dir='ltr'>ipsius,</span> <span class='ocrx_word' id='word_1_300' title='bbox 2432 3822 2491 3869; x_wconf 95' lang='lat' dir='ltr'>et</span> <span class='ocrx_word' id='word_1_301' title='bbox 2522 3810 2883 3891; x_wconf 91' lang='lat' dir='ltr'>Coapostoli</span> <span class='ocrx_word' id='word_1_302' title='bbox 2916 3810 3048 3889; x_wconf 89' lang='lat' dir='ltr'>ejus</span> <span class='ocrx_word' id='word_1_303' title='bbox 3079 3811 3253 3872; x_wconf 87' lang='lat' dir='ltr'>Pauli</span> 
     </span>
     <span class='ocr_line' id='line_1_40' title="bbox 636 3913 3254 3996; baseline 0.001 -20"><span class='ocrx_word' id='word_1_304' title='bbox 636 3916 952 3978; x_wconf 88' lang='lat' dir='ltr'>doctrinae</span> <span class='ocrx_word' id='word_1_305' title='bbox 1004 3930 1062 3975; x_wconf 90' lang='lat' dir='ltr'>et</span> <span class='ocrx_word' id='word_1_306' title='bbox 1112 3914 1404 3996; x_wconf 89' lang='lat' dir='ltr'>martyrio</span> <span class='ocrx_word' id='word_1_307' title='bbox 1452 3927 1824 3991; x_wconf 89' lang='lat' dir='ltr'>consecrata,</span> <span class='ocrx_word' id='word_1_308' title='bbox 1874 3930 1931 3974; x_wconf 93' lang='lat' dir='ltr'>et</span> <span class='ocrx_word' id='word_1_309' title='bbox 1978 3913 2183 3996; x_wconf 92' lang='lat' dir='ltr'>Caput</span> <span class='ocrx_word' id='word_1_310' title='bbox 2229 3915 2562 3976; x_wconf 87' lang='lat' dir='ltr'>Christiani</span> <span class='ocrx_word' id='word_1_311' title='bbox 2596 3916 2781 3977; x_wconf 89' lang='lat' dir='ltr'>Orbis</span> <span class='ocrx_word' id='word_1_312' title='bbox 2827 3933 2886 3979; x_wconf 91' lang='lat' dir='ltr'>et</span> <span class='ocrx_word' id='word_1_313' title='bbox 2920 3916 3254 3996; x_wconf 87' lang='lat' dir='ltr'>Religionis</span> 
     </span>
     <span class='ocr_line' id='line_1_41' title="bbox 635 4020 3251 4105; baseline 0 -20"><span class='ocrx_word' id='word_1_314' title='bbox 635 4024 847 4085; x_wconf 88' lang='lat' dir='ltr'>effecta</span> <span class='ocrx_word' id='word_1_315' title='bbox 893 4037 983 4083; x_wconf 88' lang='lat' dir='ltr'>est</span> <span class='ocrx_word' id='word_1_316' title='bbox 1028 4037 1187 4082; x_wconf 88' lang='lat' dir='ltr'>certa</span> <span class='ocrx_word' id='word_1_317' title='bbox 1219 4021 1427 4101; x_wconf 80' lang='lat' dir='ltr'>SedeS,</span> <span class='ocrx_word' id='word_1_318' title='bbox 1475 4020 1868 4082; x_wconf 88' lang='lat' dir='ltr'>mansionem</span> <span class='ocrx_word' id='word_1_319' title='bbox 1901 4037 1959 4081; x_wconf 91' lang='lat' dir='ltr'>et</span> <span class='ocrx_word' id='word_1_320' title='bbox 1991 4021 2205 4082; x_wconf 89' lang='lat' dir='ltr'>locum</span> <span class='ocrx_word' id='word_1_321' title='bbox 2238 4022 2578 4103; x_wconf 91' lang='lat' dir='ltr'>unicuique</span> <span class='ocrx_word' id='word_1_322' title='bbox 2611 4024 2935 4105; x_wconf 91' lang='lat' dir='ltr'>proprium</span> <span class='ocrx_word' id='word_1_323' title='bbox 2969 4023 3251 4104; x_wconf 86' lang='lat' dir='ltr'>assignet,</span> 
     </span>
     <span class='ocr_line' id='line_1_42' title="bbox 634 4127 3252 4211; baseline 0 -20"><span class='ocrx_word' id='word_1_324' title='bbox 634 4130 811 4207; x_wconf 88' lang='lat' dir='ltr'>cujus</span> <span class='ocrx_word' id='word_1_325' title='bbox 845 4130 1103 4211; x_wconf 88' lang='lat' dir='ltr'>quidem</span> <span class='ocrx_word' id='word_1_326' title='bbox 1134 4129 1252 4189; x_wconf 91' lang='lat' dir='ltr'>loci</span> <span class='ocrx_word' id='word_1_327' title='bbox 1287 4128 1702 4207; x_wconf 89' lang='lat' dir='ltr'>concessione,</span> <span class='ocrx_word' id='word_1_328' title='bbox 1737 4127 1927 4188; x_wconf 90' lang='lat' dir='ltr'>iidem</span> <span class='ocrx_word' id='word_1_329' title='bbox 1949 4128 2308 4190; x_wconf 89' lang='lat' dir='ltr'>Cardinales</span> <span class='ocrx_word' id='word_1_330' title='bbox 2341 4145 2399 4190; x_wconf 91' lang='lat' dir='ltr'>et</span> <span class='ocrx_word' id='word_1_331' title='bbox 2430 4129 2525 4191; x_wconf 92' lang='lat' dir='ltr'>sui</span> <span class='ocrx_word' id='word_1_332' title='bbox 2559 4130 2745 4192; x_wconf 88' lang='lat' dir='ltr'>officii</span> <span class='ocrx_word' id='word_1_333' title='bbox 2778 4131 3252 4210; x_wconf 87' lang='lat' dir='ltr'>admoneantur,</span> 
     </span>
     <span class='ocr_line' id='line_1_43' title="bbox 635 4235 3254 4317; baseline 0.001 -20"><span class='ocrx_word' id='word_1_334' title='bbox 635 4252 693 4297; x_wconf 90' lang='lat' dir='ltr'>et</span> <span class='ocrx_word' id='word_1_335' title='bbox 726 4238 1107 4314; x_wconf 90' lang='lat' dir='ltr'>residentiae,</span> <span class='ocrx_word' id='word_1_336' title='bbox 1142 4256 1334 4317; x_wconf 87' lang='lat' dir='ltr'>quam</span> <span class='ocrx_word' id='word_1_337' title='bbox 1365 4235 1707 4296; x_wconf 88' lang='lat' dir='ltr'>assistendo</span> <span class='ocrx_word' id='word_1_338' title='bbox 1742 4235 1859 4316; x_wconf 89' lang='lat' dir='ltr'>ipsi</span> <span class='ocrx_word' id='word_1_339' title='bbox 1894 4235 2183 4297; x_wconf 87' lang='lat' dir='ltr'>Romano</span> <span class='ocrx_word' id='word_1_340' title='bbox 2217 4237 2498 4298; x_wconf 89' lang='lat' dir='ltr'>Pontifici</span> <span class='ocrx_word' id='word_1_341' title='bbox 2530 4257 2768 4298; x_wconf 89' lang='lat' dir='ltr'>servare</span> <span class='ocrx_word' id='word_1_342' title='bbox 2802 4238 3048 4317; x_wconf 89' lang='lat' dir='ltr'>debent,</span> <span class='ocrx_word' id='word_1_343' title='bbox 3079 4254 3137 4298; x_wconf 92' lang='lat' dir='ltr'>et</span> <span class='ocrx_word' id='word_1_344' title='bbox 3155 4238 3254 4299; x_wconf 83' lang='lat' dir='ltr'>vel</span> 
     </span>
     <span class='ocr_line' id='line_1_44' title="bbox 635 4342 3254 4427; baseline 0.001 -24"><span class='ocrx_word' id='word_1_345' title='bbox 635 4362 708 4403; x_wconf 89' lang='lat' dir='ltr'>ex</span> <span class='ocrx_word' id='word_1_346' title='bbox 760 4344 879 4402; x_wconf 89' lang='lat' dir='ltr'>hoc</span> <span class='ocrx_word' id='word_1_347' title='bbox 931 4342 1127 4420; x_wconf 87' lang='lat' dir='ltr'>magis</span> <span class='ocrx_word' id='word_1_348' title='bbox 1177 4359 1495 4422; x_wconf 89' lang='lat' dir='ltr'>tamquam</span> <span class='ocrx_word' id='word_1_349' title='bbox 1542 4342 1604 4403; x_wconf 89' lang='lat' dir='ltr'>in</span> <span class='ocrx_word' id='word_1_350' title='bbox 1652 4361 1855 4403; x_wconf 91' lang='lat' dir='ltr'>unum</span> <span class='ocrx_word' id='word_1_351' title='bbox 1901 4362 2126 4425; x_wconf 90' lang='lat' dir='ltr'>corpus</span> <span class='ocrx_word' id='word_1_352' title='bbox 2175 4359 2492 4423; x_wconf 88' lang='lat' dir='ltr'>compacta</span> <span class='ocrx_word' id='word_1_353' title='bbox 2537 4348 2833 4424; x_wconf 88' lang='lat' dir='ltr'>membra,</span> <span class='ocrx_word' id='word_1_354' title='bbox 2866 4363 3040 4405; x_wconf 88' lang='lat' dir='ltr'>sacro</span> <span class='ocrx_word' id='word_1_355' title='bbox 3073 4344 3254 4427; x_wconf 88' lang='lat' dir='ltr'>capiti</span> 
     </span>
     <span class='ocr_line' id='line_1_45' title="bbox 635 4449 2559 4532; baseline 0.002 -23"><span class='ocrx_word' id='word_1_356' title='bbox 635 4468 911 4510; x_wconf 86' lang='lat' dir='ltr'>connexa</span> <span class='ocrx_word' id='word_1_357' title='bbox 945 4469 1095 4527; x_wconf 91' lang='lat' dir='ltr'>esse,</span> <span class='ocrx_word' id='word_1_358' title='bbox 1129 4466 1187 4510; x_wconf 90' lang='lat' dir='ltr'>et</span> <span class='ocrx_word' id='word_1_359' title='bbox 1219 4452 1293 4510; x_wconf 88' lang='lat' dir='ltr'>ab</span> <span class='ocrx_word' id='word_1_360' title='bbox 1327 4449 1434 4511; x_wconf 93' lang='lat' dir='ltr'>illo</span> <span class='ocrx_word' id='word_1_361' title='bbox 1471 4451 1813 4532; x_wconf 88' lang='lat' dir='ltr'>dependere</span> <span class='ocrx_word' id='word_1_362' title='bbox 1849 4449 2066 4511; x_wconf 91' lang='lat' dir='ltr'>clarius</span> <span class='ocrx_word' id='word_1_363' title='bbox 2101 4451 2559 4530; x_wconf 87' lang='lat' dir='ltr'>dignoscantur.</span> 
     </span>
    </p>

    <p class='ocr_par' dir='ltr' id='par_1_10' title="bbox 631 4556 3255 5070">
     <span class='ocr_line' id='line_1_46' title="bbox 849 4556 3250 4639; baseline 0.002 -21"><span class='ocrx_word' id='word_1_364' title='bbox 849 4565 877 4626; x_wconf 81' lang='lat' dir='ltr'>S</span> <span class='ocrx_word' id='word_1_365' title='bbox 917 4576 973 4618; x_wconf 90' lang='lat'>2.</span> <span class='ocrx_word' id='word_1_366' title='bbox 1008 4556 1230 4618; x_wconf 90' lang='lat' dir='ltr'>Habita</span> <span class='ocrx_word' id='word_1_367' title='bbox 1254 4557 1436 4638; x_wconf 90' lang='lat' dir='ltr'>igitur</span> <span class='ocrx_word' id='word_1_368' title='bbox 1463 4578 1607 4619; x_wconf 90' lang='lat' dir='ltr'>cum</span> <span class='ocrx_word' id='word_1_369' title='bbox 1629 4558 2099 4619; x_wconf 75' lang='lat' dir='ltr'>venerabilibus</span> <span class='ocrx_word' id='word_1_370' title='bbox 2123 4559 2435 4620; x_wconf 87' lang='lat' dir='ltr'>Fratribus</span> <span class='ocrx_word' id='word_1_371' title='bbox 2456 4560 2681 4621; x_wconf 89' lang='lat' dir='ltr'>nostris</span> <span class='ocrx_word' id='word_1_372' title='bbox 2702 4559 2984 4639; x_wconf 89' lang='lat' dir='ltr'>ejusdem</span> <span class='ocrx_word' id='word_1_373' title='bbox 3004 4559 3064 4625; x_wconf 89' lang='lat' dir='ltr'>S.</span> <span class='ocrx_word' id='word_1_374' title='bbox 3087 4561 3160 4623; x_wconf 90' lang='lat' dir='ltr'>R.</span> <span class='ocrx_word' id='word_1_375' title='bbox 3179 4560 3250 4622; x_wconf 88' lang='lat' dir='ltr'>E.</span> 
     </span>
     <span class='ocr_line' id='line_1_47' title="bbox 634 4664 3254 4747; baseline 0.001 -21"><span class='ocrx_word' id='word_1_376' title='bbox 634 4664 1068 4726; x_wconf 90' lang='lat' dir='ltr'>Cardinalibus</span> <span class='ocrx_word' id='word_1_377' title='bbox 1102 4665 1540 4729; x_wconf 90' lang='lat' dir='ltr'>deliberatione</span> <span class='ocrx_word' id='word_1_378' title='bbox 1576 4684 1828 4747; x_wconf 88' lang='lat' dir='ltr'>matura,</span> <span class='ocrx_word' id='word_1_379' title='bbox 1877 4667 1951 4728; x_wconf 92' lang='lat' dir='ltr'>de</span> <span class='ocrx_word' id='word_1_380' title='bbox 1987 4687 2205 4729; x_wconf 90' lang='lat' dir='ltr'>eorum</span> <span class='ocrx_word' id='word_1_381' title='bbox 2240 4668 2500 4729; x_wconf 90' lang='lat' dir='ltr'>consilio</span> <span class='ocrx_word' id='word_1_382' title='bbox 2532 4684 2590 4729; x_wconf 91' lang='lat' dir='ltr'>et</span> <span class='ocrx_word' id='word_1_383' title='bbox 2620 4688 2891 4747; x_wconf 89' lang='lat' dir='ltr'>assensu,</span> <span class='ocrx_word' id='word_1_384' title='bbox 2924 4668 3254 4730; x_wconf 90' lang='lat' dir='ltr'>statuimus</span> 
     </span>
     <span class='ocr_line' id='line_1_48' title="bbox 633 4772 3254 4857; baseline 0.001 -25"><span class='ocrx_word' id='word_1_385' title='bbox 633 4788 690 4833; x_wconf 90' lang='lat' dir='ltr'>et</span> <span class='ocrx_word' id='word_1_386' title='bbox 736 4772 1100 4833; x_wconf 90' lang='lat' dir='ltr'>ordinamus</span> <span class='ocrx_word' id='word_1_387' title='bbox 1133 4774 1197 4833; x_wconf 93' lang='lat' dir='ltr'>in</span> <span class='ocrx_word' id='word_1_388' title='bbox 1231 4789 1553 4855; x_wconf 89' lang='lat' dir='ltr'>posterum</span> <span class='ocrx_word' id='word_1_389' title='bbox 1585 4774 1897 4857; x_wconf 89' lang='lat' dir='ltr'>perpetuis</span> <span class='ocrx_word' id='word_1_390' title='bbox 1932 4774 2154 4837; x_wconf 91' lang='lat' dir='ltr'>futuris</span> <span class='ocrx_word' id='word_1_391' title='bbox 2188 4775 2591 4856; x_wconf 80' lang='lat' dir='ltr'>temporibuS,</span> <span class='ocrx_word' id='word_1_392' title='bbox 2629 4774 3001 4857; x_wconf 86' lang='lat' dir='ltr'>Presbyteris</span> <span class='ocrx_word' id='word_1_393' title='bbox 3034 4774 3254 4837; x_wconf 89' lang='lat' dir='ltr'>Cardi-</span> 
     </span>
     <span class='ocr_line' id='line_1_49' title="bbox 633 4879 3255 4964; baseline 0.001 -24"><span class='ocrx_word' id='word_1_394' title='bbox 633 4879 892 4959; x_wconf 88' lang='lat' dir='ltr'>nalibus,</span> <span class='ocrx_word' id='word_1_395' title='bbox 945 4881 1055 4941; x_wconf 89' lang='lat' dir='ltr'>has</span> <span class='ocrx_word' id='word_1_396' title='bbox 1104 4896 1365 4960; x_wconf 89' lang='lat' dir='ltr'>tantum,</span> <span class='ocrx_word' id='word_1_397' title='bbox 1418 4902 1578 4962; x_wconf 91' lang='lat' dir='ltr'>quae</span> <span class='ocrx_word' id='word_1_398' title='bbox 1631 4881 1785 4943; x_wconf 86' lang='lat' dir='ltr'>infra</span> <span class='ocrx_word' id='word_1_399' title='bbox 1838 4883 2173 4964; x_wconf 89' lang='lat' dir='ltr'>descriptae</span> <span class='ocrx_word' id='word_1_400' title='bbox 2220 4899 2383 4961; x_wconf 91' lang='lat' dir='ltr'>sunt,</span> <span class='ocrx_word' id='word_1_401' title='bbox 2420 4882 2738 4959; x_wconf 74' lang='lat' dir='ltr'>Ecclesias‚</span> <span class='ocrx_word' id='word_1_402' title='bbox 2771 4902 2981 4963; x_wconf 88' lang='lat' dir='ltr'>neque</span> <span class='ocrx_word' id='word_1_403' title='bbox 3013 4882 3160 4942; x_wconf 91' lang='lat' dir='ltr'>alias</span> <span class='ocrx_word' id='word_1_404' title='bbox 3190 4882 3255 4943; x_wconf 92' lang='lat' dir='ltr'>in</span> 
     </span>
     <span class='ocr_line' id='line_1_50' title="bbox 631 4987 3251 5070; baseline 0.001 -23"><span class='ocrx_word' id='word_1_405' title='bbox 631 4987 819 5048; x_wconf 91' lang='lat' dir='ltr'>titulis</span> <span class='ocrx_word' id='word_1_406' title='bbox 852 4988 1146 5066; x_wconf 87' lang='lat' dir='ltr'>assignari</span> <span class='ocrx_word' id='word_1_407' title='bbox 1180 4990 1420 5067; x_wconf 91' lang='lat' dir='ltr'>debere,</span> <span class='ocrx_word' id='word_1_408' title='bbox 1455 4989 1753 5065; x_wconf 89' lang='lat' dir='ltr'>videlicet,</span> <span class='ocrx_word' id='word_1_409' title='bbox 1787 5009 1859 5050; x_wconf 91' lang='lat' dir='ltr'>ex</span> <span class='ocrx_word' id='word_1_410' title='bbox 1894 4990 2163 5070; x_wconf 88' lang='lat' dir='ltr'>antiquis</span> <span class='ocrx_word' id='word_1_411' title='bbox 2197 4990 2452 5051; x_wconf 90' lang='lat' dir='ltr'>Sanctae</span> <span class='ocrx_word' id='word_1_412' title='bbox 2485 4990 2710 5056; x_wconf 86' lang='lat' dir='ltr'>Crucis</span> <span class='ocrx_word' id='word_1_413' title='bbox 2743 4991 2808 5051; x_wconf 90' lang='lat' dir='ltr'>in</span> <span class='ocrx_word' id='word_1_414' title='bbox 2841 4990 3251 5069; x_wconf 77' lang='lat' dir='ltr'>Hierusalem,</span> 
     </span>
    </p>
   </div>
  </div>
 </body>
</html>
