3684 5416
510 1532 558 1565 to

511 2067 556 2111 ¹5

511 2601 565 2635 20

509 3137 559 3181 ²5

510 3676 562 3720 30

508 4211 558 4254 35

608 361 717 432 634
1481 358 1729 414 Ordines
1767 372 1823 414 et
1863 360 2361 430 congregationes.

606 545 965 625 iniungitur.
1001 544 1071 605 In
1104 544 1332 625 quibus
1362 544 1582 606 diebus
1616 542 2162 626 Quadragesimae‚
2203 545 2502 627 accipiant
2534 564 2757 607 ornnes
2788 546 3071 623 singulos
3106 566 3211 606 co-

611 652 775 713 dices
821 652 898 712 de
933 651 1329 729 Bibliotheca,
1382 671 1544 733 quos
1594 671 1700 732 per
1733 652 2020 713 ordinem
2055 672 2127 713 ex
2161 653 2402 734 integro
2435 653 2658 732 legant.
2722 651 2851 727 Qui
2885 652 3125 713 codices
3159 654 3228 713 in

611 774 791 840 caput
824 758 1349 837 Quadragesimae
1398 759 1583 820 dandi
1632 773 1790 822 sunt.
1856 764 2017 820 Ante
2065 759 2275 820 omnia
2322 778 2470 820 sane
2518 761 2895 841 deputentur
2925 778 3090 820 unus
3121 775 3227 818 aut

611 867 740 927 duo
786 866 1078 941 seniores,
1128 866 1238 947 qui
1271 867 1651 929 circumeant
1687 867 2133 928 Monasterium
2169 867 2355 942 horis,
2389 866 2617 947 quibus
2649 882 2868 928 vacant
2902 866 3109 927 fratres
3140 867 3228 925 le-

611 972 833 1033 ctioni:
885 988 943 1032 et
988 972 1253 1050 videant,
1305 992 1381 1033 ne
1430 973 1582 1034 forte
1631 972 1982 1033 inveniatur
2014 972 2192 1033 frater
2223 973 2582 1048 accidiosus,
2616 973 2725 1054 qui
2759 989 2927 1034 vacet
2966 973 3094 1034 otio
3126 989 3234 1033 aut

612 1078 851 1153 fabulis,
888 1095 945 1140 et
977 1098 1105 1141 non
1139 1081 1213 1140 sit
1247 1080 1519 1141 intentus
1551 1079 1834 1142 lectioni:
1870 1096 1928 1141 et
1960 1099 2089 1141 non
2121 1079 2325 1141 solum
2358 1080 2471 1141 sibi
2508 1081 2743 1142 inutilis
2776 1082 2869 1157 sit,
2902 1082 3008 1141 sed
3041 1082 3233 1142 etiam

611 1186 761 1247 alios
809 1187 1073 1247 extollat.
1142 1187 1260 1247 Hic
1304 1186 1440 1246 talis
1485 1187 1555 1261 si,
1592 1187 1762 1266 quod
1795 1188 1968 1261 absit,
2004 1202 2283 1268 repertus
2314 1186 2515 1266 fuerit,
2552 1189 2917 1269 corripiatur
2949 1188 3139 1249 semel
3173 1204 3233 1248 et

611 1291 918 1353 secundo:
971 1292 1020 1352 si
1053 1311 1184 1353 non
1219 1293 1656 1362 emendaverit,
1691 1293 2058 1355 correctioni
2095 1294 2357 1374 regulari
2391 1293 2696 1372 subjaceat
2734 1295 2942 1373 taliter,
2993 1310 3060 1357 ut
3092 1315 3233 1356 cae-

613 1400 721 1460 teri
774 1400 1046 1460 timeant.
1133 1400 1354 1479 Neque
1407 1398 1589 1460 frater
1638 1401 1715 1460 ad
1769 1400 2013 1461 fratrem
2067 1400 2360 1480 jungatur
2412 1403 2580 1463 horis
2633 1402 3232 1484 incompetentibus:

614 1506 952 1569 Dominico
1003 1506 1146 1567 item
1195 1506 1292 1566 die
1341 1506 1591 1568 lectioni
1639 1523 1855 1567 vacent
1901 1526 2152 1581 omnes3
2205 1508 2469 1589 exceptis
2508 1509 2622 1579 his,
2658 1510 2768 1589 qui
2802 1508 2980 1569 variis
3011 1508 3241 1569 officiis

614 1614 886 1695 deputati
933 1628 1092 1674 sunt.
1156 1613 1221 1675 Si
1268 1614 1410 1694 quis
1456 1634 1604 1676 vero
1636 1614 1716 1674 ita
1748 1614 2068 1694 negligens
2101 1631 2158 1675 et
2192 1614 2543 1676 desidiosus
2578 1614 2775 1687 luerit,
2809 1631 2875 1676 ut
2907 1634 3039 1676 non
3073 1614 3240 1692 velit,

612 1736 717 1782 aut
750 1741 877 1783 non
912 1721 1101 1803 possit
1135 1721 1432 1799 meditari,
1465 1738 1570 1784 aut
1602 1721 1839 1809 legere}
1877 1720 2235 1800 injungatur
2266 1722 2321 1783 ei
2356 1740 2539 1803 opus,
2574 1723 2748 1803 quod
2782 1721 2977 1795 faciat,
3001 1738 3068 1781 ut
3098 1740 3237 1783 non

614 1843 798 1890 vacet.
877 1829 1191 1891 Fratribus
1223 1829 1502 1903 infirmis,
1534 1844 1637 1891 aut
1669 1829 1942 1890 delicatis
1974 1831 2110 1890 talis
2143 1849 2330 1909 opera
2364 1847 2471 1891 aut
2502 1850 2598 1890 ars
2633 1828 3011 1911 injungatur,
3035 1844 3098 1889 ut
3120 1847 3240 1888 nec

615 1937 798 1998 otiosi
849 1937 988 2008 sint,
1039 1956 1153 1997 nec
1199 1936 1489 1998 violentia
1525 1937 1750 1998 laboris
1784 1936 2238 2017 opprimantur,
2278 1952 2343 1998 ut
2375 1936 2762 2019 effugentur:
2814 1955 3084 2017 quorum
3119 1935 3240 1995 im·

615 2043 907 2105 becillitas
940 2046 1014 2105 ab
1048 2046 1283 2105 Abbate
1319 2043 1767 2105 consideranda
1800 2060 1905 2105 est.

829 2148 980 2231 Cap.
1014 2150 1153 2211 Llll.
1202 2150 1303 2211 De
1349 2150 1694 2232 hospitibus
1725 2152 2155 2231 suscipiendis.
2219 2150 2456 2213 Omnes
2487 2150 2989 2233 supervenientes
3021 2150 3240 2230 hospi-

617 2275 708 2318 tes
752 2274 1048 2338 tanquam
1101 2257 1383 2319 Christus
1430 2258 1878 2339 suscipiantur3
1930 2257 2074 2338 quia
2108 2257 2238 2338 ipse
2270 2258 2547 2319 dicturus
2579 2274 2700 2319 est:
2751 2257 3145 2338 Hospesfici,
3178 2263 3246 2317 et

618 2367 979 2446 suscepistis
1027 2385 1137 2425 me.
1206 2364 1280 2424 Et
1327 2364 1623 2425 omnibus
1671 2383 1988 2444 congruus
2039 2364 2245 2424 honor
2277 2365 2662 2437 exhibeatur;
2713 2364 2977 2424 maxime
3024 2378 3238 2423 tamen

621 2470 974 2532 domesticis
1023 2470 1185 2544 fidei,
1235 2485 1293 2531 et
1339 2470 1702 2552 peregrinis,
1770 2471 1855 2534 Ut
1904 2490 2052 2550 ergo
2098 2471 2419 2532 nuntiatus
2465 2471 2644 2532 fuerit
2705 2471 2951 2551 hospes,
3014 2489 3239 2531 occur-

619 2596 784 2640 ratur
830 2578 885 2639 ei
930 2600 963 2638 a
996 2577 1223 2652 Priore,
1260 2579 1355 2638 vel
1386 2599 1419 2638 a
1453 2577 1759 2657 fratribus,
1796 2598 1942 2639 cum
1977 2580 2152 2640 omni
2200 2577 2409 2640 officio
2458 2578 2793 2640 charitatis:
2847 2595 2905 2641 et
2956 2578 3244 2660 primitus

618 2704 798 2750 orent
848 2686 1087 2768 pariter.
1139 2701 1197 2747 et
1244 2685 1330 2747 sic
1374 2685 1487 2747 sibi
1520 2684 1828 2748 socientur
1867 2686 1930 2747 in
1968 2702 2149 2768 pace:
2184 2686 2354 2766 quod
2390 2686 2554 2767 pacis
2587 2686 2873 2747 osculum
2906 2705 3031 2748 non
3065 2684 3240 2766 prius

615 2795 930 2869 offeratur,
1003 2793 1118 2854 nisi
1170 2794 1448 2855 oratione
1504 2795 1854 2874 praemissa,
1915 2810 2166 2875 propter
2217 2795 2539 2857 illusiones
2591 2794 2940 2857 diabolicas.
2989 2793 3056 2854 In
3105 2793 3238 2874 ipsa

615 2919 822 2964 autem
868 2901 1229 2962 salutatione
1276 2900 1483 2961 omnis
1532 2901 1892 2962 exhibeatur
1925 2902 2256 2962 humilitas.
2320 2901 2632 2963 Omnibus
2665 2901 3071 2966 venientibus,
3108 2899 3239 2959 sive

616 3010 1070 3071 discedentibus
1123 3007 1489 3088 hospitibus,
1537 3007 1830 3068 inclinato
1893 3008 2106 3088 capite,
2155 3009 2248 3068 vel
2297 3024 2601 3089 prostrato
2646 3008 2823 3068 omni
2871 3025 3127 3088 corpore
3170 3007 3237 3066 in

615 3134 790 3192 terra,
821 3114 1104 3176 Christus
1151 3114 1213 3174 in
1261 3115 1347 3173 eis
1379 3114 1683 3184 adoretur,
1717 3115 1824 3195 qui
1861 3130 1919 3176 et
1950 3115 2298 3197 suscipitur.

831 3221 1108 3302 Suscepti
1139 3235 1347 3281 autem
1381 3220 1657 3298 hospites
1689 3222 1991 3282 ducantur
2022 3223 2096 3282 ad
2133 3222 2511 3282 orationem:
2548 3236 2605 3281 et
2627 3203 2838 3301 postea
2858 3222 3065 3282 sedeat
3088 3239 3236 3280 cum

616 3331 703 3391 eis
737 3329 926 3400 Prior,
957 3343 1064 3389 aut
1095 3328 1194 3388 cui
1229 3326 1468 3403 jusserit
1500 3328 1647 3408 ipse.
1716 3329 1983 3409 Legatur
2027 3348 2233 3390 coram
2268 3328 2509 3410 hospite
2541 3329 2636 3389 lex
2669 3328 2890 3399 divina,
2924 3343 2988 3387 ut
3021 3326 3231 3387 aedifi-

616 3454 815 3498 cetur:
885 3451 943 3496 et
994 3452 1132 3516 post
1179 3437 1329 3497 haec
1380 3437 1585 3497 omnis
1635 3437 1690 3496 ei
1738 3436 2096 3497 exhibeatur
2144 3436 2515 3496 humanitas.
2580 3434 2896 3513 Jejunium
2941 3456 2975 3494 a
3025 3434 3229 3495 Priore

619 3545 929 3622 frangatur
977 3559 1225 3624 propter
1275 3543 1615 3623 hospitem;
1667 3543 1781 3604 nisi
1833 3542 1988 3603 forte
2038 3544 2406 3624 praecipuus
2452 3543 2526 3603 sit
2567 3543 2666 3603 ille
2699 3543 2828 3603 dies
2862 3541 3092 3620 jejunii,
3124 3543 3233 3622 qui

618 3671 745 3712 non
780 3650 967 3732 possit
1000 3650 1230 3712 violari.
1316 3649 1550 3711 Fratres
1584 3665 1792 3711 autem
1826 3650 2316 3710 consuetudines
2350 3648 2726 3728 jejuniorum
2760 3666 3232 3730 prosequantur.

621 3764 868 3840 Aquam
915 3759 979 3819 in
1028 3757 1315 3819 manibus
1348 3759 1556 3818 Abbas
1603 3757 1950 3837 hospitibus
1998 3757 2130 3816 det:
2182 3757 2367 3837 pedes
2401 3757 2750 3837 hospitibus
2784 3758 3079 3818 omnibus
3110 3774 3234 3817 tam

619 3869 846 3937 Abbas,
883 3884 1073 3945 quarn
1108 3881 1327 3925 cuncta
1362 3865 1780 3944 Congregatio
1813 3865 2003 3924 lavet:
2060 3862 2288 3944 quibus
2322 3863 2478 3939 lotiS,
2514 3865 2681 3926 hunc
2711 3883 2960 3924 versum
2994 3863 3232 3924 dicant:

618 3977 1006 4055 Suscepimus
1037 3972 1213 4033 Deus
1247 3972 1736 4033 misericordiam
1772 3979 1937 4032 tuam
1972 3974 2037 4031 in
2058 3971 2257 4031 medio
2278 3971 2492 4052 templi
2509 3973 2617 4031 tui.
2654 3971 3004 4051 Pauperum
3027 3987 3235 4031 autem

617 4097 673 4142 et
709 4081 1177 4163 peregrinorum
1215 4079 1483 4140 maxime
1517 4079 1825 4160 susceptio
1864 4078 2041 4140 omni
2076 4098 2223 4139 cura
2257 4077 2488 4138 solicite
2537 4077 2928 4138 exhibeatur:
2980 4078 3123 4157 quia
3172 4079 3236 4138 in

615 4188 762 4267 ipsis
795 4188 989 4264 magis
1022 4187 1308 4248 Christus
1340 4187 1686 4268 suscipitur.
1724 4187 1887 4247 Nam
1924 4185 2182 4246 divitum
2204 4201 2398 4245 terror
2419 4185 2546 4265 ipse
2566 4185 2681 4245 sibi
2703 4185 2888 4263 exigit
2909 4185 3232 4246 honorem.

832 4294 1121 4373 Coquina
1156 4294 1385 4354 abbatis
1418 4310 1476 4354 et
1511 4294 1830 4375 hospitum
1869 4313 1976 4374 per
2006 4313 2071 4352 se
2105 4292 2199 4366 sit,
2238 4309 2303 4353 ut
2335 4292 2577 4352 incertis
2611 4290 2777 4352 horis
2799 4292 3235 4372 supervenien-

619 4417 706 4462 tes
753 4400 1047 4480 hospiteS‚
1103 4399 1211 4479 qui
1263 4419 1590 4481 nunquam
1647 4402 1874 4461 desunt
1909 4399 2309 4476 Monasteri0‚
2346 4418 2474 4459 non
2508 4397 2852 4478 inquietent
2886 4397 3109 4459 fratres.
3172 4399 3236 4459 ln

620 4513 742 4588 qua
788 4506 1057 4587 coquina
1104 4506 1181 4566 ad
1229 4526 1463 4568 annum
1500 4508 1926 4588 ingrediantur
1959 4509 2088 4568 duo
2125 4507 2352 4583 fratres,
2386 4507 2495 4586 qui
2531 4506 2733 4587 ipsum
2771 4503 3046 4566 officium
3080 4509 3235 4565 bene

618 4614 946 4695 impleant:
998 4612 1245 4693 quibus,
1297 4631 1362 4675 ut
1409 4615 1704 4694 indigent,
1756 4614 1970 4675 solatia
2017 4613 2549 4683 administrentur;
2587 4629 2653 4673 ut
2685 4615 2920 4692 absque
2953 4630 3235 4672 murmu-

620 4722 854 4781 ratione
887 4720 1169 4781 serviant.
1209 4721 1280 4781 Et
1312 4721 1555 4796 iterum,
1589 4723 1853 4801 quando
1878 4721 2348 4802 occupationem
2382 4721 2689 4781 minorem
2724 4720 2973 4794 habent,
3007 4735 3240 4789 exeant,

618 4828 726 4888 ubi
760 4827 845 4888 eis
881 4829 1233 4910 imperatur,
1268 4827 1329 4887 in
1365 4848 1568 4908 opera.
1633 4829 1704 4889 Et
1736 4847 1866 4889 non
1900 4830 2104 4889 solum
2142 4829 2205 4889 in
2239 4828 2404 4910 ipsis,
2439 4828 2544 4888 sed
2580 4843 2640 4887 et
2671 4827 2734 4888 in
2770 4826 3064 4887 omnibus
3095 4824 3237 4886 offi-

620 4935 726 4996 ciis
764 4935 1117 4996 Monasterii
1153 4935 1262 4995 ista
1297 4934 1371 4995 sit
1402 4934 1829 5014 consideratio,
1866 4951 1931 4996 ut
1963 4936 2214 5015 quando
2246 4935 2541 5014 indigent,
2578 4933 2789 4995 solatia
2826 4933 3237 4995 accomoden-
