3684 5416
343 977 365 1020 5

322 1510 372 1541 to

324 2049 369 2092 ¹5

318 2593 373 2623 20

325 4199 374 4242 35

1605 344 1868 414 Capituli.
2944 366 3045 420 503

424 421 735 426 ———-.—.-

423 527 712 588 dientiam
760 548 937 588 suam
986 528 1296 608 expleant:
1348 544 1407 589 et
1452 530 1709 607 quando
1757 549 2158 592 communem
2201 549 2454 610 operam
2501 550 2634 592 non
2666 548 2755 592 est
2788 551 3041 592 necesse

426 633 637 714 facere,
676 651 887 714 postea
921 635 1379 714 unusquisque,
1414 636 1586 714 quod
1622 654 1782 715 opus
1816 638 2018 712 habet,
2057 636 2246 697 faciat.

639 741 791 821 Cap.
824 741 955 802 XV.
1034 740 1136 801 De
1172 741 1574 822 gravioribus
1621 742 1837 824 culpis.
1912 743 1976 803 Si
2010 743 2150 823 quis
2183 745 2461 806 Clericus
2493 744 2569 804 de
2601 745 2821 806 ordine
2855 762 3042 804 cano-

421 849 563 909 nico
607 850 917 928 graviores
964 850 1174 930 culpas
1207 849 1599 924 commiserit,
1646 850 1707 909 id
1739 867 1827 910 est
1862 851 2289 926 homicidium,
2327 851 2819 929 fornicationem,
2861 852 3038 913 adul-

420 957 663 1030 terium,
702 957 953 1029 furtum‚
988 958 1083 1017 vel
1116 958 1211 1017 his
1244 957 1440 1017 simile
1477 976 1677 1017 unum
1713 977 1784 1018 ex
1817 958 2256 1038 principalibus
2289 959 2447 1020 vitiis
2478 960 2871 1037 commiserit,
2906 979 3045 1021 cor-

424 1064 617 1143 porali
652 1066 1031 1145 castigationi
1066 1067 1350 1147 primitus
1383 1065 1724 1143 subjaceat:
1767 1067 1992 1128 deinde
2027 1069 2281 1146 quando
2315 1083 2592 1149 tempore
2625 1069 2756 1129 vult
2788 1067 3043 1148 Episco-

424 1189 558 1250 pus,
593 1172 688 1231 vel
723 1173 829 1251 qui
857 1177 972 1233 sub
995 1193 1070 1234 eo
1093 1189 1257 1249 sunt,
1281 1193 1587 1234 carcerem
1612 1173 1706 1233 vel
1726 1173 1980 1234 exilium
2002 1174 2280 1254 patiatur,
2304 1175 2503 1236 sciens
2526 1175 2692 1235 illam
2713 1175 3043 1235 terribilem

423 1278 787 1338 sententiam
843 1281 1128 1360 Apostoli
1180 1280 1467 1342 dicentis:
1542 1279 1805 1341 Tradere
1854 1280 2210 1360 hujusmodi
2254 1281 2554 1342 hominem
2607 1284 2672 1341 in
2724 1283 3042 1341 interitum

423 1387 680 1456 carnt'5,·
726 1391 795 1444 ut
825 1386 1096 1466 Spiritus
1141 1387 1347 1448 salvus
1399 1390 1485 1447 sit
1529 1389 1593 1447 in
1628 1388 1729 1446 dle
1759 1387 2040 1447 Domini.
2104 1387 2177 1447 Et
2211 1387 2361 1447 dum
2395 1388 2460 1448 in
2493 1388 2629 1468 ipso
2662 1405 2899 1448 carcere
2933 1404 3042 1459 est,

426 1489 637 1550 nullus
670 1510 741 1550 ex
776 1491 962 1552 Clero
995 1491 1058 1551 in
1092 1492 1267 1553 nullo
1302 1493 1355 1553 ei
1392 1492 1679 1571 jungatur
1711 1492 2046 1570 consorti0,
2080 1511 2285 1571 neque
2316 1491 2381 1551 in
2416 1492 2756 1571 colloqui0,
2792 1490 2908 1552 nisi
2942 1491 3043 1551 cui

426 1595 597 1657 Prior
659 1596 928 1674 jusserit:
1011 1599 1196 1661 Solus
1259 1600 1587 1681 persistens
1649 1599 1711 1658 in
1776 1597 2190 1680 poenitentiae
2241 1599 2431 1676 luctu,
2493 1597 2796 1679 quamdiu
2848 1597 3044 1658 Priori

426 1704 623 1765 visum
662 1721 770 1770 est.

641 1813 941 1892 Egressus
986 1815 1062 1875 de
1110 1834 1364 1888 carcere,
1410 1814 1456 1874 si
1493 1813 1821 1895 EpiscopO,
1872 1815 1966 1874 vel
2000 1813 2111 1894 qui
2143 1816 2260 1873 sub
2293 1831 2370 1873 eo
2403 1828 2569 1888 sunt,
2605 1812 2809 1872 visum
2844 1811 3047 1888 fuerit,

426 1933 563 1996 agat
594 1920 800 1980 adhuc
833 1920 1142 2001 publicam
1179 1921 1621 2001 poenitentiam
1657 1921 1718 1980 id
1750 1935 1862 1997 est,
1908 1921 2322 2002 suspendatur
2354 1923 2430 1980 ab
2465 1920 2733 1980 oratorio
2766 1919 2956 1979 simul
2989 1935 3048 1979 et

424 2046 456 2084 a
493 2025 696 2096 Missa,
745 2042 803 2087 et
854 2029 1146 2088 omnibus
1198 2028 1511 2088 canonicis
1570 2027 1738 2087 horis
1790 2026 1989 2089 veniat
2046 2041 2186 2087 ante
2247 2025 2521 2087 hostium
2570 2026 2892 2100 Ecclesiae,
2940 2026 3046 2085 ubi

424 2130 596 2190 Prior
640 2129 883 2206 jusserit
929 2132 1131 2207 jacens
1177 2149 1518 2212 prostratus
1571 2135 1742 2195 omni
1790 2152 2050 2214 corpore
2084 2148 2224 2193 ante
2258 2133 2464 2213 ipsum
2499 2133 2689 2193 limen
2724 2131 3049 2208 Ecclesiae,

428 2255 625 2315 usque
680 2239 830 2298 dum
886 2240 1317 2318 ingrediuntur
1369 2259 1604 2314 omneS,
1656 2255 1713 2300 et
1761 2256 1970 2321 postea
2019 2240 2208 2317 erigat
2249 2259 2334 2315 se,
2369 2254 2482 2300 stet
2515 2238 2677 2300 foras
2712 2238 3042 2300 Ecclesiam

427 2358 565 2402 ante
586 2344 790 2423 ipsum
814 2347 1062 2420 ostium,
1082 2346 1331 2426 impleat
1352 2346 1434 2406 ibi
1454 2345 1731 2407 officium
1765 2366 1970 2422 suum,
2003 2347 2066 2408 in
2099 2363 2402 2427 quantum
2438 2360 2654 2427 potest.
2707 2344 3044 2424 Egredien-

428 2450 589 2510 tibus
635 2451 711 2510 de
746 2452 1012 2513 Ecclesia
1047 2453 1322 2514 similiter
1356 2470 1690 2534 prostratus
1724 2453 1933 2532 jaceat,
1969 2474 2167 2535 usque
2202 2455 2355 2516 dum
2389 2473 2610 2516 omnes
2643 2453 3048 2533 egrediuntur

430 2554 624 2616 foras:
676 2572 735 2616 et
782 2557 1002 2635 jacens,
1050 2559 1147 2619 vel
1192 2576 1356 2621 stans
1401 2575 1542 2621 ante
1592 2563 1798 2642 ipsum
1831 2561 2022 2622 limen
2056 2581 2199 2622 cum
2236 2560 2410 2623 nullo
2446 2561 2698 2623 homine
2734 2561 3044 2640 loquatur.

646 2664 739 2725 De
771 2665 1130 2727 abstinentia
1167 2685 1331 2743 ver0,
1367 2668 1687 2747 quamdiu,
1719 2667 1816 2728 vel
1849 2668 2109 2750 qualiter
2144 2668 2451 2750 Episcopo
2483 2668 2686 2728 visum
2719 2665 2918 2743 fuerit,
2953 2665 3051 2725 vel

430 2770 537 2850 qui
584 2774 702 2831 sub
751 2791 825 2831 eo
872 2789 1033 2853 sunt,
1084 2793 1392 2853 mensura,
1442 2775 1538 2835 vel
1586 2776 1758 2852 hora,
1806 2796 1930 2856 qua
1978 2777 2031 2836 ei
2079 2776 2296 2836 viderit
2341 2791 2725 2855 competere:
2775 2792 2980 2853 neque
3012 2793 3049 2833 a

430 2899 756 2959 quoquam
790 2882 1207 2958 benedicatur,
1240 2882 1444 2962 usque
1478 2884 1630 2944 dum
1665 2885 2115 2946 reconcilietur.
2182 2884 2311 2960 Qui
2344 2885 2498 2945 dum
2529 2899 2781 2945 vocatus
2814 2882 3051 2943 venerit

430 2986 504 3046 ad
553 2988 1082 3049 reconciliandum
1130 3007 1269 3050 ante
1304 2989 1684 3070 Episcopum
1718 2991 1812 3051 vel
1849 2993 2102 3053 Clerum
2138 3010 2282 3051 cum
2315 2991 2488 3052 omni
2525 2989 2867 3051 humilitate
2903 3007 3049 3069 pro-

356 3127 373 3157 ς
431 3110 655 3155 stratus
702 3096 877 3157 omni
924 3116 1183 3177 corpore
1232 3097 1297 3157 in
1343 3112 1499 3157 terra
1534 3113 1696 3177 petat
1729 3101 1803 3158 ab
1838 3100 2135 3160 omnibus
2167 3098 2440 3171 veniam;
2491 3114 2548 3158 et
2581 3097 2922 3178 Episcopus
2953 3114 3048 3155 se-

432 3204 712 3263 cundum
747 3204 1031 3264 ordinem
1068 3204 1442 3264 canonicum
1477 3224 1620 3265 eum
1656 3205 2023 3266 reconciliet.

647 3312 799 3389 Cap.
834 3310 1026 3373 XXV.
1087 3311 1190 3372 De
1222 3310 1679 3370 Archidiacono
1711 3312 1808 3369 vel
1833 3310 2223 3374 Primicerio.
2286 3312 2550 3392 Oportet
2596 3332 2704 3371 eos
2738 3330 2868 3370 esse
2903 3329 3049 3389 pru-

435 3418 649 3479 dentes
681 3418 837 3479 sicut
869 3432 1201 3498 serpenteS,
1234 3433 1293 3477 et
1324 3417 1630 3497 simplices
1664 3415 1822 3477 sicut
1855 3418 2207 3479 columbas:
2260 3419 2320 3479 id
2355 3435 2458 3491 est,
2493 3433 2562 3479 ut
2591 3418 2712 3477 sint
2744 3417 3052 3496 sapientes

435 3525 499 3586 in
533 3527 793 3601 bonum,
826 3541 883 3585 et
914 3524 1220 3604 simplices
1254 3523 1315 3583 in
1350 3524 1616 3596 malum;
1668 3538 1726 3583 et
1759 3523 1925 3583 docti
1957 3523 2287 3603 Evangelia
2321 3540 2378 3584 et
2410 3542 2761 3585 sanctorum
2802 3524 3049 3584 Patrum

436 3632 704 3692 instituta
738 3650 1073 3707 canonum,
1108 3645 1175 3689 ut
1206 3628 1447 3710 possint
1480 3629 1699 3690 docere
1721 3629 1981 3690 Clerum
2014 3629 2078 3690 in
2110 3630 2241 3709 lege
2278 3630 2483 3691 divina
2517 3644 2574 3690 et
2605 3628 2794 3706 hujus
2828 3647 3045 3709 parvae

434 3738 851 3800 institutionis,
914 3740 988 3798 Et
1020 3738 1107 3798 sic
1139 3758 1202 3797 se
1235 3736 1632 3798 conforment
1664 3736 1871 3811 Cler0,
1923 3752 1988 3797 ut
2021 3756 2150 3797 non
2185 3753 2422 3799 tantum
2457 3736 2656 3798 verbis
2689 3736 3049 3816 capacibus:

434 3847 540 3907 sed
574 3848 757 3907 etiam
796 3846 1082 3926 exemplo
1118 3844 1597 3925 simplicioribus
1630 3844 1836 3903 divina
1872 3860 2189 3925 praecepta
2226 3847 2684 3905 demonstrent:
2736 3845 2843 3923 qui
2877 3849 3048 3924 Apo-

434 3953 572 4013 stoli
606 3955 829 4014 debent
861 3972 1105 4032 semper
1136 3972 1375 4012 servare
1412 3952 1675 4012 formam
1709 3951 1771 4011 in
1804 3970 1927 4030 qua
1968 3951 2145 4013 dicit:
2196 3952 2434 4031 Argue,
2469 3951 2742 4024 obsecra,
2777 3953 3052 4030 increpa,

434 4058 495 4119 id
542 4073 632 4119 est
677 4059 941 4120 miscens
972 4060 1357 4139 temporibus
1391 4074 1688 4137 tempora,
1725 4057 2059 4118 terroribus
2094 4057 2537 4130 blandimenta;
2589 4056 2650 4116 id
2683 4071 2771 4115 est
2800 4054 3050 4115 indisci-

435 4167 698 4248 plinatos
744 4184 804 4228 et
847 4168 1160 4247 inquietos
1207 4167 1431 4226 debent
1477 4166 1694 4227 durius
1740 4183 2028 4245 arguere:
2063 4166 2422 4227 obedientes
2454 4180 2659 4225 autem
2695 4178 2753 4224 et
2786 4163 2962 4223 mites
2994 4179 3053 4223 et

435 4276 748 4356 patientes,
796 4291 864 4335 ut
911 4275 972 4336 in
1020 4274 1243 4334 melius
1291 4274 1630 4354 proficiant,
1680 4278 2034 4335 obsecrare:
2085 4272 2466 4352 negligentes
2500 4288 2557 4332 et
2590 4286 3056 4332 contemnentes

435 4398 494 4443 et
524 4386 846 4463 superbOS,
897 4398 963 4444 ut
1009 4383 1349 4461 increpent,
1399 4398 1455 4441 et
1506 4381 1856 4462 corripiant,
1907 4375 2112 4460 neque
2160 4379 2548 4439 dissimulent
2581 4396 2820 4460 peccata
2855 4379 3052 4439 delin-

436 4491 784 4570 quentium,
830 4490 935 4551 sed
986 4510 1148 4562 mox,
1201 4505 1267 4550 ut
1314 4489 1627 4570 coeperint
1675 4487 1839 4561 oriri,
1872 4488 2180 4562 radicitus,
2217 4502 2283 4547 ut
2317 4487 2681 4567 praevalent,
2714 4502 3054 4567 amputent,

437 4615 744 4657 memores
778 4597 1029 4676 periculi
1066 4597 1205 4657 l-leli
1240 4596 1584 4657 Sacerdotis
1618 4596 1692 4656 de
1727 4595 1890 4665 Silo;
1942 4611 1999 4654 et
2034 4593 2417 4654 honestiores
2451 4594 2709 4673 quidem
2742 4609 2926 4673 atque
2962 4594 3038 4654 in·

435 4703 778 4781 telligibiles
828 4703 1024 4783 prima
1076 4720 1135 4764 et
1184 4704 1452 4764 secunda
1488 4701 1918 4762 admonitione
1952 4701 2149 4761 verbis
2181 4700 2541 4782 corripiant;
2592 4701 2912 4780 improbos
2944 4720 3051 4759 au-

434 4826 559 4872 tern
593 4832 663 4872 ac
696 4811 887 4871 duros
920 4812 1104 4872 corde
1139 4831 1205 4872 ac
1240 4813 1560 4891 superbOS,
1610 4807 1707 4868 vel
1739 4807 2162 4868 inobedientes
2195 4809 2443 4867 verbere
2477 4824 2533 4868 et
2567 4809 2843 4888 corporis
2877 4806 3055 4868 casti-

436 4920 679 4998 gatione
726 4919 790 4979 in
843 4919 977 5000 ipso
1028 4920 1199 4980 initio
1247 4918 1476 5000 peccati
1524 4932 1864 4994 coerceant,
1915 4916 2170 4976 scientes
2202 4916 2517 4996 scriptum.
2585 4915 2822 4977 Slullus
2855 4914 3058 4976 verbis

600 5038 894 5081 Galante:
925 5037 1093 5080 Fontes
1121 5037 1202 5089 jur.
1232 5050 1329 5080 can.
1989 5036 1994 5041 ”
2703 5015 2769 5090 38
