3684 5416
344 1552 394 1584 13

347 2085 394 2130 15

348 3232 399 3276 25

347 3631 402 3675 30

350 4110 401 4154 35

350 4646 406 4686 40

1451 368 1718 425 Pontifex
1760 389 2054 425 romanus
2964 391 3000 442 4
3013 392 3026 428 ι
3039 390 3073 441 7

450 558 568 634 dia,
617 573 676 619 et
708 558 952 617 duabus
984 555 1259 636 partibus
1293 556 1820 616 concordantibus
1855 574 1993 636 pars
2026 556 2198 616 tertia
2233 557 2610 617 concordare
2646 557 2932 636 noluerit,
2965 575 3071 619 aut

448 666 559 726 sibi
607 664 802 726 alium
849 661 1324 744 praesumpserit
1370 662 1707 737 nominare,
1755 661 1855 723 ille
1903 662 2136 743 absque
2171 662 2293 723 ulla
2327 663 2685 743 exceptione
2718 667 2793 725 ab
2828 665 3069 726 univer-

448 772 555 834 sali
587 770 840 833 ecclesia
875 770 1202 831 Romanus
1226 769 1507 830 Pontifex
1540 769 1855 846 habeatur,
1889 768 1998 849 qui
2030 791 2063 829 a
2097 770 2343 831 duabus
2375 770 2650 850 partibus
2683 774 3069 834 concordan-

449 880 612 942 tibus
658 879 888 941 electus
936 877 1116 938 fuerit
1162 894 1219 938 et
1258 892 1558 958 receptus.
1621 887 1650 947 s
1687 897 1745 938 2.
1783 876 1847 937 Si
1880 878 2022 957 quis
2056 891 2265 938 autern
2297 876 2373 937 de
2407 876 2613 937 tertiae
2646 878 2833 957 partis
2865 879 3070 939 norni-

448 985 696 1047 natione
730 984 1020 1061 confisus,
1053 984 1199 1065 quia
1232 985 1309 1045 de
1343 984 1577 1045 ratione
1612 1004 1745 1045 esse
1777 987 1915 1045 non'
1940 1000 2158 1066 potest,
2194 984 2307 1045 sibi
2340 1003 2575 1046 nomen
2596 984 2869 1066 episcopi
2891 1004 3071 1045 usur-

450 1093 696 1173 paverit,
729 1107 857 1154 tam
889 1092 1039 1173 ipse,
1071 1112 1265 1173 quam
1285 1092 1346 1169 ii,
1366 1091 1644 1172 quietim
1667 1091 2029 1172 receperint,
2053 1091 2677 1153 excommunicationi
2697 1093 3072 1171 subiaceant,

449 1207 506 1253 et
554 1192 745 1253 totius
794 1190 946 1252 sacri
995 1191 1231 1251 ordinis
1276 1190 1620 1270 privatione
1668 1191 2049 1252 mulctentur
2089 1190 2185 1266 ita,
2233 1208 2300 1266 ut
2346 1190 2542 1251 viatici
2591 1191 2774 1252 etiarn
2809 1191 2916 1269 eis,
2953 1192 3071 1253 nisi

450 1314 689 1359 tantum
723 1298 788 1358 in
821 1296 1073 1375 ultimiS,
1109 1297 1475 1358 communio
1509 1298 1869 1377 denegetur,
1904 1312 1961 1357 et
1993 1297 2041 1357 si
2076 1314 2206 1358 non
2238 1295 2623 1376 resipuerint,
2659 1315 2805 1358 cum
2828 1297 3071 1359 Dathan

450 1419 507 1465 et
538 1405 801 1482 Abiron,
850 1424 1013 1484 quos
1044 1421 1199 1466 terra
1233 1405 1410 1466 vivos
1441 1404 1779 1480 absorbuit,
1812 1405 2114 1484 accipiant
2145 1403 2520 1484 portionem.
2586 1413 2615 1472 s
2655 1424 2707 1484 3.
2757 1405 3070 1466 Praeterea

452 1512 500 1573 si
533 1534 566 1573 a
600 1512 995 1593 paucioribus
1042 1530 1230 1592 quam
1265 1534 1298 1573 a
1331 1512 1575 1572 duabus
1609 1510 1883 1592 partibus
1915 1511 2138 1592 aliquis
2171 1511 2400 1571 electus
2433 1509 2615 1572 fuerit
2647 1510 2725 1571 ad
2758 1511 3068 1592 apostola-

449 1635 546 1680 tus
595 1618 899 1696 officium,
947 1619 1061 1680 nisi
1114 1619 1311 1680 maior
1362 1619 1697 1679 concordia
1742 1618 2167 1692 intercesserit,
2215 1619 2568 1680 nullatenus
2614 1635 2976 1696 assumatur,
3009 1635 3067 1680 et

451 1727 792 1807 praedictae
827 1745 1065 1809 poenae
1099 1726 1424 1802 subiaceat,
1457 1726 1506 1787 si
1543 1725 1860 1786 humiliter
1891 1724 2157 1786 noluerit
2189 1725 2509 1786 abstinere.
2591 1726 2680 1787 Ex
2713 1727 2834 1787 hoc
2865 1741 3073 1786 tamen

452 1834 693 1895 nullum
744 1832 1057 1895 canonicis
1102 1833 1647 1895 constitutionibus
1691 1849 1749 1894 et
1780 1832 1914 1894 aliis
1945 1831 2213 1893 ecclesiis
2244 1830 2692 1913 praeiudicium
2725 1848 3073 1913 generetur,

450 1942 513 2001 in
546 1941 774 2021 quibus
806 1941 988 2001 debet
1018 1940 1268 2001 maioris
1301 1957 1358 2001 et
1389 1939 1650 2002 sanioris
1684 1939 1870 2020 partis
1902 1938 2201 1999 sententia
2234 1938 2599 2019 praevalere,
2631 1938 2778 2018 quia
2810 1939 2985 2018 quod
3006 1939 3072 2000 in

451 2048 537 2109 eis
569 2048 832 2109 dubium
868 2048 1103 2110 venerit
1135 2049 1470 2129 superioris
1504 2048 1729 2129 poterit
1760 2045 1993 2108 iudicio
2026 2045 2297 2107 diffiniri.
2365 2045 2434 2106 In
2469 2047 2754 2107 Romana
2788 2066 2932 2107 vero
2966 2066 3065 2107 ec-

453 2155 631 2216 clesia
664 2154 923 2235 speciale
956 2154 1186 2235 aliquid
1221 2155 1629 2232 constituitur,
1661 2153 1809 2234 quia
1845 2173 1972 2214 non
2007 2153 2228 2234 poterit
2259 2153 2335 2213 ad
2371 2153 2754 2233 superiorem
2789 2173 3074 2214 recursus

456 2261 682 2322 haberi.

1155 2469 1280 2525 183.
1334 2469 1775 2526 GREGORIUS
1815 2472 1897 2526 X.
1936 2468 2372 2541 (len—1226).

456 2632 881 2703 Gregorius
922 2633 1120 2704 Papa
1161 2632 1229 2686 in
1272 2632 1627 2688 Concilio
1666 2632 2164 2705 Lugdunensi
2204 2632 2364 2688 hab.
2404 2651 2453 2687 a.
2504 2651 2652 2703 1274,
2693 2649 2740 2687 c.
2783 2652 2831 2704 3.
2870 2631 2941 2687 in
2980 2634 3074 2687 VI.

1501 2716 1568 2767 de
1605 2718 1873 2769 electione.
1915 2716 1951 2768 1.
1992 2715 2042 2768 6.

666 2839 693 2867 ⁶
737 2841 895 2910 Corp.
937 2842 1040 2892 iur.
1080 2839 1316 2893 ‹ra11.ed.
1358 2838 1789 2910 Friedberg.
1831 2841 2095 2896 Tom.11.
2135 2839 2244 2898 col.
2284 2840 2406 2912 946.
2457 2839 2902 2911 HinschiuS,
2942 2844 3075 2895 Kir-

451 2919 752 2973 cheurccht.
796 2920 969 2975 Tom.
998 2920 1033 2973 1.
1075 2936 1129 2989 p.
1156 2919 1276 2990 267.
1328 2936 1490 2990 segg.

453 3044 695 3099 Ponitur
721 3062 891 3100 causa
920 3044 1347 3100 constitutionis
1377 3058 1433 3099 et
1457 3044 1591 3100 iuris
1619 3045 1825 3101 veteris
1855 3047 2236 3102 conservatio.
2277 3047 2474 3102 loann.
2502 3047 2679 3101 Andr.
2711 3078 2776 3085 —
2807 3048 2841 3115 g
2878 3064 2916 3101 1.
2957 3047 3076 3101 Po-

455 3123 620 3185 nitur,
658 3126 965 3196 quomodo
995 3125 1203 3179 debeat
1232 3124 1351 3180 fieri
1379 3125 1616 3181 Romani
1643 3126 1936 3182 Pontificis
1966 3126 2189 3193 electi0,
2216 3128 2451 3200 quando
2481 3126 2727 3182 moritur
2751 3126 2807 3181 in
2835 3125 3079 3195 civitate,

452 3205 509 3259 in
551 3224 662 3277 qua
705 3224 838 3261 cum
879 3224 980 3261 sua
1022 3206 1176 3261 curia
1218 3205 1519 3261 residebat.
1572 3236 1642 3247 —
1695 3208 1730 3275 ἓ
1774 3226 1820 3261 2.
1880 3208 2032 3277 Quid
2061 3208 2211 3276 iuriS,
2239 3209 2475 3279 quando
2507 3207 2750 3264 moritur
2777 3208 3075 3262 Romanus

455 3285 720 3341 Pontifex
761 3299 917 3341 extra
946 3286 1251 3356 civitatem,
1278 3286 1333 3341 in
1362 3305 1474 3358 qua
1504 3300 1625 3342 erat
1652 3287 1823 3342 curia.
1856 3319 1921 3327 —
1949 3290 1984 3357 ἓ
2013 3308 2059 3361 3.
2101 3290 2213 3343 Dat
2255 3301 2620 3343 exsecutores
2647 3288 2778 3343 huic
2807 3286 2912 3342 iuri
2939 3306 3073 3343 cum

455 3367 673 3438 poenis.
714 3368 912 3422 loann.
941 3368 1117 3421 Andr.
1162 3399 1227 3405 —
1266 3368 1301 3435 ἓ
1326 3385 1377 3436 4.
1418 3368 1761 3423 Obtestatur
1801 3368 2136 3437 cardinales,
2165 3381 2225 3423 ut
2251 3367 2309 3422 in
2337 3367 2618 3423 electione
2648 3367 2887 3423 Romani
2914 3368 3074 3422 Pon-

456 3446 618 3503 tificis
645 3448 942 3519 deponant
969 3464 1205 3502 omnem
1232 3446 1517 3518 privatum
1544 3447 1836 3517 affectum,
1864 3461 1920 3503 et
1946 3461 2133 3504 cassat
2161 3448 2355 3503 omnia
2384 3461 2570 3520 pacta,
2597 3447 3001 3518 obligationes,
3023 3460 3080 3502 et

455 3526 794 3595 iuramenta,
832 3545 981 3599 quae
1023 3528 1154 3581 data
1195 3526 1283 3581 vel
1323 3526 1474 3582 facta
1519 3541 1709 3582 essent
1739 3529 1809 3583 de
1835 3527 2030 3599 aliquo
2061 3528 2346 3599 eligendo.
2386 3557 2453 3566 —
2490 3529 2523 3597 ὃ
2550 3545 2600 3598 5.
2639 3529 2843 3581 Monet
2870 3543 3076 3581 omnes

456 3605 669 3669 fideles,
700 3621 761 3663 ut
787 3607 996 3673 statim,
1022 3606 1216 3661 audita
1244 3606 1457 3661 summi
1474 3607 1772 3663 Pontificis
1804 3622 2008 3679 morte,
2032 3609 2151 3664 eius
2178 3609 2464 3663 celebrent
2493 3608 2815 3680 exsequiaS,
2843 3618 2898 3662 et
2926 3625 3078 3678 quo-

457 3686 591 3741 tidie
619 3700 785 3743 orent
813 3704 916 3758 pro
939 3685 1108 3759 vigili,
1129 3687 1404 3742 concordi
1427 3700 1485 3742 et
1505 3687 1624 3742 utili
1644 3689 1966 3760 provisione
1987 3691 2282 3745 Romanae
2305 3688 2603 3757 ecclesiae3
2629 3688 2864 3759 praelati
2885 3702 3078 3744 autem

457 3768 513 3822 in
554 3768 670 3823 suis
711 3767 1229 3839 praedicationibus
1270 3767 1430 3839 ipsos
1458 3769 1723 3825 subditos
1752 3770 1826 3824 ad
1852 3770 1964 3826 hoc
1993 3771 2314 3836 hortentur,
2342 3783 2398 3825 et
2424 3769 2502 3824 eis
2530 3768 2918 3841 frequentiam
2947 3786 3076 3824 ora·

826 3847 1053 3903 tionum
1080 3859 1136 3902 et
1165 3848 1589 3903 observantiam
1618 3847 1966 3904 ieiuniorum
1993 3849 2264 3904 indicant.
2313 3849 2512 3903 loann.
2539 3848 2719 3902 Andr.

672 3977 795 4040 Ubi
844 3978 1190 4059 periculum
1237 3980 1438 4042 maius
1469 3979 1826 4057 intenditur,
1863 3979 1946 4041 ibi
1980 3980 2195 4060 procul
2230 3978 2425 4040 dubio
2458 3995 2547 4040 est
2577 3978 2820 4059 plenius
2850 3998 3081 4039 consu-

458 4085 735 4146 lendum.
801 4084 1009 4159 Quam
1054 4086 1346 4164 gravibus
1394 4103 1599 4148 autem
1649 4087 1725 4148 sit
1772 4103 1997 4149 onusta
2043 4085 2399 4168 dispendiiS,
2445 4102 2602 4165 quot
2635 4103 2692 4147 et
2727 4086 2974 4167 quantis
3007 4087 3086 4146 sit

459 4192 638 4273 plena
686 4192 969 4272 periculis
1015 4193 1300 4254 ecclesiae
1335 4195 1654 4255 Romanae
1704 4194 1938 4275 prolixa
1972 4194 2229 4270 vocatio,
2262 4193 2452 4254 exacti
2486 4193 2893 4254 consideratio
2925 4209 3080 4253 tem-

461 4299 626 4379 poris
659 4300 893 4376 edocet,
926 4314 984 4359 et
1018 4300 1396 4361 considerata
1432 4302 1767 4382 prudenter
1798 4299 1962 4361 illius
1982 4301 2279 4381 temporis
2300 4300 2652 4362 discrimina
2674 4302 3084 4363 manifestant.

460 4405 625 4467 Hinc
658 4425 776 4466 nos
808 4406 1061 4467 evidens
1095 4423 1308 4467 evocat
1339 4408 1511 4483 rati0,
1543 4425 1630 4488 ut,
1667 4409 1821 4469 dum
1855 4408 2260 4470 reformandis
2295 4407 2476 4469 etiam
2498 4408 2847 4471 minoribus
2872 4424 3080 4470 nostra

462 4513 740 4573 sollerter
788 4529 957 4573 vacat
988 4512 1269 4589 intenti0,
1303 4533 1389 4591 ea,
1423 4533 1581 4594 quae
1617 4515 2057 4595 periculosiora
2089 4532 2251 4591 sunt,
2286 4535 2684 4596 nequaquam
2719 4518 2953 4596 absque
2986 4536 3082 4576 re-

460 4617 672 4678 medio
708 4618 1159 4680 reformationis
1192 4621 1527 4682 accomode
1562 4622 2007 4702 relinquamus.
2073 4621 2344 4703 Ideoque
2380 4623 2613 4701 omnia,
2650 4642 2809 4702 quae
2846 4641 2958 4703 pro
2992 4622 3082 4681 vi-

462 4726 641 4786 tanda
691 4726 998 4788 discordia
1032 4726 1094 4787 in
1126 4727 1420 4788 electione
1454 4730 1726 4790 Romani
1761 4729 2070 4793 Pontificis
2101 4751 2135 4791 a
2169 4731 2391 4791 nostris
2423 4747 2569 4792 sunt
2601 4728 3083 4811 praedecessori-

465 4834 598 4909 bus,
632 4850 689 4895 et
723 4834 1049 4915 praecipue
1082 4856 1115 4894 a
1152 4834 1339 4896 felicis
1372 4835 1810 4899 recordationis
1845 4838 2198 4900 Alexandro
2235 4839 2394 4920 Papa
2429 4837 2518 4898 111.
2551 4836 2875 4898 salubriter
2907 4835 3084 4897 insti-

463 4954 609 5018 tuta,
657 4942 925 5003 omnino
972 4941 1230 5004 immota
1265 4943 1329 5005 in
1363 4964 1473 5005 sua
1506 4943 1786 5005 firmitate
1820 4963 2071 5007 manere
2105 4960 2442 5023 censentes,
2479 4944 2651 5020 (nihil
2684 4943 2853 5004 enim
2886 4944 3086 5005 detra-

625 5059 921 5105 Galante:
952 5060 1121 5105 Fontes
1148 5061 1231 5115 jur.
1260 5074 1357 5106 can.
2734 5062 2801 5116 27
