3684 5416
548 1577 596 1609 10

649 374 681 426 6
687 390 753 443 50
1520 376 1767 433 Ordines
1806 391 1863 433 et
1901 378 2402 449 congregationes·

864 569 892 629 5
938 581 1029 621 11.
1079 561 1154 621 Et
1199 563 1453 641 quando
1499 581 1628 624 non
1676 564 1926 624 daretur
1959 564 2138 625 nobis
2172 564 2448 646 precium
2481 566 2725 641 laboris,
2760 554 3145 628 recurramus
3179 568 3258 627 ad

651 684 926 726 mensam
961 667 1235 746 Domini,
1268 670 1538 749 petendo
1571 670 2000 751 eleemosynas
2034 671 2318 732 ostiatim.

863 792 892 852 5
939 803 1027 843 12.
1076 782 1523 847 Salutationem
1576 786 1724 846 mihi
1761 785 2073 847 Dominus
2120 786 2419 863 revelavit,
2471 803 2539 847 ut
2572 787 2915 849 diceremus
2951 789 3268 851 Dominus

650 889 748 949 det
782 889 888 950 tibi
921 910 1153 971 pacem.

864 1017 892 1077 5
940 1029 1030 1088 ¹3·
1085 1010 1357 1071 Caveant
1401 1009 1514 1070 sibi
1564 1010 1790 1085 fratres,
1844 1026 1908 1071 ut
1956 1010 2237 1071 ecclesias
2282 1027 2340 1071 et
2382 1011 2740 1085 habitacula,
2772 1031 2931 1093 quae
2965 1031 3077 1092 pro
3111 1013 3264 1093 ipsis

651 1130 1112 1193 construuntur,
1148 1117 1397 1196 penitus
1431 1136 1561 1178 non
1596 1117 1905 1198 recipiant,
1942 1117 2058 1178 nisi
2091 1133 2291 1178 essent
2322 1117 2477 1177 sicut
2509 1119 2683 1179 decet
2703 1135 2977 1179 sanctam
2999 1139 3266 1201 pauper-

650 1238 854 1293 tatem,
901 1241 1089 1302 quam
1138 1223 1202 1282 in
1251 1222 1459 1302 regula
1507 1210 1907 1305 promisimus
1953 1226 2296 1299 observare,
2344 1243 2586 1305 semper
2618 1225 2698 1285 ibi
2735 1224 3076 1285 habitantes
3108 1225 3269 1286 sicut

650 1329 953 1410 peregrini
989 1344 1046 1389 et
1082 1330 1370 1390 advenae.

867 1454 895 1514 5
942 1465 1030 1523 ¹4·
1088 1444 1409 1525 Praecipio
1461 1443 1715 1505 firmiter
1761 1465 1869 1525 per
1915 1445 2332 1506 obedientiam
2379 1444 2664 1506 fratribus
2713 1446 3033 1521 universis,
3082 1448 3260 1526 quod

653 1551 1031 1631 ubicumque
1065 1566 1226 1624 sunt,
1260 1570 1392 1611 non
1426 1552 1694 1612 audeant
1727 1568 1928 1632 petere
1961 1553 2229 1633 aliquam
2264 1552 2497 1613 literam
2531 1553 2593 1612 in
2616 1553 2806 1614 Curia
2830 1554 3132 1629 Romana,
3158 1573 3273 1634 per

651 1678 733 1727 se,
787 1658 880 1718 vel
931 1677 1039 1738 per
1083 1657 1503 1739 interpositam
1552 1679 1898 1740 personam,
1946 1679 2150 1740 neque
2199 1679 2311 1740 pro
2349 1659 2631 1736 Ecclesia,
2668 1680 2872 1740 neque
2905 1680 3020 1741 pro
3052 1659 3273 1740 aliquo

651 1765 807 1842 loco,
857 1784 1059 1845 neque
1092 1768 1205 1826 sub
1241 1785 1413 1847 spem
1449 1766 1937 1847 praedicationiS,
1988 1785 2190 1846 neque
2225 1785 2338 1846 pro
2372 1766 2798 1846 persecutione
2832 1785 3093 1827 suorum
3127 1786 3270 1827 cor-

652 1891 912 1954 porum;
962 1873 1067 1933 sed
1102 1872 1483 1953 ubicumque
1520 1892 1650 1934 non
1685 1872 1909 1933 fuerint
1942 1872 2185 1954 recepti,
2236 1872 2469 1952 fugiant
2500 1873 2565 1933 in
2601 1873 2781 1934 aliam
2813 1890 3034 1933 terram
3069 1872 3148 1932 ad
3183 1873 3274 1932 sa-

590 2040 593 2043 .
652 1979 935 2039 ciendam
969 1978 1412 2060 poenitentiam
1445 1998 1589 2040 cum
1622 1979 2055 2040 benedictione
2091 1980 2227 2041 Dei.

547 2146 592 2190 ¹5

547 2691 600 2724 20

547 3241 598 3284 ²5

548 3773 601 3817 30

547 4315 597 4358 35

864 2104 893 2164 5
941 2116 1032 2174 ¹5·
1086 2096 1156 2156 Et
1207 2095 1460 2157 firmiter
1507 2096 1651 2157 volo
1699 2096 1950 2157 obedire
1998 2097 2281 2157 ministro
2327 2096 2590 2175 generali
2639 2096 2827 2157 huius
2860 2096 3273 2173 fraternitatis,

652 2218 709 2261 et
759 2200 842 2261 illi
892 2201 1234 2278 guardiano
1282 2221 1472 2281 quem
1518 2202 1632 2262 sibi
1681 2202 1975 2282 placuerit
2021 2203 2173 2264 mihi
2207 2204 2368 2281 dare,
2406 2219 2463 2264 et
2495 2204 2574 2263 ita
2607 2204 2752 2263 volo
2786 2223 2917 2263 esse
2951 2218 3167 2283 captus
3201 2203 3271 2263 in

653 2308 941 2368 manibus
993 2308 1145 2385 eius,
1197 2323 1262 2369 ut
1308 2327 1440 2370 non
1474 2311 1710 2389 possim
1740 2309 1827 2369 ire
1861 2310 1955 2370 vel
1990 2310 2183 2371 facere
2217 2326 2426 2371 contra
2461 2310 2841 2371 voluntatem
2874 2329 3070 2383 suam,
3109 2310 3266 2389 quia

654 2415 949 2475 dominus
983 2434 1159 2476 meus
1195 2430 1301 2475 est.

869 2550 898 2609 5
944 2543 1034 2602 16.
1086 2541 1157 2602 Et
1190 2541 1471 2621 quamvis
1504 2541 1621 2603 sim
1654 2541 1910 2624 simplex
1943 2557 2001 2603 et
2032 2541 2332 2617 infirmus»,
2364 2559 2571 2603 tamen
2606 2542 2750 2603 volo
2770 2561 3014 2621 semper
3036 2542 3270 2602 habere

653 2648 963 2722 clericum,
995 2649 1101 2728 qui
1136 2647 1287 2708 mihi
1322 2648 1494 2710 faciat
1526 2648 1801 2712 officium
1838 2650 1994 2711 sicut
2026 2650 2090 2711 in
2124 2650 2334 2732 regula
2369 2650 2733 2711 continetur.
2796 2650 2868 2711 Et
2913 2669 3134 2711 omnes
3167 2648 3277 2708 alii

655 2757 864 2817 fratres
910 2772 1233 2817 teneantur
1284 2777 1391 2836 per
1444 2758 1859 2818 obedientiam
1904 2758 2154 2818 obedire
2202 2757 2554 2837 guardianis
2600 2759 2746 2832 suis,
2792 2774 2850 2818 et
2900 2757 3091 2818 facere
3125 2755 3275 2817 offi-

653 2862 817 2922 cium
853 2864 1198 2924 secundum
1232 2864 1527 2942 regulam.

865 2996 894 3056 5
940 3008 1033 3053 ι7.
1082 2989 1154 3047 Et
1201 2988 1308 3067 qui
1356 2987 1585 3048 inventi
1632 3002 1856 3061 essent,
1906 2988 2080 3067 quod
2130 3007 2259 3048 non
2309 2986 2573 3048 facerent
2604 2986 2882 3047 officium
2914 2988 3272 3048 secundum

654 3095 949 3175 regulam,
1001 3110 1059 3154 et
1092 3094 1313 3154 vellent
1347 3095 1466 3155 alio
1501 3096 1694 3155 modo
1728 3094 1973 3172 variare,
2025 3109 2130 3155 aut
2163 3112 2289 3154 non
2323 3109 2527 3154 essent
2559 3094 2859 3172 catholici,
2892 3114 3111 3155 omnes
3146 3095 3273 3155 fra-

655 3215 775 3261 tres
812 3201 1191 3281 ubicumque
1224 3217 1369 3261 sunt
1401 3216 1726 3262 teneantur
1760 3221 1866 3281 per
1901 3201 2336 3276 obedientiam,
2385 3202 2558 3281 quod
2595 3202 2975 3281 ubicumque
3009 3202 3273 3262 invene-

657 3309 776 3369 rint
822 3308 1096 3388 aliquem
1142 3308 1445 3389 ipsorum,
1495 3308 1853 3389 proximiori
1885 3307 2124 3369 custodi
2160 3308 2323 3368 illius
2356 3308 2495 3384 loci,
2533 3308 2637 3369 ubi
2671 3308 2878 3388 ipsum
2911 3307 3279 3385 invenerint,

655 3416 915 3476 debeant
965 3433 1365 3496 praesentare,
1413 3431 1470 3475 et
1520 3431 1725 3475 custos
1772 3431 2050 3475 teneatur
2097 3433 2202 3494 per
2249 3415 2662 3476 obedientiam
2711 3416 2920 3495 ipsum
2952 3416 3270 3475 custodire

656 3522 906 3598 fortiter,
942 3523 1096 3583 sicut
1131 3524 1455 3584 hominem
1488 3522 1550 3582 in
1587 3522 1866 3596 vinculis,
1900 3522 1999 3582 die
2038 3536 2370 3601 noctuque,
2406 3522 2485 3582 ita
2519 3524 2692 3601 quod
2730 3541 2858 3582 non
2893 3523 3083 3603 possit
3116 3521 3276 3601 eripi

650 3629 725 3690 de
760 3631 1048 3690 manibus
1079 3629 1225 3706 suiS,
1260 3631 1461 3690 donec
1495 3644 1901 3710 repraesentet
1934 3647 2078 3688 eum
2115 3629 2177 3688 in
2213 3628 2498 3689 manibus
2532 3628 2626 3689 sui
2665 3627 2938 3689 ministri.
2985 3628 3273 3688 Minister

654 3756 798 3796 vero
831 3752 1108 3797 teneatur
1145 3756 1249 3817 per
1282 3736 1696 3797 obedientiam
1731 3736 1968 3796 mittere
2002 3754 2167 3812 eum,
2205 3754 2312 3814 per
2343 3734 2492 3795 tales
2532 3735 2761 3811 fratres,
2798 3734 2904 3814 qui
2926 3733 3023 3794 die
3047 3751 3278 3794 noctu-

654 3863 778 3922 que
830 3844 1181 3903 custodiant
1231 3861 1377 3902 eum
1429 3843 1587 3902 sicut
1636 3840 1955 3902 hominem
2006 3842 2070 3901 in
2119 3839 2399 3910 vinculis,
2450 3840 2649 3900 donec
2683 3856 3091 3920 repraesentet
3125 3860 3279 3900 eum

656 3968 864 4009 coram
920 3951 1182 4010 domino
1233 3948 1587 4026 Hostiense,
1638 3949 1744 4028 qui
1792 3965 1880 4008 est
1933 3948 2229 4009 dominus
2280 3962 2608 4028 protector,
2660 3963 2717 4008 et
2764 3965 3069 4009 corrector
3099 3947 3282 4008 istius

658 4054 1055 4118 fraternitatis

871 4191 898 4250 S
945 4185 1036 4244 18.
1087 4183 1163 4243 Et
1198 4201 1325 4242 non
1359 4181 1566 4242 dicant
1599 4181 1825 4256 fratres,
1861 4184 2011 4244 haec
2042 4198 2130 4243 est
2164 4182 2278 4242 alia
2313 4182 2544 4260 regula,
2580 4182 2725 4261 quia
2759 4182 2907 4242 haec
2941 4198 3027 4242 est
3060 4199 3270 4240 recor-

656 4288 839 4366 datio,
895 4290 1237 4351 admonitio
1289 4305 1347 4349 et
1399 4290 1759 4363 exhortatiO,
1814 4306 1874 4351 et
1925 4311 2136 4351 meum
2188 4305 2646 4368 testamentum,
2700 4290 2876 4370 quod
2927 4310 3044 4368 ego
3094 4288 3278 4349 frater

659 4396 1013 4456 Franciscus
1067 4398 1373 4479 parvulus,
1430 4415 1627 4459 vester
1678 4398 1832 4461 facio
1881 4401 2055 4461 vobis
2104 4400 2385 4460 fratribus
2435 4399 2586 4459 meis
2633 4398 2985 4470 benedictis,
3019 4413 3275 4479 propter

656 4505 848 4584 quod,
886 4506 1164 4585 regulam
1197 4525 1387 4586 quam
1420 4506 1699 4568 Domino
1736 4509 2159 4589 promisimuS,
2197 4508 2490 4568 catholice
2522 4510 2942 4568 observemus.

871 4640 899 4700 5
958 4651 1048 4707 ¹9·
1110 4632 1185 4692 Et
1230 4633 1534 4711 generalis
1586 4634 1882 4710 minister,
1918 4636 1975 4694 et
2008 4653 2229 4694 omnes
2261 4634 2362 4693 alii
2396 4632 2652 4694 ministri
2687 4647 2745 4693 et
2779 4633 3066 4694 custodes
3097 4647 3270 4692 tene·

654 4755 836 4799 antur
890 4758 997 4819 per
1048 4739 1462 4799 obedientiam
1515 4740 1577 4800 in
1626 4739 1751 4800 istis
1799 4741 2000 4800 verbis
2049 4758 2178 4801 non
2227 4741 2470 4816 addere,
2519 4739 2610 4800 vel
2647 4740 2960 4806 minuere:
3012 4739 3117 4798 sed
3154 4738 3278 4799 hoc

652 4845 944 4926 scriptum
993 4866 1236 4928 semper
1282 4847 1548 4907 habeant
1593 4848 1757 4908 iuxta
1805 4848 2101 4926 regulam,
2150 4864 2206 4908 et
2239 4849 2304 4908 in
2340 4847 2635 4907 omnibus
2669 4845 2948 4927 capitulis
2986 4865 3146 4926 quae
3183 4845 3271 4905 fa-

653 4953 841 5030 ciunt,
892 4955 1147 5032 quando
1192 4955 1404 5030 legunt
1450 4954 1748 5035 regulam,
1795 4956 1998 5034 legant
2046 4970 2103 5014 et
2148 4955 2259 5015 ista
2291 4956 2490 5015 verba.
2555 4953 2631 5014 Et
2664 4953 2956 5014 omnibus
2994 4951 3275 5012 fratribus
