3684 5416
283 1508 339 1540 to

283 2041 336 2086 ¹5

282 3112 342 3155 ²5

284 4188 347 4235 35

1032 324 1296 378 Potestas
1335 323 1713 379 ecclesiastica
1755 336 1811 379 et
1847 323 2155 396 imperium
2194 325 2370 381 civile.
2906 344 3000 398 ¹43

609 511 712 571 81.
763 508 1172 570 Omnibus.
1235 507 1572 569 Statuimus
1617 528 1876 589 quoque
1920 510 2264 572 secundum
2312 512 2484 592 quod
2519 531 2575 572 et
2606 512 2671 572 in
2704 513 2837 592 lege
2874 512 3001 574 Do-

391 618 603 678 minus
655 616 967 697 praecipit,
1020 632 1088 676 ut
1134 635 1319 696 opera
1365 615 1605 677 servilia
1652 617 1871 677 diebus
1916 618 2246 678 dominicis
2279 637 2409 679 non
2444 634 2723 698 agantur,
2756 619 2913 681 sicut
2947 636 3004 680 et

391 727 591 785 bonae
639 723 974 785 memoriae
1020 724 1265 803 genitor
1308 742 1487 785 meus
1517 723 1584 784 in
1616 723 1745 784 suis
1779 724 2184 805 synodalibus
2218 725 2426 786 edictis
2460 725 2787 803 mandavit,
2822 726 3005 810 idest

393 831 566 912 quod
612 850 726 893 nec
771 830 880 892 viri
929 830 1151 892 ruralia
1197 849 1382 910 opera
1428 847 1749 892 exerceant
1782 850 1898 892 nec
1928 830 1994 892 in
2026 831 2203 892 vinea
2237 832 2496 893 colenda
2530 851 2643 893 nec
2675 832 2739 895 in
2772 834 3005 913 campis

393 938 645 1015 arand0,
677 938 972 999 metendo
1005 938 1099 998 vel
1133 938 1388 999 foenum
1421 937 1688 999 secando
1722 938 1816 999 vel
1847 958 2059 1019 sepem
2093 939 2389 1019 ponendo
2422 959 2534 1000 nec
2565 939 2631 1000 in
2664 940 2831 1001 silvis
2867 940 3006 1001 stir-

394 1065 539 1126 pare
571 1044 666 1106 vel
698 1046 947 1107 arbores
978 1048 1231 1108 caedere
1262 1047 1356 1108 vel
1391 1048 1455 1108 in
1490 1047 1675 1127 petris
1706 1046 1984 1109 laborare
2016 1067 2128 1109 nec
2162 1047 2388 1109 domos
2422 1065 2775 1111 construere
2809 1049 3007 1110 necin

392 1168 534 1215 orto
563 1151 870 1222 laborare:
935 1173 1048 1215 ηερ
1080 1155 1158 1215 ad
1191 1154 1406 1234 placita
1440 1155 1810 1216 conveniant
1845 1174 1957 1216 ηερ
1989 1155 2348 1216 venationes
2380 1172 2715 1217 exerceant.
2780 1155 2854 1216 Et
2887 1155 2996 1215 tria

394 1259 653 1320 carraria
698 1278 885 1339 opera
930 1261 1071 1321 licet
1117 1260 1247 1322 fieri
1293 1262 1356 1323 in
1404 1262 1502 1323 die
1552 1261 1890 1338 dominico,
1937 1262 1999 1322 id
2046 1278 2136 1324 est
2167 1262 2363 1322 ostilia
2398 1281 2563 1324 carra
2596 1260 2693 1322 vel
2723 1261 3007 1323 victualia

393 1366 492 1426 vel
524 1365 575 1426 si
608 1364 760 1427 forte
795 1386 1044 1427 necesse
1077 1367 1189 1427 erit
1222 1386 1450 1448 corpus
1483 1367 1810 1429 cuiuslibet
1844 1368 2070 1430 ducere
2102 1368 2178 1429 ad
2210 1369 2586 1449 sepulcrum.
2648 1369 2794 1429 Item
2830 1367 3008 1430 femi-

394 1493 516 1534 nae
568 1492 751 1553 opera
797 1473 1021 1534 textilia
1069 1493 1199 1535 non
1245 1473 1475 1535 faciant
1505 1495 1617 1537 nec
1651 1475 1940 1555 capulent
1972 1475 2223 1537 vestitos
2253 1495 2368 1538 nec
2400 1492 2704 1538 consuent
2734 1476 2830 1536 vel
2863 1495 3008 1536 acu-

396 1580 601 1661 pictile
651 1579 901 1656 faciant3
965 1599 1079 1641 nec
1126 1581 1329 1643 lanam
1375 1601 1621 1661 carpere
1657 1601 1768 1643 ηερ
1800 1582 2001 1643 linum
2038 1585 2262 1643 battere
2295 1603 2412 1645 nec
2443 1583 2508 1644 in
2543 1582 2794 1663 publico
2828 1582 3009 1643 vesti-

395 1701 606 1747 menta
639 1686 837 1748 lavare
871 1706 986 1748 nec
1019 1687 1293 1749 berbices
1325 1689 1584 1750 tundere
1617 1690 1881 1751 habeant
1910 1689 2167 1768 licitum,
2203 1706 2271 1751 ut
2302 1689 2685 1752 omnimodis
2716 1690 2922 1750 honor
2953 1703 3012 1749 et

395 1793 644 1873 requies
675 1793 793 1854 diei
828 1794 1173 1857 dominicae
1205 1812 1494 1860 servetur.
1556 1795 1677 1857 Sed
1712 1796 1787 1856 ad
1820 1796 2149 1858 missarum
2183 1795 2545 1877 sollempnia
2580 1794 2655 1856 ad
2688 1794 3010 1857 aeclesiam

395 1899 682 1979 undique
730 1902 1102 1963 conveniant
1148 1919 1207 1963 et
1237 1903 1489 1965 laudent
1524 1903 1729 1964 Deum
1762 1902 1827 1963 in
1862 1902 2157 1964 omnibus
2190 1903 2373 1964 bonis
2404 1923 2567 1984 quae
2601 1902 2783 1964 nobis
2815 1901 2878 1962 in
2909 1900 3011 1962 illa

399 2006 500 2067 die
532 2005 691 2071 fecit.

617 2114 719 2175 82.
770 2114 1180 2176 Omnibus,
1243 2116 1363 2177 Sed
1412 2133 1471 2178 et
1502 2131 1774 2177 vestrum
1807 2116 2148 2176 videndum
2183 2133 2291 2194 est,
2325 2114 2700 2177 dilectissimi
2734 2129 2794 2175 et
2824 2133 3012 2174 vene-

399 2219 621 2281 rabiles
655 2236 929 2301 pastores
960 2238 1018 2282 et
1049 2237 1313 2284 rectores
1345 2223 1741 2285 ecclesiarum
1764 2223 1898 2300 Dei,
1933 2240 1998 2284 ut
2030 2224 2413 2305 presbyteros
2446 2240 2609 2302 quos
2643 2220 2879 2280 mittitis
2901 2239 3008 2300 per

401 2327 753 2407 parrochias
783 2343 1010 2388 vestras
1042 2330 1115 2389 ad
1151 2330 1494 2410 regendum
1527 2346 1586 2392 et
1617 2330 1692 2391 ad
1728 2330 2213 2410 praedicandum
2248 2349 2357 2409 per
2388 2327 2671 2389 ecclesias
2702 2326 3011 2407 populum

403 2435 540 2495 Deo
572 2435 955 2512 servientem,
991 2450 1058 2496 ut
1089 2452 1248 2497 recte
1281 2453 1340 2497 et
1372 2437 1625 2498 honeste
1660 2438 2040 2517 praedicent:
2074 2452 2133 2498 et
2165 2455 2296 2498 non
2329 2434 2535 2497 sinatis
2568 2453 2729 2495 nova
2761 2432 2857 2493 vel
2877 2451 3008 2493 non

403 2541 701 2602 canonica
735 2541 976 2621 aliquos
1007 2562 1081 2602 ex
1112 2561 1230 2604 suo
1261 2561 1444 2603 sensu
1476 2559 1537 2603 et
1569 2562 1698 2605 non
1729 2543 2079 2605 secundum
2111 2543 2441 2623 scripturas
2472 2559 2670 2601 sacras
2705 2539 2934 2619 fingere
2955 2553 3014 2598 et

405 2648 753 2730 praedicare
803 2648 1059 2731 populo.
1139 2649 1261 2712 Sed
1305 2665 1363 2711 et
1409 2650 1763 2732 vosmetipsi
1809 2650 1998 2728 utilia,
2045 2651 2302 2712 honesta
2348 2664 2408 2712 et
2451 2663 2611 2711 recta
2658 2661 2717 2710 et
2748 2665 2905 2727 quae
2937 2644 3015 2704 ad

405 2758 595 2818 vitam
641 2757 876 2819 ducunt
920 2775 1231 2821 aeternam
1276 2760 1616 2840 praedicate
1663 2760 1943 2841 aliosque
1978 2759 2278 2834 instruite,
2309 2774 2377 2819 ut
2410 2759 2560 2818 haec
2591 2757 2806 2818 eadem
2840 2773 3015 2835 prae-

405 2864 628 2927 dicent.

622 2971 829 3034 Primo
880 2974 1167 3035 omnium
1218 2973 1703 3055 praedicandum
1754 2990 1842 3034 est
1893 2973 2187 3035 omnibus
2231 2972 2609 3051 generaliter,
2655 2986 2723 3031 ut
2767 2969 3017 3030 credant

408 3080 650 3140 Patrem
698 3094 756 3140 et
788 3080 1012 3141 Filium
1059 3096 1117 3141 et
1149 3080 1446 3162 Spiritum
1492 3097 1778 3142 sanctum
1825 3099 2025 3143 unum
2076 3100 2205 3142 esse
2245 3081 2453 3141 Deum
2498 3078 3015 3158 omnipotentem,

405 3203 741 3263 aeternum,
772 3185 1163 3262 invisibilem,
1196 3186 1303 3266 qui
1338 3186 1564 3247 creavit
1594 3186 1832 3248 caelum
1870 3204 1930 3248 et
1961 3203 2202 3266 terram,
2238 3206 2405 3248 mare
2438 3201 2497 3247 et
2528 3184 2740 3247 omnia
2772 3201 2931 3263 quae
2953 3181 3018 3241 in

406 3295 495 3355 eis
538 3309 702 3370 sunt,
748 3310 806 3355 et
852 3313 1044 3355 unam
1090 3313 1220 3354 esse
1266 3293 1572 3371 deitatem,
1623 3293 2022 3355 substantiam
2055 3311 2113 3355 et
2147 3294 2526 3355 maiestatem
2559 3293 2622 3352 in
2653 3289 2848 3351 tribus
2881 3306 3016 3368 per-

406 3402 581 3463 sonis
613 3400 804 3463 Patris
836 3417 895 3463 et
927 3401 1062 3462 Filii
1097 3416 1156 3461 et
1187 3401 1449 3481 Spiritus
1481 3401 1691 3462 sancti.

624 3509 773 3571 Item
806 3508 1286 3589 praedicandum
1323 3525 1431 3588 est,
1467 3510 1793 3590 quomodo
1827 3510 1943 3572 Dei
1977 3509 2140 3570 filius
2171 3508 2521 3569 incarnatus
2556 3521 2646 3567 est
2679 3506 2754 3566 de
2788 3504 3020 3585 Spiritu

407 3633 623 3679 sancto
656 3632 714 3677 et
744 3636 817 3677 ex
851 3617 1042 3678 Maria
1074 3637 1318 3698 semper
1347 3619 1583 3699 virgine
1617 3638 1730 3698 pro
1762 3618 1958 3679 salute
1991 3633 2049 3677 et
2081 3616 2459 3697 reparatione
2480 3611 2739 3676 humani
2760 3612 3021 3693 generiS,

413 3743 649 3804 passus,
699 3724 979 3804 sepultus
1029 3740 1088 3785 et
1136 3724 1304 3786 tertia
1358 3726 1457 3785 die
1503 3724 1828 3786 resurrexit
1872 3742 1931 3786 et
1975 3723 2248 3784 ascendit
2280 3723 2341 3784 in
2375 3721 2549 3797 celis;
2603 3737 2663 3783 et
2695 3719 3022 3800 quomodo

411 3828 635 3890 iterum
669 3844 964 3891 venturus
995 3831 1072 3892 sit
1103 3830 1165 3891 in
1198 3831 1505 3892 maiestate
1541 3830 1767 3908 divina,
1802 3831 2072 3892 iudicare
2106 3848 2324 3891 omnes
2357 3828 2645 3890 homines
2673 3825 3020 3887 secundum

412 3936 630 3996 merita
649 3937 927 4017 propria3
963 3952 1024 3999 et
1042 3938 1370 4018 quomodo
1391 3937 1566 4018 impii
1599 3954 1850 4018 propter
1878 3937 2103 3999 scelera
2136 3957 2247 3998 sua
2282 3956 2428 3997 cum
2450 3935 2703 3996 diabulo
2725 3933 2789 3994 in
2811 3932 3022 4013 ignem

412 4059 737 4106 aeternum
781 4045 1117 4123 mittentur,
1167 4060 1226 4107 et
1270 4045 1413 4107 iusti
1458 4065 1603 4108 cum
1636 4046 1885 4107 Christo
1931 4061 1988 4106 et
2034 4044 2257 4106 sanctis
2303 4043 2536 4123 angelis
2583 4043 2711 4104 suis
2744 4043 2805 4103 in
2838 4042 3023 4102 vitam

411 4166 742 4214 aeternam.

629 4259 776 4320 Item
828 4260 1153 4339 diligenter
1203 4260 1684 4340 praedicandum
1737 4276 1827 4321 est
1878 4260 1953 4321 de
2002 4260 2443 4321 resurrectione
2492 4272 2907 4335 mortuorum,
2958 4272 3027 4318 ut

414 4368 609 4429 sciant
639 4383 698 4428 et
729 4368 975 4429 credant
1006 4368 1070 4429 in
1102 4368 1322 4430 iisdem
1355 4369 1721 4449 corporibus
1756 4368 1988 4448 premia
2023 4367 2384 4429 meritorum
2419 4382 2800 4446 accepturos.

633 4475 783 4537 Item
828 4495 973 4537 cum
1020 4475 1195 4537 omni
1229 4475 1542 4554 diligentia
1577 4474 1813 4536 cunctis
1847 4474 2329 4555 praedicandum
2360 4489 2469 4550 est,
2506 4492 2618 4553 pro
2651 4472 2882 4552 quibus
2913 4472 3026 4532 cri-

417 4583 693 4645 mInibus
738 4583 1110 4664 deputentur
1143 4602 1286 4644 cum
1320 4582 1570 4644 diabulo
1602 4583 1664 4644 in
1697 4599 2016 4645 aeternum
2050 4582 2443 4661 supplicium.
2507 4580 2804 4658 Legimus
2836 4579 3025 4651 enim,

287 4724 356 4768 ⁴0
416 4691 702 4772 apostolo
734 4691 1006 4753 dicente:
1047 4689 1404 4752 «manifesta
1435 4707 1640 4752 autem
1676 4705 1823 4750 sunt
1856 4709 2043 4770 opera
2077 4689 2294 4765 carnis,
2328 4708 2488 4768 quae
2521 4701 2668 4748 sunt
2688 4686 3027 4761 fornicatio,

416 4799 807 4878 inmunditia,
851 4799 1107 4878 luxuria,
1155 4800 1468 4860 idolorum
1498 4798 1775 4876 servituS,
1821 4797 2135 4873 veneficia,
2169 4796 2540 4873 inimicitiae,
2576 4794 3027 4872 contentiones,

418 4908 881 4984 aemulationes,
927 4908 1359 4987 animositates,
1405 4908 1547 4983 irae,
1590 4907 1776 4985 rixae,
1826 4906 2256 4979 dissensiones,
2287 4906 2587 4984 haereses,
2621 4919 2835 4979 sectae,
2869 4903 3027 4963 invi-
