3684 5416
428 1538 486 1572 ¹0

430 2071 482 2116 ι5

422 3140 479 3185 ²5

423 4210 475 4257 35

1539 359 1811 417 Pontifex
1850 377 2147 417 romanus.
3057 382 3167 439 419

539 540 781 603 exierit:
843 543 979 625 ipso
1022 544 1280 608 minime
1327 546 1641 628 requisit0‚
1690 565 1805 608 nec
1854 547 1921 608 in
1954 547 2234 610 eiusdem
2268 548 2587 613 electionis
2619 550 2872 630 negotio
2907 551 3163 613 ulterius

538 650 941 728 admittendO,
975 673 1082 735 per
1114 653 1267 715 alios
1298 655 1375 715 ad
1409 654 1767 734 eligendum
1799 674 2125 716 summum
2147 654 2515 718 Pontificem
2547 657 2735 720 libere
2768 659 3159 740 procedatur.

538 757 604 819 Si
650 778 796 820 vero
843 757 1198 822 infirmitate
1240 761 1713 844 superveniente
1760 760 1928 824 idem
1962 762 2255 825 conclave
2287 783 2360 825 ex
2393 764 2480 826 eis
2510 764 2783 844 aliquem
2816 766 2975 828 exire
3007 785 3162 828 con-

536 864 747 947 tingat,
780 866 911 946 ipsa
944 850 1128 928 etiam
1161 866 1512 930 infirmitate
1546 868 1808 930 durante
1842 869 2082 949 poterit,
2113 868 2249 931 eius
2279 869 2573 951 suffragio
2597 891 2730 934 non
2750 873 3066 954 requisit0,
3086 874 3163 936 ad

539 971 907 1035 electionem
953 975 1227 1055 procedi.
1286 976 1409 1038 Sed
1455 975 1506 1036 si
1553 976 1630 1037 ad
1677 974 1830 1037 alios
1875 992 2016 1058 post
2046 976 2367 1039 sanitatem
2397 977 2512 1040 sibi
2543 978 2848 1041 redditam
2882 999 2993 1042 seu
3026 997 3163 1042 ante

539 1079 731 1142 redire
789 1081 1074 1161 voluerit,
1127 1082 1222 1144 vel
1269 1083 1456 1145 etiam
1505 1084 1556 1145 si
1605 1082 1705 1145 alii
1757 1086 2058 1162 absentes,
2104 1104 2267 1165 quos
2313 1104 2424 1166 per
2467 1086 2684 1148 decem
2730 1086 2862 1149 dies
2893 1087 3164 1151 diximus

539 1190 997 1270 exspectandos,
1046 1190 1514 1270 supervenerint
1559 1211 1624 1253 re
1669 1191 1925 1272 integra,
1959 1191 2237 1254 videlicet
2267 1209 2604 1273 antequam
2635 1193 2839 1256 eidem
2869 1195 3160 1258 ecclesiae

538 1293 615 1354 sit
645 1296 722 1356 de
754 1310 997 1376 pastore
1030 1295 1384 1377 provisum:
1431 1297 1496 1359 in
1542 1297 1766 1359 eodem
1812 1297 2070 1380 negotio
2118 1297 2183 1360 in
2217 1298 2323 1359 illo
2354 1313 2533 1377 statu,
2563 1299 2628 1362 in
2659 1318 2789 1381 quo
2823 1301 3030 1383 ipsum
3061 1302 3159 1364 in-

505 1403 832 1479 ,venerinn
882 1403 1305 1482 admittantur,
1356 1405 1686 1486 praemissa
1736 1420 1861 1466 tam
1910 1407 1987 1467 de
2038 1405 2338 1478 clausura,
2386 1425 2579 1488 quam
2627 1408 2706 1470 de
2753 1411 3158 1472 servientibus

536 1510 676 1572 cibo
708 1530 777 1571 ac
810 1526 961 1591 potu
997 1525 1055 1572 et
1086 1511 1342 1592 reliquis
1374 1531 1522 1573 cum
1553 1512 1689 1574 aliis
1720 1513 2039 1575 servaturi.
2120 1522 2150 1583 s
2189 1533 2245 1575 2.
2298 1515 2512 1594 Porro,
2546 1514 2596 1577 si
2629 1517 2886 1597 quando
2922 1520 3161 1581 Roma-

539 1636 692 1678 num
726 1617 1093 1679 Pontificem
1139 1634 1302 1681 extra
1346 1619 1650 1682 civitatem
1702 1620 2099 1702 praedictam,
2131 1620 2196 1681 in
2228 1639 2352 1702 qua
2384 1637 2511 1683 erat
2542 1642 2690 1685 cum
2720 1644 2834 1686 sua
2868 1625 3033 1688 curia
3065 1645 3161 1688 re-

536 1724 764 1802 sidens,
811 1725 1139 1805 contigerit
1185 1727 1260 1787 ab
1307 1727 1422 1788 hac
1470 1727 1608 1789 luce
1657 1728 1937 1807 migrare,
1980 1743 2306 1789 teneantur
2340 1729 2678 1792 cardinales
2710 1730 2775 1792 in
2806 1731 3060 1810 civitate,
3091 1733 3156 1795 in

537 1831 711 1894 cuius
743 1831 1046 1894 territorio
1078 1852 1187 1895 seu
1222 1833 1498 1896 districtu
1532 1834 1697 1896 idem
1730 1834 2015 1897 Pontifex
2047 1835 2214 1914 obiit,
2259 1836 2610 1916 convenire,
2643 1837 2762 1899 nisi
2792 1839 2869 1899 sit
2901 1839 3155 1902 forsitan

537 1937 875 2017 interdicta,
930 1940 1023 2001 vel
1074 1955 1285 2002 contra
1335 1941 1652 2003 ecclesiam
1700 1943 2053 2004 Romanam
2104 1942 2169 2002 in
2218 1957 2422 2024 aperta
2474 1943 2811 2006 rebellione
2860 1945 3158 2025 persistat.

537 2043 687 2120 Quo
733 2064 877 2107 casu
925 2046 987 2108 in
1032 2047 1146 2109 alia
1191 2047 1474 2110 viciniori
1521 2047 1912 2127 conveniant,
1948 2067 2109 2130 quae
2141 2049 2420 2112 similiter
2450 2069 2564 2112 nec
2595 2049 2919 2112 interdicto
2952 2052 3158 2114 subia-

539 2167 684 2230 ceat,
717 2171 832 2213 nec
866 2152 961 2232 sit,
997 2168 1065 2214 ut
1098 2155 1484 2234 praedicitur,
1517 2171 1723 2237 aperte
1755 2155 2016 2219 rebellis.
2053 2155 2122 2217 ln
2156 2156 2270 2218 hac
2301 2156 2484 2217 etiam
2517 2155 2753 2218 civitate
2784 2172 2913 2219 tam
2944 2159 3158 2238 quoad

539 2259 1060 2340 exspectationem
1093 2262 1464 2341 absentium,
1508 2280 1701 2341 quam
1733 2262 1945 2342 quoad
1976 2261 2421 2324 habitationem
2452 2281 2878 2341 communem,
2911 2265 3156 2327 clausu-

538 2386 667 2428 ram
713 2383 770 2428 et
816 2383 1012 2428 cetera
1060 2368 1273 2429 omnia
1307 2369 1371 2429 in
1406 2370 1601 2429 domo
1635 2368 1988 2450 episcopali,
2022 2370 2116 2431 vel
2149 2369 2264 2430 alia
2299 2369 2573 2450 qualibet
2603 2369 2839 2434 eisdem
2873 2371 3156 2434 cardina-

538 2474 700 2535 libus
730 2475 1102 2556 deputanda,
1138 2475 1352 2536 eadem
1388 2478 1811 2554 observentur,
1844 2496 2005 2557 quae
2036 2476 2337 2557 superius,
2370 2479 2639 2538 obeunte
2672 2477 2835 2539 dicto
2857 2478 3154 2540 Pontifice

537 2581 601 2642 in
635 2602 721 2658 ea,
753 2583 816 2643 in
852 2602 977 2662 qua
1010 2600 1158 2642 cum
1188 2602 1296 2644 sua
1331 2582 1501 2644 curia
1533 2583 1854 2659 residebat,
1886 2600 2034 2645 sunt
2065 2603 2366 2665 expressa.
2447 2592 2477 2653 S
2515 2604 2570 2664 3.
2619 2585 2958 2662 Praeterea,
3008 2585 3155 2665 quia

536 2708 755 2771 parum
803 2705 891 2752 est
935 2688 1069 2751 iura
1116 2689 1404 2769 condere,
1453 2689 1567 2753 nisi
1614 2690 1711 2768 sit,
1755 2691 1866 2772 qui
1900 2691 2117 2753 eadem
2149 2705 2412 2769 tueatur,
2443 2690 2792 2754 adiiciendo
2823 2692 3155 2771 sancimus,

538 2811 605 2858 ut
653 2796 891 2858 domini
940 2796 1166 2877 aliique
1213 2812 1480 2859 rectores
1514 2814 1572 2859 et
1604 2796 1896 2860 officiales
1930 2798 2185 2859 civitatis
2216 2800 2397 2875 illius,
2432 2799 2495 2859 in
2529 2816 2655 2879 qua
2686 2800 2956 2861 Romani
2991 2800 3159 2863 Pon·

535 2902 709 2964 tificis
756 2902 970 2964 electio
1016 2902 1197 2965 fuerit
1227 2903 1611 2983 celebranda,
1646 2906 2005 2967 auctoritate
2037 2921 2262 2982 nostra,
2295 2921 2355 2967 et
2389 2905 2671 2967 eiusdem
2701 2905 3151 2987 adprobatione

535 3009 773 3071 concilii
823 3025 1116 3091 potestate
1163 3010 1276 3071 sibi
1321 3011 1560 3089 tradita,
1602 3013 1933 3093 praemissa
1968 3014 2182 3075 omnia
2213 3027 2273 3075 et
2303 3012 2546 3094 singula
2579 3013 2761 3093 plene
2794 3033 2864 3074 ac
2894 3012 3160 3075 inviola-

535 3115 731 3177 biliter
760 3118 890 3178 sine
926 3117 1139 3178 fraude
1172 3137 1241 3178 ac
1274 3118 1423 3180 dolo
1445 3118 1659 3198 aliquo
1681 3119 1901 3183 faciant
1921 3120 2248 3199 observari,
2271 3140 2384 3182 nec
2406 3120 2744 3183 cardinales
2765 3120 2942 3200 ultra,
2965 3138 3156 3201 quam

533 3224 957 3305 praemittitur,
992 3239 1219 3285 arctare
1251 3240 1668 3305 praesumant.
1701 3226 1903 3308 Super
1924 3227 2021 3287 his
2040 3244 2249 3288 autem
2270 3227 2465 3289 taliter
2497 3226 2898 3288 observandis
2930 3226 3159 3305 statim,

532 3331 744 3392 audito
776 3331 1005 3392 summi
1027 3330 1343 3391 Pontificis
1374 3332 1568 3410 obitu,
1594 3350 1804 3393 coram
1825 3332 1989 3393 clero
2012 3348 2070 3393 et
2090 3332 2331 3414 populo
2351 3333 2643 3395 universo
2664 3333 2918 3396 civitatis
2938 3333 3153 3415 ipsiuS,

532 3439 609 3498 ad
642 3438 762 3499 hoc
793 3437 1135 3519 specialiter
1166 3437 1597 3512 convocandiS,
1630 3454 1937 3518 praestent
1970 3438 2370 3519 corporaliter
2399 3439 2838 3501 iuramentum.
2904 3439 3154 3515 Quodsi

533 3543 863 3625 praemissa
897 3544 1224 3623 diligenter
1257 3565 1387 3606 non
1421 3546 1898 3625 observaverint,
1933 3560 2037 3606 aut
2070 3545 2349 3607 fraudem
2382 3544 2446 3605 in
2479 3543 2564 3605 eis
2596 3543 2694 3604 vel
2715 3543 2871 3605 circa
2891 3563 2961 3604 ea
2980 3563 3157 3606 com·

532 3651 830 3730 miserint,
865 3651 1297 3732 cuiuscunque
1329 3652 1451 3713 sint
1482 3652 1985 3734 praeminentiae,
2026 3650 2397 3713 conditionis
2428 3665 2534 3711 aut
2565 3664 2777 3729 status,
2812 3650 2988 3712 omni
3022 3671 3154 3713 ces-

532 3775 705 3820 sante
739 3759 1058 3841 privilegio
1092 3779 1169 3821 eo
1202 3760 1336 3840 ipso
1369 3759 1736 3822 sententiam
1770 3758 2436 3822 excommunicationis
2469 3757 2807 3836 incurrant,
2842 3774 2900 3818 et
2934 3778 3154 3840 perpe-

531 3882 642 3927 tuo
688 3866 807 3927 sint
846 3866 1123 3945 infames,
1170 3887 1286 3929 nec
1320 3887 1603 3948 unquam
1635 3867 1723 3929 eis
1757 3882 1965 3948 portae
2000 3864 2310 3946 dignitatis
2344 3877 2607 3945 pateant,
2639 3882 2755 3925 nec
2787 3865 2863 3925 ad
2898 3864 3152 3944 aliquod

532 3972 854 4054 publicum
887 3973 1170 4036 officium
1201 3975 1619 4037 admittantur.
1682 3974 1853 4056 Ipsos
1907 3974 2162 4054 insuper
2195 3970 2394 4033 feudis
2427 3985 2487 4031 et
2520 3970 2700 4032 bonis
2733 3970 2964 4047 ceteris,
2997 3989 3158 4050 quae

531 4083 607 4141 ab
641 4081 859 4141 eadem
892 4082 1177 4142 Romana
1210 4081 1460 4143 ecclesia
1492 4082 1589 4142 vel
1622 4080 2000 4161 quibuslibet
2032 4080 2163 4141 aliis
2194 4077 2464 4140 ecclesiis
2497 4076 2794 4154 obtinent,
2827 4076 2965 4157 ipso
2990 4076 3153 4137 facto

531 4187 920 4250 decernimus
966 4208 1098 4249 esse
1133 4188 1421 4269 privatos,
1457 4189 1552 4267 ita,
1587 4188 1759 4268 quod
1793 4188 1870 4248 ad
1903 4187 2185 4249 ecclesias
2216 4186 2377 4267 ipsas
2411 4186 2591 4266 plene
2624 4204 2693 4244 ac
2723 4183 2914 4244 libere
2947 4202 3156 4244 rever·

531 4309 757 4371 tantur,
805 4295 1377 4358 administratorum
1417 4295 1755 4356 earundem
1789 4294 2190 4356 ecclesiarum
2222 4292 2469 4354 arbitrio
2501 4291 2636 4352 siue
2669 4290 3154 4352 contradictione

531 4402 738 4483 aliqua
786 4402 1192 4483 disponenda.
1268 4404 1497 4466 Civitas
1531 4423 1677 4464 vero
1710 4403 2018 4484 praedicta
2053 4421 2184 4463 non
2217 4401 2426 4463 solum
2459 4399 2533 4460 sit
2564 4399 2886 4460 interdicto
2919 4418 3156 4480 suppo-

530 4509 663 4588 sita,
699 4510 808 4572 sed
840 4526 899 4572 et
929 4510 1268 4591 pontificali
1303 4509 1591 4590 dignitate
1626 4510 1877 4591 privata.
1929 4518 1958 4578 s
1981 4529 2039 4589 4.
2073 4509 2366 4570 Ceterum
2400 4506 2565 4586 quia,
2601 4525 2800 4589 quum
2832 4505 3151 4567 arbitrium

529 4618 624 4678 vel
669 4618 1054 4679 inordinatus
1086 4618 1349 4699 captivat
1379 4616 1652 4695 affectus,
1701 4616 1795 4677 vel
1828 4616 1906 4677 ad
1938 4629 2176 4677 certum
2209 4614 2482 4694 aliquem
2514 4612 2904 4692 obligationis
2937 4612 3151 4673 cuius-

530 4746 654 4808 que
689 4725 1016 4788 necessitas
1047 4725 1251 4805 adigit,
1286 4740 1476 4786 cessat
1508 4723 1747 4800 electi0,
1796 4725 1951 4785 dum
1998 4722 2241 4784 libertas
2286 4720 2575 4782 adimitur
2621 4718 2915 4797 eligendi:
2957 4717 3153 4778 cardi-

530 4833 699 4896 nales
745 4835 1001 4896 eosdem
1046 4835 1436 4894 obsecrantes
1467 4850 1579 4914 per
1607 4830 1837 4892 viscera
1872 4829 2325 4892 misericordiae
2361 4827 2476 4888 Dei
2512 4826 2725 4905 nostri,
2760 4845 2869 4907 per
2902 4825 3154 4905 adsper-

530 4942 773 5003 sionem
818 4941 915 5003 sui
960 4940 1206 5023 pretiosi
1254 4937 1576 5019 sanguinis
1623 4939 2025 5014 obtestamur,
2070 4953 2138 4998 ut
2170 4950 2498 5018 pensantes
2529 4932 2841 5011 attentius,
2880 4932 3031 5013 quid
3064 4933 3150 4993 eis

2806 5035 2906 5104 27·
