3684 5416
609 409 714 464 3¹4
1245 391 1509 446 Potestas
1549 390 1927 446 ecclesiastica
1968 403 2024 445 et
2060 389 2363 462 imperium
2403 390 2577 446 civile.

608 575 723 634 nisi
759 574 929 635 Deus
960 574 1304 635 misericors
1337 575 1696 636 earumdem
1732 574 1998 655 impetus
2032 590 2091 635 et
2121 573 2476 634 strenuitate
2498 575 2863 635 Nostrarum
2890 574 3212 655 copiarum

606 697 663 740 et
698 680 901 741 valido
932 680 1254 760 legionum
1287 680 1511 742 auxilio
1543 683 1618 743 ab
1652 680 1877 763 inclyta
1913 682 2158 743 natione
2180 680 2410 743 Gallica
2435 680 2628 741 Nobis
2660 680 2973 742 submisso
3007 680 3209 743 irritos

606 786 981 849 reddidisset.

819 894 883 954 ln
912 909 1004 955 tot
1032 913 1182 959 vero
1214 894 1732 972 dimicationibuS,
1766 896 1830 957 in
1863 911 2024 957 tanta
2060 894 2496 976 periculorum,
2519 894 3026 973 sollicitudinum,
3048 914 3213 955 acer-

528 1035 547 1077 5
605 999 860 1060 bitatum
892 1000 1044 1061 serie
1076 1002 1419 1063 maximum
1442 1002 1637 1063 Nobis
1670 1002 1920 1064 interim
1940 1002 2165 1064 Divina
2191 1001 2581 1064 Providentia
2613 1002 2905 1064 solatium
2937 1001 3214 1064 confere-

505 1573 551 1603 10

505 2108 549 2152 15

494 3712 547 3757 30

495 4247 543 4290 35

490 4780 545 4820 40

604 1108 705 1166 bat
736 1125 808 1168 ex
838 1108 1144 1188 praeclara
1177 1123 1390 1185 vestra,
1424 1108 1554 1169 VV.
1588 1108 1723 1186 FF„
1772 1124 2244 1188 vestrorumque
2279 1108 2586 1169 Fidelium
2620 1128 2764 1194 erga
2797 1110 2930 1170 Nos
2963 1124 3022 1169 et
3052 1108 3214 1169 hanc

605 1213 1027 1293 Apostolicam
1059 1214 1286 1275 Sedem
1331 1215 1550 1296 pietate
1596 1235 1664 1275 ac
1710 1215 1934 1293 studi0,
1979 1217 2154 1296 quod
2202 1231 2259 1277 et
2291 1216 2634 1294 insignibus
2665 1214 3213 1295 significationibus

604 1318 777 1379 editis
807 1334 868 1380 et
898 1322 1231 1383 catholicae
1264 1322 1567 1383 charitatis
1599 1324 1892 1403 operibus
1925 1321 2145 1401 jugiter
2177 1322 2663 1384 demonstrastis.
2731 1321 2802 1383 Et
2834 1340 3215 1402 quamquam

605 1426 960 1508 gravissima
1004 1428 1071 1488 in
1109 1429 1336 1510 quibus
1369 1432 1763 1491 versabamur
1795 1428 2150 1491 discrimina
2184 1430 2280 1490 vix
2314 1430 2549 1509 aliquas
2583 1428 2777 1490 Nobis
2809 1428 3089 1490 inducias
3121 1447 3213 1488 re-

603 1533 972 1613 linquerent,
1009 1534 1158 1596 nihil
1192 1551 1399 1597 tamen
1433 1555 1734 1615 unquam,
1775 1537 1909 1597 Deo
1942 1554 2058 1597 nos
2089 1535 2495 1614 confortante,
2530 1555 2816 1597 curarum
2851 1536 3215 1612 remisimus,

605 1660 763 1720 quae
808 1641 883 1702 ad
930 1643 1762 1727 temporalemtsubditorum
1793 1643 2171 1704 Nostrorum
2211 1643 2671 1724 prosperitatem
2703 1643 3002 1704 tuendam
3034 1642 3216 1723 perti-

608 1749 862 1823 nebant;
914 1766 985 1807 ac
1028 1767 1189 1827 quae
1238 1763 1397 1809 esset
1427 1749 1591 1829 apud
1627 1749 1758 1809 Nos
1789 1749 2241 1829 tranquillitatis
2275 1764 2335 1810 et
2364 1749 2699 1811 securitatis
2731 1750 3012 1830 publicae
3044 1750 3215 1825 rati0‚

605 1872 763 1932 quae
814 1854 1187 1935 optimarum
1237 1873 1778 1935 quarumcumque
1829 1855 2289 1937 disciplinarum
2340 1871 2399 1917 et
2444 1856 2668 1916 artium
2713 1856 3008 1932 conditi0,
3056 1874 3217 1936 quae

605 1959 985 2040 populorum
1022 1962 1393 2023 Nostrorum
1441 1981 1584 2041 erga
1618 1962 1750 2022 Nos
1799 1961 1951 2023 fides
1998 1977 2056 2023 et
2094 1963 2380 2024 voluntas
2412 1962 2709 2023 omnibus
2743 1963 3094 2023 nationibus
3129 1962 3215 2022 fa-

604 2065 715 2126 cile
768 2066 1054 2144 innotuit,
1108 2088 1180 2129 ex
1211 2068 1441 2148 quibus
1490 2069 1762 2129 advenae
1811 2069 2294 2149 frequentissimi
2341 2069 2404 2130 in
2439 2070 2596 2130 hanc
2627 2068 2861 2131 Urbem
2894 2069 3216 2130 occasione

605 2175 961 2252 praesertim
994 2176 1264 2256 plurium
1298 2176 1741 2253 celebritatum,
1777 2196 1933 2256 quas
1968 2175 2339 2257 peregimus,
2363 2194 2809 2256 sacrorumque
2840 2175 3217 2236 solemnium

604 2280 874 2341 ceriatim
907 2282 1083 2343 omni
1115 2298 1395 2364 tempore
1430 2282 1883 2343 confluxerunt.

817 2391 1100 2453 Jamvero
1152 2409 1297 2451 cum
1346 2409 1440 2451 res
1491 2391 1569 2451 ita
1619 2411 1683 2451 se
1732 2392 2027 2453 haberent
2072 2390 2393 2471 nostrique
2446 2391 2662 2472 populi
2709 2389 3034 2470 tranquilla
3071 2406 3217 2469 pace

607 2495 975 2572 fruerentur,
1026 2497 1156 2558 Rex
1188 2497 1567 2579 Subalpinus
1618 2496 1875 2577 ejusque
1911 2497 2302 2559 Gubernium
2359 2513 2534 2579 capta
2579 2497 2906 2560 occasione
2953 2496 3214 2575 ingentis

607 2600 766 2663 inter
797 2603 952 2667 duas
992 2604 1445 2684 potentissimas
1478 2605 1763 2684 Europae
1796 2605 2081 2665 nationes
2114 2605 2423 2683 flagrantis
2455 2605 2617 2683 belli,
2652 2622 2916 2685 quarum
2952 2621 3097 2665 cum
3129 2606 3215 2663 al-

602 2724 727 2772 tera
775 2711 1134 2791 pepigerant
1178 2732 1243 2773 se
1287 2712 1653 2774 inviolatum
1699 2728 2046 2774 servaturos
2079 2729 2461 2794 praesentem
2493 2712 2928 2774 ecclesiasticae
2967 2710 3214 2772 ditionis

603 2836 847 2899 statum,
884 2840 998 2882 nec
1028 2843 1063 2881 a
1097 2821 1361 2883 factiosis
1395 2823 1608 2885 violari
1645 2842 1954 2903 passurOS‚
1991 2824 2272 2904 protinus
2304 2823 2571 2904 reliquas
2605 2821 3049 2883 dominationis
3083 2821 3215 2881 No-

602 2946 756 2990 strae
785 2943 976 2989 terras
1008 2929 1361 3010 Sedemque
1395 2932 1592 3012 ipsam
1623 2934 1915 2994 Nostram
1947 2932 2236 2993 invadere
2270 2946 2327 2991 et
2359 2931 2422 2991 in
2456 2949 2632 2991 suam
2665 2943 3024 3011 potestatem
3057 2929 3218 2989 redi·

600 3055 743 3115 gere
776 3036 1196 3097 decreverunt.
1250 3044 1330 3098 At
1363 3058 1667 3117 quorsum
1704 3040 1853 3100 haec
1885 3040 2123 3101 hostilis
2156 3039 2413 3116 invasio,
2448 3057 2758 3118 quaenam
2791 3057 3009 3099 causae
3043 3056 3214 3117 prae·

525 3179 540 3189 .
602 3142 988 3203 ferebantur?
1037 3143 1370 3205 Notissima
1420 3146 1696 3225 profecto
1744 3148 1968 3227 cuique
2015 3162 2157 3208 sunt
2202 3167 2271 3207 ea
2304 3166 2462 3227 quae
2495 3146 2558 3206 in
2590 3145 2864 3226 Epistola
2900 3145 3085 3225 Regis
3117 3144 3215 3205 die

604 3251 660 3309 8.
698 3250 973 3330 proxime
1019 3249 1205 3331 elapsi
1241 3251 1617 3332 Septembris
1664 3255 1739 3316 ad
1776 3256 1909 3315 Nos
1956 3255 2091 3315 data
2141 3270 2200 3315 et
2244 3274 2351 3336 per
2386 3253 2576 3335 ipsius
2609 3253 2938 3314 Oratorem
2971 3252 3047 3313 ad
3082 3253 3216 3312 Nos

602 3356 974 3417 destinatum
1005 3358 1203 3419 Nobis
1248 3360 1461 3420 tradita
1509 3361 1914 3439 disseruntur,
1954 3362 2020 3422 in
2052 3382 2175 3441 qua
2209 3361 2401 3440 longo
2437 3360 2758 3441 fallacique
2793 3363 3124 3421 verborum
3157 3373 3214 3418 et

601 3464 1045 3525 sententiarum
1077 3467 1329 3544 ambitu,
1366 3469 1680 3529 ostentatis
1712 3468 1974 3529 amantis
2007 3467 2113 3528 filii
2145 3484 2202 3528 et
2232 3469 2514 3530 catholici
2550 3468 2822 3529 hominis
2855 3466 3214 3528 nominibus

599 3590 906 3652 causaque
956 3575 1201 3634 obtenta
1254 3574 1478 3654 publici
1528 3573 1780 3653 ordinis»,
1838 3573 2231 3635 Pontificatus
2278 3574 2472 3655 ipsius
2527 3590 2584 3636 et
2618 3594 2919 3657 personae
2952 3573 3213 3634 Nostrae

601 3679 956 3759 servandae,
1011 3681 1160 3742 illud
1213 3683 1600 3762 poscebatur,
1655 3701 1733 3742 ne
1781 3681 2138 3761 temporalis
2184 3695 2426 3742 nostrae
2475 3681 2783 3761 potestatis
2831 3679 3212 3741 eversionem

602 3785 768 3847 velut
815 3788 1030 3848 hostile
1081 3788 1318 3850 facinus
1367 3789 1662 3849 vellemus
1708 3789 2000 3869 accipere,
2046 3804 2229 3868 atque
2261 3788 2425 3849 ultro
2459 3789 2679 3849 eadem
2711 3802 3004 3869 potestate
3039 3786 3215 3846 cede-

600 3911 826 3969 remuS,
860 3894 1135 3955 futilibus
1170 3895 1385 3955 confisi
1419 3896 1866 3977 sponsionibus
1898 3899 1972 3957 ab
2006 3896 2141 3977 ipso
2174 3896 2412 3962 oblatis.
2449 3897 2678 3976 quibus
2701 3911 2861 3972 vota,
2900 3910 2965 3955 ut
2998 3892 3212 3969 ajebat,

602 4001 978 4080 populorum
1029 4000 1226 4062 Italiae
1273 4021 1415 4062 cum
1468 4022 1765 4083 supremo
1811 4002 2138 4085 spiritualis
2172 4002 2442 4064 Romani
2476 4002 2788 4064 pontificis
2841 3998 3213 4063 auctoritatis

602 4105 731 4181 jure
763 4123 820 4167 et
851 4107 1122 4168 libertate
1158 4108 1644 4170 conciliarentur.
1696 4113 1830 4172 Nos
1865 4110 2158 4191 equidem
2191 4128 2319 4171 non
2354 4110 2673 4191 potuimus
2705 4127 2837 4170 non
2870 4109 3209 4169 vehemen-

602 4231 690 4274 ter
735 4212 958 4288 mirari‚
1014 4215 1290 4275 videntes
1331 4234 1452 4295 qua
1488 4217 1724 4278 ratione
1756 4218 1845 4278 vis
1878 4237 2038 4297 quae
2071 4217 2265 4280 Nobis
2300 4218 2467 4278 brevi
2498 4217 2815 4278 inferenda
2848 4231 2974 4277 erat
3006 4215 3212 4293 obtegi

602 4336 660 4380 et
710 4321 1079 4381 dissimulari
1130 4322 1328 4400 vellet,
1379 4341 1492 4383 nec
1541 4324 1862 4404 potuimus
1896 4344 2025 4385 non
2060 4325 2270 4386 dolere
2303 4324 2522 4386 intimo
2554 4325 2765 4385 animo
2798 4323 2996 4384 vicem
3030 4322 3215 4400 Regis

602 4428 880 4504 ejusdem
928 4428 1038 4508 qui
1070 4429 1299 4510 iniquis
1332 4430 1606 4493 consiliis
1639 4433 1890 4494 adactus
1921 4452 2080 4493 nova
2115 4433 2179 4492 in
2213 4433 2343 4493 dies
2376 4432 2678 4493 Ecclesiae
2712 4431 2964 4492 vulnera
2998 4429 3214 4509 infligit

607 4553 664 4595 et
718 4536 1048 4598 hominum
1099 4540 1296 4618 magis
1347 4559 1534 4620 quam
1585 4540 1699 4600 Dei
1749 4555 2029 4619 respectu
2083 4540 2290 4601 habito
2338 4559 2469 4601 non
2521 4539 2741 4620 cogitat
2773 4558 2904 4601 esse
2936 4539 3002 4598 in
3034 4537 3212 4598 caelis

603 4645 837 4723 Regem
872 4663 1088 4724 regum
1124 4661 1182 4706 et
1203 4647 1551 4708 Dominum
1585 4647 2066 4726 dominantium,
2090 4648 2200 4727 qui
2228 4666 2396 4707 «non
2419 4647 2731 4708 subtrahet
2752 4664 3082 4726 personam
3106 4663 3214 4704 cu-

601 4750 912 4832 jusquam,
947 4773 1061 4814 nec
1093 4754 1386 4816 veribitur
1417 4756 1916 4844 magnitudinem
1949 4754 2340 4835 cujusquam,
2365 4755 2663 4835 quoniam
2685 4754 2984 4836 pusillum
3003 4768 3062 4814 et
3082 4771 3212 4813 tna-

597 4879 796 4940 gnum
828 4860 957 4941 ipse
992 4860 1148 4938 fecit,
1172 4861 1525 4924 fortioribus
1557 4879 1764 4924 autem
1799 4863 2016 4924 fortior
2047 4863 2229 4923 instat
2261 4861 2605 4923 crutiatio».
2644 4861 2755 4937 (Sa
2775 4881 2833 4942 p.
2871 4861 2966 4922 Vl.
2991 4861 3047 4921 8.
3069 4874 3129 4920 et
3157 4875 3214 4933 9.

815 4968 1007 5043 Quod
1055 4985 1262 5031 autem
1309 4970 1519 5031 attinet
1565 4971 1640 5030 ad
1689 4969 2036 5051 propositas
2070 4969 2269 5030 Nobis
2315 4967 2761 5050 postulationes
2794 4966 3214 5028 cunctandum
