3684 5416
362 1540 411 1571 to

363 2080 406 2122 ¹5

356 2613 409 2645 20

355 3147 407 3190 25

358 3680 411 3725 30

359 4214 409 4257 35

359 4749 413 4788 40

517 434 628 440 —
1105 355 1370 411 Potestas
1411 352 1789 411 ecclesiastica
1830 367 1886 408 et
1925 352 2227 423 imperium
2267 351 2444 411 civile.
2973 368 3073 435 ²2⁵

465 561 578 624 pro
610 540 893 621 quolibet
925 560 958 609 e
991 541 1240 605 duobus
1270 538 1675 619 sequentibus
1708 537 2089 601 thalerorum
2125 537 2289 604 mille
2323 551 2598 615 centum,
2647 556 2760 617 pro
2793 536 3074 616 quolibet

465 668 537 709 ex
583 648 711 713 aliis
757 663 991 729 septem
1035 646 1418 709 thalerorum
1467 643 1652 721 mille,
1688 662 1801 725 pro
1833 643 2113 723 quolibet
2144 662 2177 703 e
2209 661 2311 704 sex
2346 641 2680 709 Canonicis
2712 639 3077 713 Honor-ariis

463 756 841 822 thalerorum
874 768 1144 829 centum,
1183 768 1243 814 et
1276 771 1389 834 pro
1422 750 1703 832 quolibet
1723 771 1795 821 ex
1815 766 1957 814 octo
1984 750 2252 827 Vicariis,
2271 769 2382 817 seu
2404 748 2834 821 Praebendatis
2852 746 3076 819 thaler-

462 881 645 923 orum
679 861 1041 923 biscentum.

676 970 789 1046 (L.)
851 969 919 1035 ln
951 968 1220 1029 Ecclesia
1269 986 1414 1033 vero
1447 965 1795 1047 Episcopali
1832 964 2205 1035 Warmiensi
2257 962 2409 1039 nihil
2456 962 2612 1025 circa
2645 961 2778 1040 ejus
2809 959 3078 1040 Capituli

463 1077 845 1147 dotationem
878 1091 937 1141 et
970 1075 1236 1143 formam
1270 1075 1345 1145 ad
1381 1093 1668 1154 praesens
1700 1072 2160 1145 immutandum
2196 1091 2326 1132 esse
2361 1069 2761 1145 declaramus,
2782 1082 3079 1139 reservata

462 1199 673 1249 tamen
705 1183 903 1249 Nobis
948 1198 1007 1245 et
1041 1181 1346 1251 Romanis
1380 1181 1782 1251 Pontificibus
1833 1180 2291 1247 successoribus
2326 1178 2568 1247 Nostris
2614 1177 2895 1249 facultate
2941 1176 3079 1249 illos

463 1290 798 1370 aliquando
830 1290 907 1363 ad
930 1288 1308 1368 reliquarum
1334 1287 1644 1359 Borussici
1666 1287 1863 1366 Regni
1887 1287 2296 1357 Ecclesiarum
2319 1303 2604 1347 normam
2625 1282 3076 1355 conformandi.

674 1396 805 1473 (Ll.)
869 1395 1389 1476 Aquisgranensis
1437 1409 1745 1476 praeterea
1781 1394 2085 1465 Ecclesiae
2133 1413 2239 1474 per
2274 1394 2404 1456 Nos
2450 1393 2513 1459 in
2558 1392 2966 1469 Collegiatam
3001 1406 3069 1459 ut

463 1522 645 1583 supra
693 1502 1056 1566 constitutae
1092 1502 1472 1584 Capitulum,
1505 1517 1793 1571 constans
1827 1521 1898 1563 ex
1944 1501 2121 1571 unica
2157 1500 2491 1581 Praepositi
2525 1498 2852 1580 Dignitate,
2884 1513 2944 1567 et
2973 1517 3079 1563 sex

463 1609 944 1675 Canonicatibus
976 1611 1264 1677 eamdem
1296 1628 1653 1672 annuorum
1679 1608 1992 1675 redituum
2013 1607 2339 1673 Summam
2361 1606 2765 1682 conservabit,
2797 1624 2920 1686 qua
2941 1619 3079 1665 actu

462 1717 702 1796 gaudet.

676 1823 841 1899 (LII.)
905 1822 1371 1895 Committimus
1418 1822 1638 1903 pariter
1684 1823 1993 1885 antedicto
2038 1821 2309 1902 Josepho
2345 1819 2652 1901 Episcopo
2687 1818 3080 1894 warmiensi,

464 1946 529 1992 ut
576 1930 966 1995 Clericorum
1011 1929 1372 1995 Seminariis
1418 1930 1481 1991 in
1527 1929 1797 2009 qualibet
1850 1927 2132 1993 Dioecesi
2178 1942 2531 2008 opportune
2578 1925 3080 1997 constabiliendis

464 2036 636 2099 firma
684 2054 1035 2105 remanente
1083 2037 1470 2119 posszssione
1508 2037 1852 2113 Bonorum,
1902 2055 2061 2116 quae
2104 2036 2180 2105 ad
2216 2053 2501 2115 praesens
2534 2035 2817 2097 obtinent
2849 2053 2950 2101 eas
2982 2033 3077 2103 vel

463 2144 760 2224 partiales,
813 2145 906 2205 vel
950 2145 1214 2223 integras
1262 2159 1446 2225 prout
1493 2144 1816 2209 necessitas
1862 2159 2047 2223 atque
2094 2141 2319 2207 utilitas
2364 2140 2710 2221 postulabit,
2756 2142 3081 2208 Bonorum

463 2252 809 2315 dotationes
855 2252 1161 2329 attribuet,
1210 2271 1372 2333 quae
1405 2254 1480 2314 ab
1515 2251 1896 2333 adpromissa
1930 2250 2318 2317 Serenissimi
2353 2249 2677 2316 Borussiae
2712 2248 2897 2328 Regis
2930 2248 3080 2310 libe-

463 2359 689 2427 ralitate
723 2360 1304 2439 suppeditabuntur.

676 2467 858 2546 (Llll.)
908 2467 1280 2530 Mandamus
1314 2486 1570 2547 quoque
1603 2466 1803 2528 eidem
1838 2467 2110 2547 Josepho
2144 2465 2478 2546 EpiscopO,
2514 2479 2579 2528 ut
2614 2482 2727 2544 pro
2761 2461 3084 2538 cuiuslibet

466 2573 764 2639 Antistitis
795 2574 1035 2638 decenti
1067 2575 1413 2648 residentia,
1468 2575 1562 2636 vel
1597 2590 1794 2635 vetera
1831 2574 2180 2654 Episcopia,
2229 2573 2278 2633 si
2313 2571 2645 2634 commode
2679 2568 2809 2631 fieri
2844 2567 3083 2650 poterit,

462 2682 557 2754 vel
606 2682 752 2754 alias
802 2682 1043 2745 Domos
1094 2682 1170 2744 ad
1223 2682 1284 2745 id
1334 2702 1367 2745 a
1418 2682 1696 2746 Praefato
1748 2682 1915 2760 Rege
1964 2681 2026 2743 in
2074 2678 2424 2762 respectivis
2468 2676 2851 2753 Civitatibus,
2899 2690 3084 2754 atque

463 2788 643 2856 etiam
678 2790 893 2852 alteras
927 2789 1098 2866 Ruri,
1129 2789 1179 2854 si
1213 2789 1385 2851 facile
1419 2790 1610 2870 possit
1643 2789 2102 2859 concedendas:
2139 2788 2413 2867 itemque
2437 2786 2683 2847 Domos
2716 2803 2828 2865 pro
2863 2781 3081 2860 Digni—

463 2895 686 2957 tatibus
718 2896 1072 2974 Canonicis,
1119 2911 1179 2958 et
1211 2897 1483 2973 Vicariis,
1531 2917 1639 2958 seu
1676 2896 2129 2973 Praebendatis,
2177 2915 2290 2958 nec
2336 2913 2467 2957 non
2502 2913 2616 2975 pro
2649 2891 2838 2955 Curia
2873 2888 3082 2960 Eccle-

463 3003 716 3080 siastica,
765 3024 879 3085 pro
913 3003 1224 3084 CapituIO,
1273 3020 1330 3064 et
1366 3005 1635 3065 Archivo
1682 3003 2037 3067 tribuendas
2086 3018 2446 3084 opportune
2480 3016 2717 3077 statuet,
2771 3015 2957 3079 atque
2991 3017 3087 3059 as-

465 3111 686 3191 signet.

679 3218 871 3294 (LIV.)
938 3219 1036 3280 Ad
1085 3219 1618 3281 manutentionem
1666 3238 1812 3280 vero
1849 3218 1895 3278 F
1900 3218 2239 3280 abricarum
2288 3234 2411 3278 tam
2447 3215 3081 3296 Metropolitanarum,

465 3345 654 3405 quam
688 3325 1152 3388 Cathedralium
1187 3324 1615 3401 Ecclesiarum,
1665 3325 2132 3404 comprehensis
2180 3343 2435 3403 quoque
2484 3321 2823 3402 suppressis
2856 3319 3083 3382 Cathe-

464 3433 734 3496 dralibus
766 3430 1154 3509 Corbejensi,
1196 3448 1255 3493 et
1290 3431 1797 3511 Aquisgranensi,
1833 3447 2016 3510 atque
2053 3433 2128 3494 ad
2162 3431 2351 3492 divini
2385 3431 2607 3505 cultus,
2642 3447 2711 3490 ac
2744 3424 3083 3490 lnservien-

464 3539 619 3602 tium
652 3557 948 3621 expensas
980 3557 1050 3601 ea
1079 3540 1274 3612 Bona,
1307 3559 1375 3599 ac
1408 3538 1636 3599 reditus
1668 3539 1851 3600 etiam
1898 3538 1960 3599 in
2008 3537 2283 3602 futurum
2325 3537 2872 3610 conservabuntur,
2927 3551 3084 3612 quae

465 3648 537 3709 iis
571 3646 783 3709 usibus
819 3645 941 3724 jam
977 3661 1120 3708 sunt
1152 3646 1469 3720 destinata,
1504 3665 1789 3726 quaeque
1825 3644 2265 3707 serenissimus
2288 3644 2417 3705 Rex
2451 3641 2924 3721 diligentissime
2957 3659 3082 3708 ser-

465 3769 753 3818 vaturum
806 3767 896 3814 est
946 3753 1285 3834 pollicitus;
1340 3770 1397 3814 et
1443 3753 1509 3815 in
1557 3772 1699 3813 casu
1747 3751 2255 3814 extraordinariae
2305 3748 2674 3811 necessitatis
2707 3746 3086 3812 confidimus

467 3861 616 3939 fore,
653 3877 719 3922 ut
751 3863 936 3921 rebus
970 3859 1136 3920 hisce
1168 3860 1245 3921 de
1277 3861 1603 3922 Thesauro
1639 3860 1837 3940 Regio
1872 3858 2202 3920 liberaliter
2234 3857 2645 3939 provideatur.

678 3968 850 4043 (LV.)
914 3967 1246 4029 Antedicto
1278 3970 1550 4050 Josepho
1583 3968 1897 4050 Episcopo
1950 3981 2259 4048 praeterea
2308 3963 2713 4043 injungimuS,
2761 3977 2831 4023 ut
2877 3960 3084 4036 cujus-

463 4076 608 4137 libet
641 4072 1216 4157 Archiepiscopalis,
1264 4093 1323 4138 et
1358 4078 1735 4159 Episcopalis
1768 4076 2073 4139 Ecclesiae
2105 4074 2594 4156 suffraganeatus
2625 4088 2901 4135 assuetae
2934 4090 3085 4133 con-

462 4205 652 4266 gruae
674 4187 993 4251 Dotationi
1027 4187 1363 4267 provideat,
1388 4203 1579 4266 utque
1598 4184 1858 4264 singulis
1879 4181 2375 4264 Archiepiscopis
2407 4195 2466 4241 et
2484 4179 2787 4260 episcopis
2806 4178 2884 4239 ad
2916 4178 3084 4241 satis-

464 4293 814 4357 faciendum
859 4294 1140 4376 expensis
1175 4293 1562 4355 Vicariorum
1609 4290 2032 4367 Generalium,
2085 4307 2141 4352 et
2174 4288 2399 4350 Curiae
2455 4307 2590 4352 eam
2624 4287 2945 4349 redituum
2976 4285 3084 4346 tri-

465 4402 612 4461 buat
656 4402 1078 4481 quantitatem,
1129 4420 1289 4480 quae
1336 4420 1368 4459 a
1416 4399 1811 4480 praelaudato
1863 4397 2188 4459 Borussiae
2225 4397 2392 4474 Rege
2441 4393 2606 4471 iuxta
2653 4394 2983 4470 liberalem,
3017 4412 3086 4453 ac

468 4508 788 4588 providam
821 4528 998 4571 suam
1034 4505 1512 4588 promissionem
1547 4506 1711 4567 hisce
1746 4505 1937 4567 titulis
1972 4506 2191 4566 factam
2224 4503 2646 4566 constituetur.

683 4616 871 4693 (LVI.)
941 4617 1013 4678 Et
1060 4615 1361 4694 quoniam
1397 4613 1841 4674 Serenissimus
1890 4612 2216 4674 Borussiae
2265 4611 2394 4671 Rex
2447 4611 2608 4671 ultro
2656 4607 2854 4669 Nobis
2903 4606 3083 4687 polli-

466 4723 620 4785 citus
653 4738 762 4802 est,
811 4742 875 4784 se
912 4741 1041 4784 non
1078 4723 1270 4783 modo
1304 4719 1547 4780 Domos
1581 4718 1713 4780 illas
1747 4734 1870 4778 tam
1907 4718 1983 4779 ad
2017 4718 2275 4778 alendos
2307 4716 2600 4777 emeritos
2633 4733 2829 4790 senes,
2862 4711 2956 4772 vel
2991 4712 3086 4772 in-

469 4829 682 4893 firmos
714 4830 1081 4906 sacerdote8‚
1117 4846 1307 4908 quarn
1343 4828 1417 4888 ad
1450 4827 1824 4888 coercendos
1847 4823 2302 4886 Ecclesiasticos
2338 4823 2624 4899 discolos,
2657 4821 2762 4882 ubi
2797 4819 3084 4890 existunt,

467 4952 997 5014 conservaturum,
1051 4936 1156 4996 sed
1206 4935 1388 4995 etiam
1442 4953 1653 5010 novas,
1708 4932 1812 4993 ubi
1866 4933 2113 5007 desunt,
2163 4929 2716 5004 constabiliturum,
2768 4941 3088 5008 propterea
