3684 5416
452 1553 511 1585 10

458 2344 511 2386 ¹5

552 405 661 460 574
1653 387 2076 458 Metropolitae.

980 465 1055 468 -—
1120 464 3174 475 w——m—*w———ss—

555 571 942 634 patriarchali
975 571 1280 633 Ecclesiae
1313 572 1712 633 venetiarum
1758 590 1875 653 pro
1907 570 2042 650 ejus
2073 591 2287 633 mensa
2321 590 2624 655 perpetuo
2656 575 2988 651 donamus,
3019 593 3171 636 con·

556 679 857 756 cedimus,
924 678 1324 761 applicamus,
1388 678 1880 762 appropriamus,
1934 695 1993 740 et
2042 679 2451 760 assignamus,
2499 681 2778 743 volentes
2827 698 2887 743 et
2934 682 3170 744 eisdem

557 786 830 865 scientia,
878 802 937 848 et
980 784 1338 849 auctoritate
1382 802 1716 849 statuentes
1760 788 2003 869 pariter,
2051 802 2110 848 et
2143 788 2561 866 decernentes,
2593 790 2767 870 quod
2801 809 2873 851 ex
2905 809 3076 852 nunc
3106 790 3171 852 in

557 912 735 957 antea
779 895 847 958 in
890 911 1267 977 perpetuum
1312 895 1439 976 ipsa
1473 894 1739 956 Ecclesia
1770 894 1858 956 sic
1888 910 2087 956 erecta
2120 895 2540 957 patriarchalis
2572 895 2861 976 Ecclesia,
2895 917 2966 959 ac
3000 898 3171 960 dioe-

559 1001 728 1078 cesis,
760 1019 819 1064 et
849 1001 1166 1084 provincia
1201 1001 1596 1064 Venetiarum
1628 1003 1722 1081 sit,
1772 1017 1832 1063 et
1863 1002 2047 1064 etiam
2080 1019 2493 1084 nuncupetur,
2525 1003 2829 1084 quodque
2862 1004 2927 1066 in
2960 1006 3180 1067 eadem

560 1111 884 1192 quondam
919 1110 1186 1173 Ecclesia
1221 1109 1489 1172 Graden.
1525 1125 1712 1192 prout
1744 1111 2044 1171 hactenus
2078 1109 2419 1189 consuevit,
2455 1129 2564 1192 per
2597 1130 2822 1191 unum,
2856 1110 2955 1173 vel
2975 1110 3179 1193 plures

560 1220 972 1300 presbyteros,
1019 1217 1249 1300 quibus
1295 1218 1372 1279 de
1416 1217 1580 1278 illius
1613 1217 2018 1298 proventibus
2051 1236 2162 1299 per
2193 1217 2601 1279 patriarcham
2632 1217 3031 1280 venetiarum
3065 1238 3181 1299 pro

559 1341 840 1406 tempore
870 1325 1253 1402 existentem,
1289 1324 1626 1386 necessaria
1657 1343 1932 1402 congrue
1965 1323 2407 1403 ministrentur,
2453 1340 2513 1385 et
2541 1325 2893 1386 animarum
2924 1344 3085 1401 cura,
3127 1324 3181 1385 si

564 1451 686 1513 qua
718 1431 806 1493 illi
839 1432 1178 1510 immineat,
1224 1432 1545 1513 diligenter
1576 1449 1948 1511 exerceatur,
1994 1450 2063 1492 ac
2107 1431 2260 1493 inibi
2290 1432 2675 1494 laudabiliter
2705 1433 3082 1494 deserviatur
3112 1433 3175 1494 in

564 1538 805 1600 divinis.
868 1538 1039 1600 Nulli
1073 1559 1223 1619 ergo
1257 1539 1522 1601 omnino
1555 1540 1894 1602 hominum
1923 1538 2098 1600 liceat
2130 1554 2239 1600 etc.

780 1645 914 1706 Dat.
948 1646 1185 1708 Romae
1234 1647 1399 1728 apud
1431 1646 1618 1708 Sanct
1650 1647 1903 1708 Petrnm
1933 1663 2101 1707 anno
2132 1645 2573 1706 incarnationis
2605 1644 2861 1706 Domini
2896 1644 3178 1707 MCDLI.

569 1754 625 1813 8.
658 1753 777 1815 ldis
810 1752 1064 1815 Octobr.
1101 1753 1494 1816 Pontificatus
1526 1754 1718 1815 nostri
1751 1772 1921 1814 anno
1954 1752 2191 1833 quint0.
2244 1749 2301 1831 [l.
2333 1770 2381 1815 c.
2416 1752 2532 1815 col.
2580 1749 3050 1831 1282—1294]

1055 2015 1185 2072 εει.
1238 2016 1658 2074 concaluit
1696 2014 2265 2071 mmm'rmuu.
2304 2013 2737 2084 (lm-15³⁸).

1298 2176 1490 2232 Sess.
1530 2177 1733 2231 XXIV.
1773 2179 1841 2230 de
1878 2178 2294 2247 reformatione.
2335 2191 2382 2230 c.
2427 2192 2473 2247 3.

785 2314 813 2343 ³
869 2314 1115 2366 Canones
1153 2318 1210 2367 et
1243 2315 1462 2368 decreta
1504 2315 1725 2366 concilii
1754 2313 2071 2366 Tridentini.
2113 2309 2201 2365 ed.
2240 2309 2280 2364 S
2300 2325 2331 2364 c
2347 2308 2383 2363 h
2401 2308 2511 2362 ult
2526 2324 2557 2362 e
2574 2339 2600 2347 -
2616 2306 2663 2361 R
2678 2305 2696 2360 i
2712 2324 2742 2362 c
2758 2306 2832 2360 ht
2853 2322 2885 2360 e
2900 2325 2944 2361 r.
2985 2324 3040 2379 p.
3067 2325 3188 2380 330.

573 2392 688 2448 Fri
706 2410 735 2448 e
755 2394 791 2447 d
809 2396 894 2448 be
912 2410 1022 2464 rg,
1062 2394 1337 2448 Lehrbuch
1376 2395 1412 2462 ἓ
1449 2395 1534 2463 64.
1575 2393 1714 2448 Hin
1732 2391 1946 2448 schiu
1964 2410 1990 2447 s
2009 2433 2022 2456 ‚
2061 2389 2480 2445 Kirchcnrecht.
2520 2388 2695 2444 Tom.
2722 2388 2785 2442 11.
2824 2389 2861 2457 ξ
2885 2405 2973 2460 79.

786 2524 1188 2602 patriarchae,
1237 2524 1545 2604 primates,
1593 2522 2049 2604 metropolitani
2098 2537 2155 2582 et
2201 2519 2472 2603 episcopi
2506 2518 2818 2602 propriam
2852 2518 3185 2580 dioecesim

573 2650 683 2714 per
729 2651 793 2692 se
827 2632 1010 2713 ipsos,
1043 2647 1149 2693 aut
1181 2631 1230 2692 si
1263 2631 1533 2711 legitime
1568 2630 1844 2713 impediti
1880 2629 2121 2705 fuerint,
2157 2647 2265 2710 per
2296 2646 2482 2689 suum
2516 2625 2868 2707 generalem
2892 2625 3187 2688 vicarium

575 2756 678 2801 aut
727 2739 1123 2820 visitatorem,
1176 2738 1226 2800 si
1276 2739 1613 2820 quotannis
1658 2754 1853 2800 totam
1899 2752 2153 2819 propter
2202 2736 2333 2798 eius
2364 2735 2752 2797 latitudinem
2783 2733 3024 2795 visitare
3057 2752 3188 2795 non

576 2863 886 2927 poterunt,
919 2847 1132 2908 saltem
1165 2846 1467 2908 maiorem
1498 2846 1631 2907 eius
1664 2860 1920 2928 partem,
1957 2844 2035 2905 ita
2068 2860 2294 2921 tamen,
2330 2859 2396 2905 ut
2428 2859 2553 2904 tota
2588 2842 2845 2904 biennio
2877 2860 2988 2923 per
3008 2861 3072 2902 se
3092 2840 3189 2901 vel

576 2951 912 3014 visitatores
957 2972 1107 3016 suos
1153 2954 1558 3035 compleatur,
1593 2952 1831 3013 visitare
1865 2970 1996 3013 non
2028 2950 2524 3033 praetermittant.
2603 2955 2659 3012 Α
2692 2947 3187 3030 metropolitanis

577 3078 745 3138 vero,
780 3059 962 3121 etiam
995 3076 1133 3141 post
1165 3059 1342 3141 plene
1375 3059 1676 3120 visitatam
1712 3058 2024 3139 propriam
2061 3057 2418 3135 dioecesim,
2465 3071 2598 3117 non
2631 3056 2957 3119 visitentur
2988 3056 3194 3116 cathe-

577 3164 775 3228 drales
807 3165 1117 3245 ecclesiae,
1156 3184 1359 3246 neque
1391 3164 1703 3225 dioeceses
1735 3182 1999 3225 suorum
2033 3162 2679 3244 comprovincialium,
2721 3161 2839 3224 nisi
2870 3180 3052 3223 causa
3084 3179 3194 3221 co·

570 3273 746 3352 gnita
777 3285 838 3334 et
869 3274 1121 3355 probata
1155 3272 1219 3333 in
1252 3271 1514 3334 concilio
1548 3270 1929 3353 provinciali.
