3684 5416
648 378 756 449 486
883 434 892 443 ,
1728 378 1899 434 Curia
1938 395 2194 434 romana.

650 581 887 642 equum
920 560 1250 638 Pontificis,
1283 577 1528 641 gestans
1561 577 1838 622 sanctum
1875 561 2140 623 chrisma
2175 579 2368 621 manu
2403 560 2466 621 in
2499 558 2791 639 mappula
2814 556 3092 618 involuta
3115 574 3257 616 cum

649 668 941 749 ampulla.
975 668 1097 729 Sed
1132 683 1191 728 et
1224 687 1445 729 omnes
1479 668 1743 749 acolythi
1767 671 2000 748 absque
2034 668 2311 742 sacculis,
2335 683 2392 728 et
2425 665 2818 741 sindonibus,
2852 680 2912 725 et
2943 664 3266 725 chrismate

649 795 780 837 non
829 775 1208 857 procedunt:
1260 775 1432 855 quod
1478 775 1747 856 disponit
1793 775 2204 836 stationarius
2267 774 2331 836 Si
2379 774 2520 854 quis
2566 788 2771 834 autem
2806 771 2974 832 adire
3005 770 3266 832 voluerit

651 882 1045 954 Pontificem;
1096 882 1144 942 si
1191 882 1444 962 equitat,
1493 882 1695 943 statim
1743 898 1809 943 ut
1841 902 1987 943 eum
2021 882 2259 958 viderit,
2293 881 2624 943 descendat
2656 880 2732 940 de
2765 899 2951 960 equo,
2984 893 3043 939 et
3074 898 3144 937 ex
3175 877 3263 937 la-

570 1011 593 1056 5
648 1006 771 1050 tere
818 989 948 1049 viae
995 1005 1287 1070 expectet,
1336 1007 1537 1068 usque
1585 989 1736 1050 dum
1781 991 1858 1050 ab
1904 1009 1981 1050 eo
2028 989 2221 1071 possit
2253 989 2471 1049 audiri.
2540 988 2614 1048 Et
2646 987 2827 1069 petita
2861 988 2935 1047 ab
2970 1005 3044 1046 eo
3077 987 3252 1045 bene·

649 1095 912 1157 dictione
960 1095 1319 1157 discutiatur
1365 1116 1396 1154 a
1445 1098 1960 1158 nomenculatore
1999 1098 2092 1158 vel
2130 1096 2479 1157 saccellario
2514 1114 2694 1156 causa
2728 1093 2893 1169 ejus:
2931 1109 2990 1154 et
3021 1092 3135 1174 ipsi
3167 1092 3262 1151 in-

649 1204 853 1264 dicant
885 1201 1188 1280 Pontifici,
1240 1217 1297 1262 et
1347 1200 1604 1263 finiunt:
1670 1204 1847 1282 quod
1893 1219 1951 1264 et
1982 1202 2258 1270 similiter
2289 1202 2730 1277 observabitur,
2765 1200 2999 1262 etiamsi
3033 1202 3266 1279 absque

649 1311 773 1372 ulla
806 1310 1099 1392 petitione
1131 1309 1185 1370 ei
1220 1308 1554 1389 quisquam
1587 1311 1809 1371 obvius
1844 1310 2039 1372 fuerit.
2101 1310 2227 1386 Qui
2260 1329 2408 1372 vero
2443 1310 2723 1391 pedester
2755 1308 2953 1385 fuerit,
2989 1322 3263 1369 tantum-

649 1418 841 1477 modo
873 1416 1016 1477 loco
1050 1435 1166 1476 suo
1201 1415 1425 1496 figitur,
1461 1431 1530 1476 ut
1561 1419 1636 1477 ab
1669 1437 1745 1479 eo
1779 1419 2079 1495 audiatur,
2112 1417 2208 1478 vel
2242 1416 2654 1478 benedicatur.

544 1545 594 1579 ιο
866 1544 920 1603 3.
969 1522 1084 1583 Die
1134 1538 1338 1583 autem
1390 1523 1876 1586 Resurrectionis
1920 1524 2283 1597 dominicae,
2328 1523 2697 1606 procedente
2744 1543 2820 1585 eo
2866 1523 2940 1583 ad
2988 1538 3261 1583 sanctam

647 1631 924 1706 Mariam,
973 1630 1247 1691 notarius
1280 1631 1662 1712 regionarius
1693 1647 1808 1693 stat
1841 1632 1905 1692 in
1937 1631 2078 1692 loco
2113 1632 2224 1711 qui
2258 1632 2480 1692 dicitur
2514 1632 2883 1706 Merolanas,
2914 1647 2971 1690 et
3002 1630 3264 1690 salutato

649 1736 943 1799 pontifice
991 1737 1165 1799 dicit:
1215 1738 1287 1799 In
1336 1741 1579 1800 nomine
1624 1740 1863 1799 domini
1903 1742 2108 1800 nostri
2147 1738 2592 1808 ,Iesu-Christi
2633 1738 2935 1820 baptizati
2978 1743 3124 1798 sunt
3150 1736 3260 1796 he-

646 1853 855 1906 sterna
900 1853 1073 1906 nocte
1119 1849 1183 1906 in
1218 1852 1431 1906 sancta
1466 1846 1596 1907 Dei
1612 1848 1923 1926 genitrice
1954 1846 2171 1906 Maria
2203 1847 2468 1920 infantes
2503 1845 2770 1905 masculi
2796 1865 3046 1905 numero
3080 1847 3262 1916 tanti,

624 1956 905 2032 feminae
950 1958 1169 2031 tantae.
1231 1952 1576 2034 Respondit
1610 1952 1909 2028 Pontifex,
1957 1952 2093 2013 Deo
2130 1955 2399 2032 gratias,
2463 1951 2536 2030 Et
2582 1950 2798 2033 accipit
2844 1972 2875 2011 a
2909 1950 3259 2012 saccellario

541 2078 589 2123 ¹5
644 2059 917 2120 solidum
949 2078 1182 2120 unum:
1232 2060 1512 2121 Pontifex
1544 2075 1752 2120 autem
1783 2058 1978 2140 pergit
2010 2058 2088 2118 ad
2119 2058 2466 2119 stationem.
2537 2059 2711 2119 Feria
2746 2058 3018 2119 secunda
3050 2058 3128 2118 ad
3161 2077 3256 2119 re-

646 2167 828 2228 missa
873 2167 1245 2249 simpliciter.
1312 2167 1483 2227 Feria
1529 2166 1700 2227 tertia
1749 2167 1810 2228 in
1858 2165 2191 2227 reflexione
2239 2167 2514 2247 porticus
2566 2166 2759 2228 sancti
2793 2166 2982 2244 Pauli,
3015 2182 3253 2227 tantum

644 2274 788 2335 item
835 2274 944 2354 qui
992 2274 1303 2354 pedestres
1336 2276 1788 2354 obsequuntur.
1824 2274 1922 2352 ,ln
1957 2274 2055 2334 die
2083 2271 2236 2335 'vero
2268 2274 2459 2350 sancti
2493 2274 2762 2334 Paschae
2796 2293 3018 2334 omnes
3049 2274 3253 2355 acoly-

643 2381 733 2442 thi
779 2381 1051 2460 regionis
1096 2380 1303 2442 tertiae
1335 2380 1521 2441 simul
1554 2397 1612 2442 et
1645 2381 2006 2442 defensores
2041 2380 2330 2442 omnium
2363 2380 2691 2462 regionum
2725 2380 3099 2442 conveniunt
3134 2381 3256 2461 pri-

643 2508 749 2549 mo
783 2488 1062 2551 diluculo
1095 2489 1160 2549 in
1194 2488 1557 2569 patriarchio
1594 2487 2007 2564 Lateranensi‚
2042 2503 2107 2548 ut
2141 2489 2293 2548 dum
2328 2488 2692 2569 processerit
2714 2487 2985 2549 Pontifex
3019 2507 3253 2569 equum

534 2612 588 2646 ²0
640 2587 804 2657 illius
849 2595 1233 2677 praecedant.
1300 2594 1591 2677 Acolythi
1638 2610 1865 2672 autem,
1911 2595 2022 2675 qui
2070 2595 2215 2655 inde
2259 2593 2502 2672 fuerint,
2534 2597 2877 2672 observant,
2914 2611 2983 2656 ut
3013 2611 3255 2677 portent

641 2703 906 2765 chrisma
953 2719 1092 2766 ante
1126 2701 1504 2781 Pontificem,
1554 2719 1612 2763 et
1658 2702 1991 2781 evangelia,
2033 2703 2331 2764 sindones
2365 2719 2421 2763 et
2453 2702 2749 2781 sacculos,
2783 2718 2839 2764 et
2871 2722 3256 2784 aquamanus

641 2825 779 2890 post
824 2828 990 2888 eum,
1040 2810 1194 2871 sicut
1226 2831 1409 2892 supra
1443 2811 1730 2871 diximus,
1798 2809 2175 2891 Apostolum
2212 2824 2417 2872 autem
2450 2811 2887 2883 subdiaconuS,
2919 2810 3027 2891 qui
3060 2810 3250 2872 lectu-

641 2936 746 2977 rus
779 2931 885 2994 est,
916 2920 1032 2977 sub
1066 2936 1209 2987 cura
1243 2937 1353 2978 sua
1388 2917 1664 2978 habebit:
1713 2917 2106 2996 evangelium
2154 2917 2643 3002 archidiaconus.
2679 2922 3109 2998 Aquamanus‚
3145 2936 3251 2997 pa-

640 3040 847 3084 tenam
882 3024 1329 3103 quotidianam,
1365 3026 1634 3100 calicem,
1670 3028 1958 3108 scyphos,
1998 3043 2055 3087 et
2087 3026 2417 3108 pugillares
2456 3024 2624 3104 [alios
2656 3024 2997 3106 argenteos]
3022 3041 3080 3086 et
3100 3024 3253 3085 alios

533 3145 583 3189 ²⁵
640 3150 877 3206 aureos,
909 3146 966 3191 et
997 3131 1399 3211 gemelliones
1430 3147 1774 3212 argenteos,
1809 3134 2175 3197 colatorium
2200 3149 2560 3213 argenteum
2587 3149 2646 3194 et
2666 3153 2946 3211 aureum,
2982 3149 3037 3194 et
3059 3133 3250 3193 alium

640 3236 936 3315 majorem
983 3254 1377 3320 argenteum;
1426 3258 1594 3300 amas
1640 3256 1975 3320 argenteaS,
2027 3242 2437 3303 cantatorium
2485 3258 2541 3302 et
2575 3256 2769 3301 cetera
2803 3260 2943 3300 vasa
2976 3258 3158 3300 aurea
3192 3255 3250 3299 et

637 3361 945 3425 argentea,
998 3362 1345 3411 cereostata.
1372 3366 1553 3407 aurea
1601 3363 1658 3408 et
1704 3363 2007 3428 argentea,
2060 3350 2136 3410 de
2185 3350 2438 3410 ecclesia
2473 3349 2803 3410 Salvatoris
2850 3368 2959 3430 per
2991 3366 3245 3409 manum

636 3452 815 3533 primi
864 3453 1259 3514 mansionarii
1307 3469 1585 3531 sumunt,
1621 3470 1678 3514 et
1710 3453 1897 3531 bajuli
1934 3470 2193 3537 portant.
2258 3456 2493 3516 Diebus
2532 3474 2675 3516 vero
2710 3455 2874 3516 festis
2906 3457 3157 3516 calicem
3190 3469 3249 3514 et

635 3575 919 3640 patenam
969 3559 1249 3639 majoreS,
1298 3576 1356 3621 et
1399 3561 1707 3641 evangelia
1755 3560 1984 3639 majora
2039 3564 2115 3623 de
2164 3562 2444 3623 vestiario
2492 3561 2810 3622 dominico
2851 3562 3099 3641 exigunt
3132 3563 3246 3622 sub

528 3676 580 3720 30
633 3651 832 3746 sigillo
865 3667 1169 3728 vesterarii
1203 3687 1309 3748 per
1341 3687 1675 3729 numerum
1707 3687 2119 3746 gemmarum,
2155 3684 2219 3730 ut
2251 3689 2384 3730 non
2407 3670 2762 3750 perdantur.
2797 3669 3020 3730 Sellam
3043 3688 3246 3729 autem

633 3772 950 3834 Pontificis
995 3774 1403 3835 cubicularius
1447 3774 1638 3836 laicus
1687 3777 2055 3855 praecedens
2091 3777 2389 3858 deportat,
2424 3792 2490 3837 ut
2523 3792 2727 3857 parata
2762 3777 2836 3837 sit
2870 3778 3020 3838 dum
3056 3777 3120 3838 in
3151 3798 3246 3836 sa-

632 3881 895 3942 crarium
928 3883 1177 3943 venerit.
1253 3880 1309 3960 [1.
1342 3902 1390 3944 c.
1426 3901 1559 3963 pag.
1595 3880 1812 3963 4—5.]

1544 4043 1762 4104 Ordo
1811 4063 2189 4105 romanus
2236 4045 2337 4106 IX.

1397 4183 1505 4243 (De
1534 4183 1809 4250 gradibus
1846 4183 2128 4235 Romanae
2165 4184 2470 4248 Ecclesiae).

522 4320 572 4363 35
676 4344 679 4347 ,
855 4311 901 4351 1.
938 4291 1233 4368 Primum,
1267 4292 1329 4352 in
1361 4291 1802 4373 qualicumque
1835 4294 2045 4355 schola
2080 4294 2298 4374 reperti
2334 4294 2560 4356 fuerint
2589 4296 2764 4375 pueri
2786 4298 2943 4357 bene
2978 4296 3242 4377 psallen-

626 4413 737 4473 teS,
782 4395 1084 4458 tolluntur
1128 4398 1291 4475 inde,
1337 4413 1395 4458 et
1427 4399 1782 4460 nutriuntur
1812 4400 1874 4460 in
1907 4400 2116 4461 schola
2151 4416 2500 4479 cantorum,
2538 4418 2597 4462 et
2632 4418 2841 4484 postea
2876 4402 3037 4463 fiunt
3068 4404 3239 4465 cubi-

627 4506 854 4568 cularii.
917 4504 981 4566 Si
1028 4520 1236 4566 autem
1282 4505 1588 4566 nobilium
1636 4507 1741 4568 filii
1777 4507 2020 4581 fuerint,
2052 4508 2253 4568 statim
2286 4507 2351 4569 in
2385 4509 2682 4570 cubiculo
2712 4510 3089 4573 nutriuntur.
3154 4511 3242 4571 Ex

625 4614 739 4675 hac
784 4612 1082 4694 accipient
1128 4613 1390 4693 primam
1438 4614 1932 4675 benedictionem
1980 4617 2056 4675 ab
2103 4616 2565 4691 archidiacon0,
2615 4633 2681 4678 ut
2731 4617 2906 4678 liceat
2938 4618 3022 4679 eis
3055 4637 3241 4698 super

622 4723 885 4783 linteum
937 4720 1244 4781 vellosum
1288 4722 1518 4795 sedere,
1564 4722 1737 4801 quod
1787 4741 1926 4783 mos
1974 4738 2063 4783 est
2099 4742 2329 4803 ponere
2362 4742 2549 4804 super
2581 4725 2795 4785 sellam
2829 4725 2993 4805 equi.
3058 4725 3239 4800 Dein,

523 4858 570 4898 ,ο
623 4830 779 4890 sicut
812 4829 1355 4890 sacramentorum
1402 4830 1596 4890 codex
1642 4830 1935 4903 continet,
1982 4831 2235 4910 quando
2282 4847 2341 4891 et
2389 4831 2493 4891 ubi
2525 4831 2771 4892 libitum
2805 4832 3002 4911 fuerit,
3038 4852 3242 4912 usque

623 4935 684 4997 in
717 4936 1197 4998 subdiaconatus
1229 4935 1507 4997 officium
1541 4938 1943 4998 ordinantur:
1996 4938 2238 4999 diaconi
2286 4958 2431 5000 vero
2464 4954 2648 5018 atque
2684 4940 3018 5020 presbyteri
3053 4958 3242 4999 num-
