3684 5416
608 388 645 437 4
658 368 714 423 18
1626 367 1895 423 Pontifex
1933 385 2225 423 romanuS.

613 554 755 615 here
789 553 907 614 illis
938 552 1337 628 intendimus,
1369 552 1477 613 sed
1510 552 1682 632 quod
1715 552 2087 634 experientia
2110 554 2321 614 deesse
2343 554 2624 633 probavit
2657 555 2958 635 praesenti
3005 554 3238 617 consti-

611 660 852 722 tutione
900 659 1227 742 supplere).
1307 668 1337 729 S
1383 679 1431 719 t.
1484 659 1622 720 Hoc
1672 678 1848 721 sacro
1896 659 2160 721 concilio
2209 662 2590 742 approbante
2645 661 2992 740 statuimus,
3046 678 3131 737 ut,
3181 662 3234 722 si

613 768 888 829 eundem
920 766 1282 829 Pontificem
1334 766 1398 828 in
1444 766 1699 843 civitate,
1731 766 1798 827 in
1830 786 1955 846 qua
1988 786 2132 828 cum
2167 788 2279 829 sua
2311 767 2479 828 curia
2511 767 2834 844 residebat,
2866 768 3034 829 diem
3065 769 3235 831 clau—

611 875 753 936 dere
786 875 1102 954 contingat
1136 892 1500 952 extremum,
1536 872 1892 951 cardinales,
1937 874 2047 954 qui
2081 873 2307 936 fuerint
2338 875 2403 935 in
2433 874 2671 936 civitate
2704 875 2837 957 ipsa
2871 891 3236 958 praesentes,

532 1025 556 1071 5
611 985 895 1043 absentes
939 996 1285 1063 exspectare
1333 982 1551 1043 decem
1583 980 1801 1041 diebus
1831 981 2276 1043 tantummodo
2305 996 2649 1044 teneantur.
2713 980 2964 1057 Quibus
2996 982 3235 1063 elapsis,

610 1090 736 1152 sive
767 1092 1050 1153 absentes
1082 1088 1359 1151 venerint
1390 1088 1515 1150 sive
1550 1108 1702 1165 non,
1737 1103 1961 1150 extunc
1991 1106 2215 1149 omnes
2247 1088 2620 1151 conveniant
2652 1088 2715 1151 in
2746 1090 2990 1172 palatio,
3020 1089 3085 1150 in
3105 1108 3234 1169 quo

614 1197 776 1259 idem
809 1195 1095 1258 Pontifex
1126 1197 1455 1274 habitabat,
1489 1196 1764 1257 contenti
1797 1196 2029 1278 singuli
2061 1197 2321 1276 singulis
2351 1199 2794 1259 tantummodo
2827 1197 3234 1259 servientibus

613 1304 846 1364 clericis
877 1305 974 1366 vel
1005 1304 1192 1381 laicis,
1242 1320 1431 1385 prout
1463 1303 1751 1365 duxerint
1781 1303 2158 1383 eligendum.
2189 1304 2308 1367 Illis
2338 1319 2568 1383 tamen,
2614 1306 2844 1385 quibus
2878 1319 3092 1387 patens
3125 1324 3236 1366 ne-

613 1411 859 1471 cessitas
902 1411 966 1472 id
1009 1412 1283 1491 suggerit
1330 1411 1661 1490 indulgeri,
1711 1410 1872 1472 duos
1919 1411 2143 1472 habere
2190 1412 2618 1495 permittimus,
2653 1413 2886 1474 eisdem
2919 1411 3235 1473 electionis

511 1561 560 1594 ,0
614 1516 861 1578 arbitrio
892 1534 1220 1579 reservam.
1253 1519 1319 1580 In
1352 1519 1578 1580 eodem
1610 1534 1817 1580 autem
1852 1519 2077 1601 palatio
2111 1538 2308 1582 unum
2344 1521 2649 1599 conclave,
2670 1520 2846 1582 nullo
2868 1520 3237 1582 intermedio

616 1624 842 1703 pariete
887 1644 996 1685 seu
1044 1624 1164 1687 alio
1208 1626 1533 1704 velamine,
1581 1643 1803 1687 omnes
1850 1626 2191 1688 inhabitent
2222 1627 2289 1688 in
2322 1627 2663 1705 communi,
2699 1628 2894 1708 quod,
2932 1644 3237 1689 reservato

615 1731 811 1793 libero
860 1732 937 1793 ad
987 1747 1281 1794 secretam
1336 1752 1642 1794 cameram
1694 1733 1884 1811 aditu,
1932 1734 2009 1794 ita
2057 1734 2379 1795 claudatur
2410 1735 2708 1815 undique,
2743 1750 2810 1796 ut
2842 1735 3050 1797 nullus
3082 1735 3236 1796 illud

615 1839 837 1900 intrare
870 1839 1065 1900 valeat
1097 1839 1190 1900 vel
1224 1839 1400 1901 exire.
1468 1840 1641 1902 Nulli
1673 1841 1750 1901 ad
1785 1842 2039 1902 eosdem
2070 1841 2407 1904 cardinales
2439 1843 2642 1904 aditus
2672 1858 2893 1925 pateat,
2915 1843 3009 1904 vel
3044 1842 3238 1904 facul·

613 1961 702 2006 tas
736 1961 964 2008 secrete
998 1947 1298 2026 loquendi
1331 1967 1476 2009 cum
1507 1949 1614 2025 eis,
1648 1968 1764 2010 nec
1796 1949 1912 2029 ipsi
1943 1949 2184 2029 aliquos
2218 1952 2293 2012 ad
2327 1971 2391 2012 se
2423 1951 2739 2013 venientes
2759 1950 3097 2028 admittant,
3119 1950 3236 2010 nisi

512 2094 558 2138 ,5
616 2072 740 2129 eos,
787 2055 897 2134 qui
944 2056 1020 2115 de
1068 2055 1381 2117 voluntate
1430 2056 1717 2117 omniurn
1750 2056 2157 2117 cardinalium
2191 2057 2343 2118 inibi
2377 2058 2792 2138 praesentium
2830 2077 2945 2139 pro
2977 2057 3073 2118 his
3102 2071 3238 2117 tan-

615 2177 767 2239 tum,
792 2181 951 2241 quae
987 2163 1067 2224 ad
1098 2162 1415 2224 electionis
1437 2163 1715 2224 instantis
1735 2165 2057 2245 negotium
2079 2165 2408 2246 pertinent,
2432 2180 2815 2227 vocarentur.
2849 2164 3019 2238 Nulli
3055 2163 3237 2224 etiam

616 2267 705 2328 fas
747 2269 840 2346 sit,
889 2269 1035 2352 ipsis
1068 2269 1479 2331 cardinalibus
1509 2271 1606 2331 vel
1638 2290 1860 2333 eorum
1893 2272 2075 2334 alicui
2111 2272 2413 2333 nuncium
2447 2272 2685 2333 mittere
2718 2272 2813 2332 vel
2845 2271 3231 2351 scripturam;

614 2376 722 2455 qui
756 2396 903 2438 vero
938 2393 1150 2438 contra
1185 2378 1412 2456 fecerit,
1446 2377 1805 2458 scripturam
1839 2379 2144 2441 mittendo
2176 2379 2273 2439 vel
2305 2379 2636 2456 nuncium,
2685 2395 2789 2440 aut
2835 2397 2979 2439 cum
3026 2377 3236 2457 aliquo

616 2483 898 2563 ipsorum
932 2500 1162 2545 secrete
1194 2485 1537 2565 loquendO,
1569 2485 1705 2566 ipso
1739 2485 1898 2547 facto
1931 2487 2299 2548 sententiam
2332 2483 2997 2548 excommunicationis
3028 2485 3235 2546 incur-

506 2624 561 2657 ,ο
614 2606 720 2651 rat.
783 2590 848 2651 In
895 2590 1173 2652 conclavi
1218 2607 1421 2652 tamen
1466 2591 1776 2672 praedicto
1818 2591 2027 2672 aliqua
2061 2592 2318 2653 fenestra
2351 2608 2712 2673 competens
2745 2591 3099 2667 dimittatur,
3130 2610 3239 2672 per

616 2717 806 2777 quam
840 2697 1074 2760 eisdem
1106 2697 1518 2760 cardinalibus
1537 2698 1612 2759 ad
1636 2698 1867 2760 victum
1897 2699 2230 2761 commode
2264 2699 2601 2761 necessaria
2634 2699 3092 2773 ministrentur3
3129 2699 3237 2760 sed

615 2826 723 2886 per
754 2825 892 2867 eam
925 2806 1080 2867 nulli
1113 2806 1189 2866 ad
1222 2807 1391 2886 ipsos
1425 2820 1628 2886 patere
1662 2807 1856 2887 possit
1888 2808 2218 2886 ingressus
2256 2808 2492 2868 Verum
2523 2807 2592 2885 si,
2627 2807 2823 2888 (quod
2855 2807 3051 2882 absit),
3083 2805 3237 2868 infra

614 2928 736 2972 tres
787 2913 938 2990 dies,
992 2928 1344 2993 postquam,
1394 2927 1464 2973 ut
1511 2912 1898 2991 praedicitur,
1951 2913 2238 2974 conclave
2285 2913 2630 2994 praefatum
2674 2913 2861 2974 iidem
2903 2912 3238 2973 cardinales

616 3018 1005 3094 intraverint,
1027 3037 1155 3079 non
1192 3018 1375 3080 fuerit
1405 3017 1521 3099 ipsi
1556 3019 1841 3080 ecclesiae
1876 3020 1951 3080 de
1985 3037 2224 3102 pastore
2256 3022 2597 3102 provisum,
2633 3039 2739 3102 per
2758 3021 3026 3101 spatium
3047 3019 3233 3099 quin-

509 3159 561 3205 ²5
616 3146 740 3207 que
772 3126 1017 3187 dierum
1048 3126 1403 3187 immediate
1436 3126 1829 3207 sequentium
1864 3127 2124 3207 singulis
2157 3128 2375 3190 diebus
2408 3144 2532 3188 tam
2564 3129 2631 3189 in
2665 3128 2926 3210 prandio
2960 3144 3151 3206 quam
3174 3125 3237 3185 in

616 3253 808 3294 coena
842 3252 969 3295 uno
1002 3233 1140 3294 solo
1175 3231 1409 3294 ferculo
1441 3233 1560 3294 sint
1591 3235 1894 3305 contenti:
1946 3235 2177 3315 quibus
2210 3237 2564 3317 provisione
2597 3256 2728 3298 non
2761 3234 2914 3296 facta
2947 3231 3238 3311 decursis,

615 3355 836 3402 extunc
867 3342 1307 3415 tantummodo
1340 3341 1534 3423 panis,
1569 3341 1783 3403 vinum
1817 3357 1877 3403 et
1896 3363 2057 3423 aqua
2076 3342 2502 3405 ministrentur
2520 3343 2775 3420 eisdem,
2799 3344 3001 3403 donec
3021 3340 3236 3401 eadem

616 3447 888 3529 provisio
938 3450 1369 3529 subsequatur.
1448 3448 1823 3511 Provisionis
1874 3469 2131 3530 quoque
2183 3451 2546 3513 huiusmodi
2600 3451 2909 3531 pendente
2961 3447 3234 3527 negotio,

614 3555 758 3618 dicti
790 3556 1129 3618 cardinales
1162 3555 1319 3616 nihil
1352 3557 1426 3617 de
1461 3575 1697 3617 camera
1723 3557 1921 3637 Papae
1955 3556 2266 3637 recipiant,
2299 3576 2413 3618 nec
2448 3557 2522 3617 de
2556 3556 2688 3618 aliis
2722 3555 2926 3616 eidem
2948 3553 3236 3615 ecclesiae

507 3695 562 3739 ⁴30
615 3679 894 3744 tempore
928 3662 1262 3725 vacationis
1296 3664 1770 3725 obvenientibus
1806 3664 2258 3744 undecunque;
2296 3665 2403 3725 sed
2443 3684 2513 3725 ea
2534 3664 2745 3726 omnia
2768 3663 2898 3744 ipsa
2918 3661 3234 3723 vacatione

616 3770 875 3831 durante
924 3773 1042 3832 sub
1094 3770 1245 3849 eius,
1294 3770 1472 3832 cuius
1519 3769 1664 3831 fidei
1710 3788 1769 3832 et
1814 3769 2165 3850 diligentiae
2212 3791 2451 3832 camera
2497 3770 2713 3832 eadem
2761 3784 2850 3831 est
2882 3768 3232 3843 commissa,

614 3876 895 3939 custodia
941 3894 1251 3957 maneant,
1301 3897 1409 3958 per
1456 3897 1601 3939 eum
1648 3878 2036 3960 dispositioni
2087 3879 2277 3940 futuri
2310 3878 2625 3940 pontificis
2657 3877 3040 3940 reservanda.
3105 3873 3234 3950 Qui

613 4002 843 4066 autem⁸
866 3985 1099 4066 aliquid
1146 3984 1503 4065 receperint,
1547 4000 1874 4047 teneantur
1919 4002 2139 4048 extunc
2171 4008 2204 4048 a
2238 3987 2590 4066 receptione
2620 3983 3045 4065 quorumlibet
3076 3980 3235 4042 redi-

615 4107 796 4153 tuum
844 4092 920 4153 ad
967 4112 1074 4153 eos
1106 4092 1515 4173 spectantium
1549 4093 1873 4172 abstinere,
1909 4094 2108 4156 donec
2142 4094 2217 4155 de
2250 4093 2508 4175 receptis
2539 4093 2736 4154 taliter
2769 4090 3109 4173 plenariam
3140 4109 3234 4150 sa-

506 4227 558 4273 35
614 4197 1023 4259 tisfactionem
1072 4197 1451 4280 impendant.
1512 4199 1708 4261 Iidem
1754 4220 2012 4281 quoque
2057 4201 2398 4263 cardinales
2431 4199 2859 4261 accelerandae
2892 4194 3232 4280 provisioni

614 4302 701 4363 sic
748 4320 964 4364 vacent
1010 4305 1317 4383 attentiuS,
1367 4307 1542 4385 quod
1575 4327 1640 4368 se
1672 4327 2073 4388 nequaquam
2105 4308 2181 4369 de
2215 4308 2336 4369 alio
2370 4307 2623 4388 negotio
2659 4306 3087 4380 intromittant,
3122 4301 3236 4363 nisi

618 4410 824 4471 forsan
872 4411 1197 4473 necessitas
1244 4413 1400 4475 adeo
1449 4433 1679 4495 urgens
1712 4415 2026 4493 incideret,
2059 4416 2234 4495 quod
2267 4434 2375 4476 eos
2407 4427 2716 4494 oporteret
2748 4413 2824 4473 de
2858 4428 3012 4473 terra
3044 4409 3237 4491 ipsius

617 4517 904 4578 ecclesiae
951 4517 1342 4581 defendenda
1388 4522 1481 4582 vel
1533 4521 1663 4583 eius
1709 4538 1877 4604 parte
1923 4522 2129 4602 aliqua
2168 4522 2512 4604 providere,
2545 4521 2639 4581 vel
2674 4519 2790 4581 nisi
2824 4500 3076 4599 aliquod
3109 4532 3236 4578 tam

612 4624 845 4706 grande
895 4639 955 4686 et
999 4641 1124 4686 tam
1192 4626 1443 4688 evidens
1494 4629 1838 4707 periculum
1890 4627 2254 4701 immineret,
2305 4628 2480 4709 quod
2527 4626 2824 4689 omnibus
2869 4640 2929 4686 et
2973 4622 3234 4705 singulis

503 4761 561 4803 40
615 4734 1027 4797 cardinalibus
1073 4734 1498 4816 praesentibus
1544 4737 1931 4798 concorditer
1977 4736 2285 4799 videretur
2329 4736 2417 4797 illi
2448 4736 2725 4796 celeriter
2757 4733 3234 4796 occurrendum.

616 4844 798 4925 Sane,
852 4843 903 4905 si
952 4843 1174 4924 aliquis
1225 4862 1299 4904 ex
1351 4843 1671 4924 praedictis
1718 4843 2132 4905 cardinalibus
2179 4845 2468 4906 conclave
2513 4843 2919 4925 praedictum,
2953 4858 3022 4903 ut
3053 4860 3236 4923 supra

616 4952 992 5035 exprimitur,
1038 4970 1170 5013 non
1214 4950 1543 5030 intraverit,
1592 4969 1695 5012 aut
1740 4952 1974 5016 intrans
2019 4955 2254 5032 absque
2300 4952 2621 5013 manifesta
2656 4971 2838 5013 causa
2872 4949 3237 5011 infirmitatis
