3684 5416
387 1549 437 1581 10

389 2085 433 2127 ¹5

382 2620 438 2651 20

385 3164 436 3208 ²5

383 3913 438 3955 ‘30

1566 378 1736 434 Curia
1777 397 2038 436 romana.
3004 398 3030 450 5
3046 397 3107 452 19

494 560 722 641 quibus
754 560 1019 622 consulti
1055 560 1300 636 fuerint,
1325 561 1508 623 etiam
1530 582 1640 644 per
1672 563 1875 624 literas
1905 563 2125 624 sedulo
2157 563 2636 643 humaniterque
2670 563 3102 645 respondeant,

496 667 702 745 dubia,
751 668 1036 741 rationes,
1087 683 1146 728 et
1190 688 1403 730 causas
1435 669 1867 740 Ecclesiarum,
1913 689 2253 751 earumque
2289 669 2616 751 dignitatis,
2649 669 3104 749 jurisdictionis,

494 775 918 856 exemptioniS,
965 773 1384 851 immunitatis,
1430 774 1680 852 jurium,
1730 776 2213 858 privilegiorum,
2244 794 2301 839 et
2332 777 2736 840 laudabilium
2769 795 3104 839 consuetu·

494 883 714 943 dinum
763 883 1294 944 conservationem
1341 900 1806 958 concernenteS,
1855 884 2185 945 summarie
2232 900 2627 964 cognoscant,
2660 900 2842 965 atque
2875 901 2995 945 tam
3033 904 3103 947 ex

495 989 759 1070 partium
804 989 1113 1071 petitione,
1163 1009 1354 1070 quam
1399 1010 1471 1050 ex
1518 989 1728 1051 officio
1760 1007 2160 1071 componant,
2196 1006 2380 1072 prout
2413 992 2767 1069 honesturn,
2802 1009 3104 1073 opportu-

495 1115 774 1178 numque
807 1096 894 1157 eis
925 1098 1249 1159 videbitur.
1300 1098 1534 1160 Causas
1566 1099 1713 1160 item
1747 1114 1805 1159 et
1838 1099 2284 1160 controversias
2316 1098 2476 1160 inter
2511 1098 2763 1160 eosdem
2799 1100 3105 1161 praelatos

494 1203 569 1264 de
602 1202 1041 1281 jurisdictione,
1075 1204 1266 1266 aliave
1298 1206 1373 1266 de
1408 1224 1590 1267 causa
1624 1223 1886 1284 exortaS,
1934 1206 2078 1267 item
2116 1205 2271 1266 inter
2303 1206 2586 1289 Capitula
2618 1222 2724 1268 aut
2756 1208 3104 1268 obtinentes

495 1310 836 1390 dignitates,
884 1331 952 1371 ac
998 1311 1154 1374 inter
1198 1332 1627 1394 quascumque
1673 1313 2014 1394 singulares
2059 1333 2369 1395 personas,
2419 1330 2476 1375 et
2508 1314 2964 1387 Universitates,
3002 1330 3105 1375 aut

492 1417 778 1480 locorum
827 1418 891 1479 in
942 1420 1387 1502 temporalibus
1435 1421 1757 1493 DominOS‚
1808 1437 2044 1502 praeter
2087 1442 2189 1483 eas
2235 1441 2394 1503 quae
2439 1421 2710 1484 Concilii
2755 1420 3106 1482 Tridentini

492 1525 1053 1608 interpretationem
1100 1527 1372 1609 exigunt.
1417 1528 1510 1588 vel
1555 1528 1837 1590 ordinem
1884 1527 2272 1606 judiciarium
2320 1549 2383 1590 re
2431 1530 2558 1611 ipsa
2592 1530 2925 1610 requirant,
2961 1548 3101 1588 exa-

494 1634 748 1710 minent,
793 1649 978 1713 atque
1025 1634 1420 1696 amicabiliter
1464 1636 1729 1716 desuper
1780 1637 2130 1718 transigere,
2181 1637 2362 1698 etiam
2411 1657 2519 1718 per
2551 1637 2722 1714 alios,
2758 1637 2807 1697 si
2843 1637 2917 1696 ita
2952 1655 3102 1696 con-

491 1743 723 1802 sultum
771 1740 1097 1818 videbitur,
1142 1742 1324 1802 etiam
1358 1756 1520 1803 extra
1555 1742 1888 1803 dioecesim
1921 1760 2154 1805 curent.
2218 1750 2309 1804 Ac
2342 1761 2660 1825 propterea
2694 1744 2769 1805 ad
2808 1743 3105 1804 Ecclesias

492 1848 818 1909 visitandas
863 1848 1097 1929 ubique
1140 1850 1444 1926 locorum,
1492 1849 1554 1910 in
1601 1850 1828 1930 quibus
1876 1850 2225 1912 Christiana
2273 1850 2431 1930 viget
2479 1850 2713 1930 religi0,
2749 1850 3104 1911 visitatores

492 1955 671 2016 nobis
722 1972 1131 2036 praesentent,
1182 1972 1251 2017 ut
1301 1957 1587 2037 exemplo
1640 1959 1703 2020 B.
1739 1958 2022 2036 Gregorii
2058 1957 2291 2037 Magni,
2341 1956 2404 2019 S.
2439 1956 2683 2033 Leonis,
2737 1974 2793 2017 et
2839 1957 3103 2016 aliorum

490 2060 903 2124 Summorum
939 2063 1305 2125 Pontificum
1340 2064 1889 2125 Praedecessorum
1925 2081 2303 2141 nostrorum,
2335 2083 2478 2125 cum
2512 2064 2576 2124 in
2612 2063 2888 2123 Domino
2921 2081 3102 2142 expe-

494 2170 618 2231 dire
669 2171 989 2242 videbitur,
1036 2170 1339 2232 destinare
1374 2173 1704 2232 valeamus
1769 2172 2149 2233 Visitationis
2182 2172 2327 2233 item
2363 2171 2624 2232 formam
2658 2169 2776 2230 illis
2810 2169 3100 2250 praescri-

492 2282 654 2356 bant,
704 2296 771 2340 ut
803 2279 1001 2340 multo
1035 2298 1179 2339 cum
1211 2278 1505 2359 spirituali
1541 2278 1763 2354 fructu,
1798 2294 1856 2340 et
1889 2279 2168 2340 fidelium
2199 2278 2621 2340 aedificatione
2655 2296 2884 2337 munus
2916 2294 3104 2336 suum

492 2386 735 2462 obeant,
768 2386 1291 2466 negotiorumque
1322 2387 1612 2448 omnium
1645 2386 2016 2448 tractationis
2049 2387 2308 2447 modum
2344 2386 2673 2466 assignent,
2692 2405 2762 2444 ac
2785 2383 3103 2464 negligen-

491 2494 657 2570 tiam,
692 2493 742 2553 si
776 2493 1032 2574 quando
1065 2513 1227 2574 opus
1259 2493 1387 2569 erit,
1420 2495 1767 2555 emendent.
1823 2495 2098 2575 Insuper,
2133 2494 2239 2554 ubi
2275 2493 2596 2554 necessitas
2628 2491 2909 2570 exegerit,
2942 2490 3104 2550 viros

491 2621 630 2676 usu,
662 2616 720 2662 et
753 2599 1032 2662 doctrina
1068 2601 1346 2677 idoneOS,
1381 2616 1599 2676 rectos,
1639 2618 1696 2662 et
1730 2602 2014 2662 timentes
2048 2602 2252 2662 Deum
2286 2600 2576 2680 deligant,
2608 2598 2716 2679 qui
2751 2613 3102 2659 nostrarum

492 2708 803 2770 literarum
836 2708 1191 2770 auctoritate
1222 2708 1475 2787 suffulti,
1514 2708 1811 2770 Ecclesias
1845 2726 1912 2771 ut
1944 2708 2162 2771 Vicarii
2184 2707 2523 2791 Apostolici
2554 2722 2781 2789 regant.
2820 2704 3103 2785 Denique

496 2816 748 2877 eosdem
780 2816 1141 2878 Cardinales
1172 2816 1577 2877 immunitatis
1612 2815 2015 2878 Ecclesiarum
2059 2817 2437 2893 defensoreS,
2484 2817 2561 2877 ad
2593 2815 2902 2876 tuendum
2938 2811 3103 2893 ipso-

493 2942 632 2984 rum
670 2924 1086 2984 Praelatorum
1133 2942 1448 3004 personaS,
1495 2943 1607 3002 reS,
1662 2940 1718 2985 et
1753 2926 1917 2985 bona
1949 2943 2384 3004 quaecumque
2421 2922 2830 2984 Ecclesiarum
2863 2918 3101 3001 praedi-

493 3047 747 3107 ctarum,
796 3033 872 3092 ab
918 3032 1202 3092 omnium
1252 3030 1487 3108 injuriis
1533 3046 1716 3113 atque
1762 3032 2272 3113 oppressionibus
2317 3032 2610 3092 adversus
2660 3044 3104 3110 quoscumque

494 3138 706 3217 quavis
739 3138 1092 3199 auctoritate
1127 3137 1575 3219 praefulgentes
1610 3139 2063 3202 constituimus,

800 3368 1220 3449 Congregatt'o
1255 3368 1455 3441 XIII,
1475 3378 1598 3449 pro
1647 3369 1795 3441 Ve'is,
1827 3369 2154 3441 PontibuS,
2187 3376 2246 3429 et
2276 3371 2473 3449 Aquis
2504 3370 2816 3430 curandis,

711 3566 781 3625 Et
828 3565 1130 3644 quoniam
1179 3582 1360 3624 curae
1394 3579 1452 3624 et
1485 3564 1870 3643 cognitiones
1904 3579 2146 3624 nostrae
2182 3565 2260 3624 ita
2293 3564 2355 3624 in
2388 3564 2742 3624 communis
2778 3563 2924 3625 boni
2962 3582 3105 3644 pro-

493 3671 806 3732 curatione
855 3670 1086 3733 defixae
1135 3687 1297 3744 sunt,
1358 3686 1425 3731 ut
1477 3671 1627 3731 dum
1681 3670 1960 3750 graviora
2011 3671 2369 3751 majoraque
2422 3671 2832 3752 disponimus,
2887 3688 3106 3730 eorum

493 3779 676 3839 etiam
728 3798 887 3859 quae
943 3778 1180 3839 minora
1226 3779 1527 3847 videntur,
1592 3797 1720 3839 non
1774 3776 2224 3856 obliviscamur,
2279 3778 2754 3848 consideranteS,
2805 3777 2976 3857 quod
3030 3777 3105 3837 ad

493 3885 709 3946 Almae
748 3885 947 3958 Urbis,
977 3887 1389 3966 locorumque
1423 3885 1671 3946 ditionis
1705 3899 1948 3945 nostrae
1974 3885 2421 3945 Ecclesiasticae
2456 3901 2917 3958 ornamentum,
2951 3883 3107 3944 ae’ris

493 3992 927 4067 salubritatem,
960 3992 1208 4068 civium,
1244 3992 1717 4073 incolarumque
1754 3991 2093 4069 utilitatem,
2128 4012 2196 4053 ac
2229 3995 2302 4053 ad
2339 3992 2833 4072 peregrinorum,
2871 3992 3106 4070 iterque

492 4099 805 4179 agentium
857 4101 1382 4169 commoditatem,
1428 4119 1647 4160 eorum
1696 4100 2050 4179 praesertim
2098 4100 2204 4179 qui
2239 4100 2314 4160 ad
2351 4101 2509 4160 banc
2545 4099 2962 4180 Apostolicam
2997 4097 3105 4157 Se-

492 4207 654 4284 dem,
690 4221 749 4266 et
783 4206 1228 4287 Apostolorum
1265 4206 1494 4281 limina,
1528 4222 1741 4287 totque
1774 4221 1979 4267 sancta
2014 4206 2147 4267 loca
2181 4206 2724 4267 innumerabilium
2761 4205 3100 4285 Martyrum

492 4313 788 4393 sanguine
841 4330 1187 4374 consecrata
1239 4316 1337 4394 pie
1389 4314 1682 4376 visitanda
1734 4332 2114 4376 concurrunt
2166 4314 2485 4395 permagni
2537 4314 2779 4374 interest
2827 4313 3103 4390 Viarum,

418 4454 435 4486 ·.
492 4419 807 4498 Pontium,
843 4436 899 4480 et
935 4426 1260 4500 Aquarum
1293 4422 1546 4483 curatio·

707 4537 736 4596 S
784 4548 831 4588 1.
882 4528 1013 4587 Nos
1046 4527 1272 4587 idcirco
1309 4528 1451 4588 huic
1483 4528 1565 4587 rei
1601 4528 2005 4601 consulenteS,
2038 4528 2397 4588 Cardinales
2430 4548 2530 4587 sex
2565 4527 2720 4587 infra
2754 4526 3107 4586 nominatos

493 4635 943 4716 deputavimus,
977 4635 1208 4715 quibus
1236 4635 1578 4696 facultatem
1604 4636 1823 4696 damus
1846 4636 1968 4695 vias
1991 4637 2266 4713 curandi,
2292 4636 2623 4715 aperiendi,
2642 4631 2988 4707 muniendi,
3012 4632 3105 4691 di-

493 4742 753 4822 rigendi,
787 4741 1097 4822 saetasque
1129 4743 1365 4819 tuendi,
1400 4758 1728 4804 coarctatas
1762 4743 2068 4819 dilatandi,
2103 4760 2334 4804 veteres
2368 4742 2488 4819 jam
2523 4758 2850 4822 occupatas
2883 4739 3105 4799 iterum

492 4847 555 4908 in
590 4849 911 4930 publicum
946 4869 1133 4911 usum
1165 4849 1529 4910 vendicandi
1563 4865 1621 4910 et
1654 4850 1988 4929 redigendi.
2025 4852 2247 4911 Pontes
2281 4851 2423 4910 item
2462 4848 2692 4926 tuendi,
2714 4864 2772 4908 et
2808 4846 2913 4906 ubi
2945 4864 3106 4925 opus

493 4972 600 5031 est,
648 4976 848 5018 novos
889 4958 1229 5036 extruendi,
1278 4976 1631 5036 veteresque
1678 4958 1971 5018 ruinosos
2017 4957 2410 5035 instaurandi,
2457 4976 2512 5017 et
2546 4955 2665 5034 jam
2701 4955 3023 5036 collapSOS,
3055 4952 3103 5012 si
