3684 5416
348 1607 399 1639 10

350 2140 396 2184 15

349 2710 405 2741 20

350 3278 404 3321 25

357 3869 412 3914 30

358 4403 411 4448 35

361 4975 417 5014 40

1319 370 1567 426 Ordines
1607 386 1662 425 et
1703 372 2202 444 congregationes.
2960 378 3066 450 649

449 571 595 613 cum
629 552 804 631 ipsis;
855 569 913 613 et
946 553 1270 614 recedente
1304 573 1402 614 me
1435 556 1510 614 ab
1543 554 1712 635 ipsis,
1748 556 1810 616 id
1845 558 2022 637 quod
2056 557 2376 620 videbatur
2408 559 2558 620 mihi
2592 580 2892 638 amarum,
2917 581 3067 623 con-

451 679 699 721 versum
735 659 847 721 fuit
881 660 1034 720 mihi
1068 660 1131 720 in
1167 660 1564 721 dulcedinem
1595 661 1835 723 animae
1869 681 1925 724 et
1959 664 2253 745 corporis
2307 666 2380 727 Et
2415 682 2624 747 postea
2659 687 2875 747 parum
2910 667 3062 742 steti,

451 783 509 828 et
543 767 697 828 exivi
733 768 807 827 de
841 768 1105 828 saeculo.

665 910 691 968 ς
731 919 786 960 2.
835 901 910 960 Et
942 899 1256 962 Dominus
1297 901 1463 962 dedit
1498 902 1646 962 mihi
1681 903 1866 963 talem
1902 902 2089 964 tidem
2123 905 2186 964 in
2220 905 2522 985 Ecclesiis,
2557 922 2624 967 ut
2657 906 2736 967 ita
2774 907 3068 987 simplici-

449 1023 537 1068 ter
582 1007 900 1068 adorarem
954 1023 1013 1067 et
1059 1007 1354 1076 dicerem:
1408 1010 1761 1070 Adoramus
1807 1026 1884 1084 te,
1921 1011 2301 1072 sanctissime
2334 1012 2603 1074 Domine
2637 1013 2771 1075 lesu
2805 1015 3068 1089 Christe,

452 1131 511 1175 et
556 1114 631 1175 ad
680 1134 901 1175 omnes
935 1115 1234 1176 Ecclesias
1280 1132 1436 1192 tuas,
1472 1136 1631 1196 quae
1668 1134 1814 1178 sunt
1847 1117 1911 1178 in
1944 1134 2077 1180 toto
2114 1121 2374 1205 mund0,
2409 1134 2467 1181 et
2500 1120 2929 1182 benedicimus
2960 1121 3066 1182 tibi

452 1222 596 1301 quia
632 1240 739 1301 per
771 1240 1043 1283 sanctam
1076 1221 1345 1283 Crucem
1380 1240 1550 1285 tuam
1584 1224 1882 1286 redimisti
1917 1226 2247 1287 mundum.

665 1364 692 1423 S
732 1375 783 1434 3.
820 1355 1033 1415 Postea
1066 1356 1234 1417 dedit
1266 1357 1417 1418 mihi
1455 1359 1785 1435 DominuS,
1822 1373 1878 1418 et
1911 1359 2013 1417 dat
2045 1374 2273 1419 tantam
2310 1359 2494 1419 fidem
2529 1358 2592 1419 in
2625 1359 3065 1435 sacerdotibu5‚

453 1462 558 1543 qui
594 1462 808 1522 vivunt
838 1464 1187 1523 secundum
1223 1463 1487 1524 formam
1518 1481 1760 1525 sanctae
1796 1465 2118 1526 Romanae
2155 1465 2456 1526 Ecclesiae
2492 1482 2741 1546 propter
2774 1465 3057 1527 ordinem

451 1570 753 1650 ipsorum,
789 1570 959 1649 quod
996 1569 1044 1629 si
1079 1568 1343 1631 facerent
1378 1571 1531 1631 mihi
1567 1572 2080 1652 persecutionem,
2117 1572 2258 1632 volo
2293 1592 2604 1633 recurrere
2637 1574 2711 1633 ad
2747 1572 2933 1653 ipsos
2993 1571 3067 1632 Et

452 1677 500 1736 si
538 1678 827 1737 haberem
863 1692 1096 1736 tantam
1129 1678 1493 1758 sapientiam
1526 1694 1823 1759 quantam
1847 1678 2150 1740 Salomon
2188 1679 2418 1753 habuit,
2451 1696 2507 1740 et
2541 1679 2881 1741 invenirem
2916 1699 3069 1760 pau-

453 1784 736 1864 perculos
786 1785 1133 1845 sacerdotes
1200 1785 1385 1845 huius
1440 1785 1665 1847 saeculi
1720 1785 1783 1847 in
1832 1785 2118 1846 Ecclesiis
2165 1786 2229 1847 in
2276 1786 2502 1866 quibus
2536 1803 2877 1863 morantur,
2926 1786 3073 1846 nolo

453 1892 798 1972 praedicare
832 1890 986 1951 ultra
1018 1890 1400 1951 voluntatem
1434 1891 1733 1972 ipsorum.
1796 1892 1872 1952 Et
1905 1892 2095 1973 ipsos,
2129 1907 2188 1952 et
2221 1911 2439 1953 omnes
2471 1892 2621 1953 alios
2654 1892 2797 1954 volo
2834 1894 3070 1967 timere,

454 2018 655 2059 amare
702 2015 759 2059 et
807 1999 1114 2059 honorare
1159 1997 1313 2058 sicut
1363 2018 1537 2060 meos
1585 1999 1899 2075 dominos,
1933 2016 1990 2060 et
2024 2000 2171 2061 nolo
2206 1998 2268 2059 in
2305 1999 2470 2080 ipsos
2503 1998 2893 2059 considerare
2929 2017 3074 2078 pec-

455 2121 792 2185 peccatum,
839 2105 983 2186 quia
1033 2104 1226 2165 filiurn
1265 2105 1375 2165 Dei
1423 2106 1706 2166 discerno
1752 2106 1815 2166 in
1863 2106 1967 2178 eis,
2019 2122 2075 2166 et
2109 2105 2348 2167 domini
2383 2106 2502 2166 mei
2536 2120 2700 2177 sunt,
2734 2119 2792 2165 et
2825 2122 3075 2185 propter

458 2214 579 2274 hoc
630 2214 801 2284 facio,
856 2212 1002 2292 quia
1050 2211 1202 2272 nibil
1250 2211 1430 2272 video
1475 2212 1873 2293 corporaliter
1916 2211 1980 2273 in
2031 2212 2155 2274 hoc
2199 2212 2446 2273 saeculo
2498 2214 2575 2274 de
2608 2212 2744 2293 ipso
2777 2211 3075 2271 altissimo

458 2319 615 2380 Filio
654 2320 783 2395 Dei,
836 2320 950 2380 nisi
1001 2320 1462 2382 sanctissimum
1510 2320 1777 2402 Corpus,
1827 2337 1887 2383 et
1932 2322 2387 2383 sanctissimum
2433 2321 2814 2400 Sanguinem
2865 2339 3073 2392 suum,

459 2446 645 2506 quem
684 2426 797 2507 ipsi
833 2427 1153 2507 recipiunt,
1190 2444 1249 2489 et
1281 2427 1394 2508 ipsi
1427 2428 1543 2490 soli
1577 2427 1709 2489 aliis
1742 2428 2185 2490 administrant.

673 2568 702 2627 S
736 2579 794 2637 4.
844 2560 917 2619 Et
966 2560 1113 2620 haec
1160 2560 1536 2621 sanctissima
1573 2562 1861 2642 mysteria
1894 2581 2080 2642 super
2112 2563 2322 2623 omnia
2356 2563 2499 2624 volo
2535 2564 2840 2623 honorare
2876 2576 2934 2622 et
2968 2580 3068 2620 ve-

461 2665 673 2742 nerari,
707 2686 764 2727 et
797 2666 860 2726 in
894 2666 1046 2727 locis
1079 2667 1372 2749 preciosis
1404 2667 1724 2730 collocare.

675 2800 702 2859 s
745 2811 797 2871 5.
840 2791 1230 2852 Sanctissima
1264 2792 1517 2852 nomina
1551 2808 1608 2852 et
1640 2795 1822 2853 verba
1859 2793 2051 2873 ipsius
2085 2794 2465 2875 ubicumque
2498 2795 2794 2855 invenero
2828 2793 2892 2852 in
2925 2791 3075 2852 locis

459 2898 677 2958 illicitis
725 2899 866 2958 volo
916 2898 1220 2976 colligere,
1272 2915 1329 2959 et
1375 2918 1529 2978 rogo
1564 2901 1737 2980 quod
1773 2900 2164 2980 colligantur,
2201 2918 2260 2963 et
2292 2903 2356 2962 in
2389 2902 2540 2962 locis
2574 2899 2848 2961 honestis
2882 2898 3073 2959 collo-

461 3021 694 3066 centur.

675 3140 704 3199 §
740 3133 796 3193 6.
847 3132 1110 3192 Necnon
1161 3151 1382 3195 omnes
1434 3135 1779 3216 theologos,
1832 3137 1941 3217 qui
1997 3137 2344 3197 ministrant
2398 3136 2580 3197 nobis
2632 3137 2811 3195 verba
2847 3134 3072 3208 divina,

463 3239 759 3298 debemus
794 3240 1101 3299 honorare
1135 3255 1192 3300 et
1225 3241 1518 3318 venerari,
1553 3242 1708 3303 sicut
1741 3243 1851 3323 qui
1886 3243 2234 3304 ministrant
2268 3242 2449 3303 nobis
2472 3243 2751 3324 spiritum
2788 3258 2845 3302 et
2878 3241 3082 3301 vitam.

677 3382 705 3442 S
745 3394 799 3438 7.
841 3374 912 3433 Et
945 3390 1274 3454 postquam
1310 3375 1476 3435 dedit
1511 3375 1662 3436 mihi
1697 3376 2008 3436 Dominus
2042 3377 2117 3436 de
2152 3376 2457 3450 fratribus,
2494 3393 2681 3435 nemo
2714 3372 3073 3432 ostendebat

465 3481 615 3540 mibi
651 3481 800 3559 quid
837 3481 1123 3540 deberem
1160 3479 1373 3554 facere,
1408 3482 1515 3541 sed
1550 3481 1681 3561 ipse
1714 3482 2023 3541 Dominus
2058 3482 2342 3541 revelavit
2374 3481 2544 3557 mihi,
2579 3481 2750 3559 quod
2785 3478 3074 3537 deberem

466 3588 664 3648 vivere
706 3588 1054 3648 secundum
1101 3588 1365 3648 formam
1416 3588 1606 3648 sancti
1654 3587 1990 3667 Evangelii,
2040 3603 2096 3648 et
2129 3607 2246 3664 ego
2281 3587 2488 3668 paucis
2525 3586 2718 3647 verbis
2752 3601 2809 3646 et
2842 3582 3079 3664 simpli-

464 3694 637 3755 cibus
673 3693 785 3755 feci
818 3694 1014 3756 scribi.

680 3833 800 3900 58.
852 3831 926 3891 Et
977 3830 1273 3891 dominus
1320 3831 1481 3912 Papa
1528 3828 1915 3891 confirmavit
1959 3827 2128 3888 mihi.
2195 3829 2266 3888 Et
2314 3827 2422 3904 illi,
2471 3826 2580 3907 qui
2627 3825 2955 3886 veniebant
3003 3826 3078 3885 ad

460 3938 886 4017 recipiendum
921 3939 1107 4000 vitam
1143 3940 1339 4016 istam,
1395 3938 1609 4000 omnia
1642 3957 1800 4018 quae
1836 3938 2060 3997 habere
2095 3951 2391 4016 poterant,
2426 3936 2652 3996 dabant
2685 3932 3075 4014 pauperibus,

467 4045 539 4104 Et
571 4064 816 4105 eramus
849 4045 1119 4106 contenti
1152 4045 1362 4106 tunica
1396 4065 1536 4123 una,
1572 4045 1740 4105 intus
1775 4059 1831 4104 et
1867 4042 2011 4104 foris
2045 4041 2361 4123 repeciata,
2396 4040 2503 4121 qui
2539 4040 2845 4112 volebant,
2878 4054 2936 4098 et
2957 4038 3083 4098 cin-

466 4152 616 4231 gulo
652 4167 708 4211 et
742 4152 1000 4216 brachis.

684 4284 711 4343 S
750 4297 804 4353 9.
873 4275 1171 4336 Officium
1218 4275 1575 4336 dicebamus
1627 4293 1744 4334 nos
1791 4272 1990 4334 clerici
2044 4272 2392 4332 secundum
2443 4271 2594 4331 alios
2642 4271 2915 4347 clericos,
2951 4268 3084 4331 laici

467 4382 751 4442 dicebant
784 4383 968 4442 Pater
1014 4389 1243 4456 noster,
1293 4399 1349 4443 et
1401 4383 1542 4443 satis
1592 4381 1859 4441 libenter
1893 4383 2298 4440 manebamus
2333 4379 2394 4439 in
2429 4378 2718 4448 ecclesiis,
2754 4394 2811 4438 et
2844 4397 3089 4438 eramus

470 4488 712 4558 idiotae,
746 4505 803 4549 et
837 4490 1064 4550 subditi
1100 4509 1337 4552 omneS.

686 4634 713 4693 5
762 4646 852 4686 ιο.
888 4625 958 4684 Et
991 4644 1110 4706 ego
1143 4624 1431 4685 manibus
1465 4623 1619 4684 meis
1653 4622 2031 4694 laborabam,
2067 4636 2123 4680 et
2157 4619 2300 4679 volo
2334 4619 2628 4694 laborare,
2661 4634 2721 4679 et
2741 4636 2961 4680 omnes
2982 4617 3079 4677 alii

472 4731 681 4794 fratres
718 4733 837 4791 mei
872 4731 1126 4792 firmiter
1158 4731 1302 4793 volo
1336 4731 1506 4811 quod
1543 4731 1822 4791 laborent
1856 4729 1932 4787 de
1962 4726 2247 4788 laboritio
2280 4728 2453 4807 quod
2487 4727 2746 4808 pertinet
2780 4726 2855 4785 ad
2892 4725 3086 4786 hone-

472 4857 704 4902 statem.
744 4841 816 4900 Et
849 4841 958 4920 qui
993 4841 1271 4901 nesciunt
1305 4839 1559 4915 discant,
1598 4856 1729 4899 non
1763 4853 2014 4917 propter
2034 4834 2432 4915 cupiditatem
2456 4831 2785 4912 recipiendi
2811 4831 3085 4912 precium

471 4948 715 5024 laboriS,
753 4949 859 5008 sed
895 4964 1143 5028 propter
1178 4949 1414 5007 bonum
1451 4945 1828 5026 exemplum,
1866 4959 1922 5004 et
1956 4943 2030 5003 ad
2064 4942 2484 5023 repellendam
2516 4938 2917 5000 ociositatem.
