<?xml version="1.0" encoding="UTF-8"?>
<!DOCTYPE html PUBLIC "-//W3C//DTD XHTML 1.0 Transitional//EN"
    "http://www.w3.org/TR/xhtml1/DTD/xhtml1-transitional.dtd">
<html xmlns="http://www.w3.org/1999/xhtml" xml:lang="en" lang="en">
 <head>
  <title>
</title>
<meta http-equiv="Content-Type" content="text/html;charset=utf-8" />
  <meta name='ocr-system' content='tesseract 3.04.00' />
  <meta name='ocr-capabilities' content='ocr_page ocr_carea ocr_par ocr_line ocrx_word'/>
</head>
<body>
  <div class='ocr_page' id='page_1' title='image "./fontesiuriscano00unkngoog/fontesiuriscano00unkngoog_0679.png"; bbox 0 0 3684 5416; ppageno 0'>
   <div class='ocr_carea' id='block_1_1' title="bbox 332 1567 380 1600">
    <p class='ocr_par' dir='ltr' id='par_1_1' title="bbox 332 1567 380 1600">
     <span class='ocr_line' id='line_1_1' title="bbox 332 1567 380 1600; baseline -0.021 0"><span class='ocrx_word' id='word_1_1' title='bbox 332 1567 380 1600; x_wconf 87' lang='lat' dir='ltr'>to</span> 
     </span>
    </p>
   </div>
   <div class='ocr_carea' id='block_1_2' title="bbox 336 2107 382 2152">
    <p class='ocr_par' dir='ltr' id='par_1_2' title="bbox 336 2107 382 2152">
     <span class='ocr_line' id='line_1_2' title="bbox 336 2107 382 2152; baseline 0 0"><span class='ocrx_word' id='word_1_2' title='bbox 336 2107 382 2152; x_wconf 84' lang='lat'>¹5</span> 
     </span>
    </p>
   </div>
   <div class='ocr_carea' id='block_1_3' title="bbox 334 2640 389 2673">
    <p class='ocr_par' dir='ltr' id='par_1_3' title="bbox 334 2640 389 2673">
     <span class='ocr_line' id='line_1_3' title="bbox 334 2640 389 2673; baseline -0.036 0"><span class='ocrx_word' id='word_1_3' title='bbox 334 2640 389 2673; x_wconf 79' lang='lat'>20</span> 
     </span>
    </p>
   </div>
   <div class='ocr_carea' id='block_1_4' title="bbox 336 3177 386 3221">
    <p class='ocr_par' dir='ltr' id='par_1_4' title="bbox 336 3177 386 3221">
     <span class='ocr_line' id='line_1_4' title="bbox 336 3177 386 3221; baseline 0 0"><span class='ocrx_word' id='word_1_4' title='bbox 336 3177 386 3221; x_wconf 81' lang='lat'>25</span> 
     </span>
    </p>
   </div>
   <div class='ocr_carea' id='block_1_5' title="bbox 342 3709 393 3753">
    <p class='ocr_par' dir='ltr' id='par_1_5' title="bbox 342 3709 393 3753">
     <span class='ocr_line' id='line_1_5' title="bbox 342 3709 393 3753; baseline 0 -12"><span class='ocrx_word' id='word_1_5' title='bbox 342 3709 393 3753; x_wconf 76' lang='lat'>30</span> 
     </span>
    </p>
   </div>
   <div class='ocr_carea' id='block_1_6' title="bbox 344 4245 393 4288">
    <p class='ocr_par' dir='ltr' id='par_1_6' title="bbox 344 4245 393 4288">
     <span class='ocr_line' id='line_1_6' title="bbox 344 4245 393 4288; baseline 0 0"><span class='ocrx_word' id='word_1_6' title='bbox 344 4245 393 4288; x_wconf 79' lang='lat'>35</span> 
     </span>
    </p>
   </div>
   <div class='ocr_carea' id='block_1_7' title="bbox 345 4781 398 4820">
    <p class='ocr_par' dir='ltr' id='par_1_7' title="bbox 345 4781 398 4820">
     <span class='ocr_line' id='line_1_7' title="bbox 345 4781 398 4820; baseline 0 -9"><span class='ocrx_word' id='word_1_7' title='bbox 345 4781 398 4820; x_wconf 79' lang='lat'>⁴0</span> 
     </span>
    </p>
   </div>
   <div class='ocr_carea' id='block_1_8' title="bbox 1302 395 3037 471">
    <p class='ocr_par' dir='ltr' id='par_1_8' title="bbox 1302 395 3037 471">
     <span class='ocr_line' id='line_1_8' title="bbox 1302 395 3037 471; baseline 0.002 -21"><span class='ocrx_word' id='word_1_8' title='bbox 1302 395 1550 451; x_wconf 87' lang='lat' dir='ltr'>Ordines</span> <span class='ocrx_word' id='word_1_9' title='bbox 1590 409 1646 451; x_wconf 90' lang='lat' dir='ltr'>et</span> <span class='ocrx_word' id='word_1_10' title='bbox 1684 395 2189 468; x_wconf 75' lang='lat' dir='ltr'>congregationes,</span> <span class='ocrx_word' id='word_1_11' title='bbox 2943 400 3037 471; x_wconf 72' lang='lat'>63¹</span> 
     </span>
    </p>
   </div>
   <div class='ocr_carea' id='block_1_9' title="bbox 2871 476 3045 481">
    <p class='ocr_par' dir='ltr' id='par_1_9' title="bbox 2871 476 3045 481">
     <span class='ocr_line' id='line_1_9' title="bbox 2871 476 3045 481; baseline 0 0"><span class='ocrx_word' id='word_1_12' title='bbox 2871 476 3045 481; x_wconf 95' lang='lat' dir='ltr'> </span> 
     </span>
    </p>
   </div>
   <div class='ocr_carea' id='block_1_10' title="bbox 429 576 3070 5048">
    <p class='ocr_par' dir='ltr' id='par_1_10' title="bbox 429 576 3070 5048">
     <span class='ocr_line' id='line_1_10' title="bbox 429 576 3047 662; baseline 0.003 -26"><span class='ocrx_word' id='word_1_13' title='bbox 429 576 695 641; x_wconf 87' lang='lat' dir='ltr'>luntates</span> <span class='ocrx_word' id='word_1_14' title='bbox 744 578 884 640; x_wconf 88' lang='lat' dir='ltr'>licet</span> <span class='ocrx_word' id='word_1_15' title='bbox 935 578 1159 639; x_wconf 89' lang='lat' dir='ltr'>habere</span> <span class='ocrx_word' id='word_1_16' title='bbox 1208 578 1272 640; x_wconf 90' lang='lat' dir='ltr'>in</span> <span class='ocrx_word' id='word_1_17' title='bbox 1321 579 1568 661; x_wconf 89' lang='lat' dir='ltr'>propria</span> <span class='ocrx_word' id='word_1_18' title='bbox 1616 597 1928 662; x_wconf 84' lang='lat' dir='ltr'>potestate.</span> <span class='ocrx_word' id='word_1_19' title='bbox 1992 582 2222 644; x_wconf 91' lang='lat' dir='ltr'>Omnia</span> <span class='ocrx_word' id='word_1_20' title='bbox 2257 601 2403 643; x_wconf 87' lang='lat' dir='ltr'>vero</span> <span class='ocrx_word' id='word_1_21' title='bbox 2436 580 2773 647; x_wconf 86' lang='lat' dir='ltr'>necessaria</span> <span class='ocrx_word' id='word_1_22' title='bbox 2807 603 2840 644; x_wconf 87' lang='lat' dir='ltr'>a</span> <span class='ocrx_word' id='word_1_23' title='bbox 2877 583 3047 644; x_wconf 83' lang='lat' dir='ltr'>Patre</span> 
     </span>
     <span class='ocr_line' id='line_1_11' title="bbox 430 684 3045 770; baseline 0.002 -26"><span class='ocrx_word' id='word_1_24' title='bbox 430 703 674 765; x_wconf 89' lang='lat' dir='ltr'>sperare</span> <span class='ocrx_word' id='word_1_25' title='bbox 713 684 1106 746; x_wconf 87' lang='lat' dir='ltr'>Monasterii:</span> <span class='ocrx_word' id='word_1_26' title='bbox 1157 705 1270 747; x_wconf 90' lang='lat' dir='ltr'>nec</span> <span class='ocrx_word' id='word_1_27' title='bbox 1304 686 1646 767; x_wconf 85' lang='lat' dir='ltr'>quidquam</span> <span class='ocrx_word' id='word_1_28' title='bbox 1680 688 1854 749; x_wconf 91' lang='lat' dir='ltr'>liceat</span> <span class='ocrx_word' id='word_1_29' title='bbox 1886 690 2132 765; x_wconf 89' lang='lat' dir='ltr'>habere,</span> <span class='ocrx_word' id='word_1_30' title='bbox 2182 690 2355 770; x_wconf 92' lang='lat' dir='ltr'>quod</span> <span class='ocrx_word' id='word_1_31' title='bbox 2389 691 2595 751; x_wconf 82' lang='lat' dir='ltr'>Abbas</span> <span class='ocrx_word' id='word_1_32' title='bbox 2629 707 2759 751; x_wconf 88' lang='lat' dir='ltr'>non</span> <span class='ocrx_word' id='word_1_33' title='bbox 2792 689 3045 766; x_wconf 86' lang='lat' dir='ltr'>dederit,</span> 
     </span>
     <span class='ocr_line' id='line_1_12' title="bbox 429 791 3049 878; baseline 0.002 -28"><span class='ocrx_word' id='word_1_34' title='bbox 429 808 532 851; x_wconf 90' lang='lat' dir='ltr'>aut</span> <span class='ocrx_word' id='word_1_35' title='bbox 581 791 937 871; x_wconf 87' lang='lat' dir='ltr'>permiserit.</span> <span class='ocrx_word' id='word_1_36' title='bbox 1002 792 1360 874; x_wconf 85' lang='lat' dir='ltr'>Omniaque</span> <span class='ocrx_word' id='word_1_37' title='bbox 1407 795 1703 855; x_wconf 89' lang='lat' dir='ltr'>omnibus</span> <span class='ocrx_word' id='word_1_38' title='bbox 1750 794 1872 856; x_wconf 89' lang='lat' dir='ltr'>sint</span> <span class='ocrx_word' id='word_1_39' title='bbox 1920 796 2302 872; x_wconf 82' lang='lat' dir='ltr'>communia,</span> <span class='ocrx_word' id='word_1_40' title='bbox 2334 812 2401 856; x_wconf 91' lang='lat' dir='ltr'>ut</span> <span class='ocrx_word' id='word_1_41' title='bbox 2432 796 2727 878; x_wconf 87' lang='lat' dir='ltr'>scriptum</span> <span class='ocrx_word' id='word_1_42' title='bbox 2761 811 2883 857; x_wconf 88' lang='lat' dir='ltr'>est:</span> <span class='ocrx_word' id='word_1_43' title='bbox 2938 815 3049 857; x_wconf 92' lang='lat' dir='ltr'>nec</span> 
     </span>
     <span class='ocr_line' id='line_1_13' title="bbox 430 897 3049 983; baseline 0.002 -26"><span class='ocrx_word' id='word_1_44' title='bbox 430 897 766 978; x_wconf 87' lang='lat' dir='ltr'>quisquam</span> <span class='ocrx_word' id='word_1_45' title='bbox 798 917 986 959; x_wconf 88' lang='lat' dir='ltr'>suum</span> <span class='ocrx_word' id='word_1_46' title='bbox 1021 919 1152 959; x_wconf 90' lang='lat' dir='ltr'>esse</span> <span class='ocrx_word' id='word_1_47' title='bbox 1185 899 1417 980; x_wconf 91' lang='lat' dir='ltr'>aliquid</span> <span class='ocrx_word' id='word_1_48' title='bbox 1452 900 1631 975; x_wconf 91' lang='lat' dir='ltr'>dicat,</span> <span class='ocrx_word' id='word_1_49' title='bbox 1666 916 1773 961; x_wconf 88' lang='lat' dir='ltr'>aut</span> <span class='ocrx_word' id='word_1_50' title='bbox 1807 918 2171 981; x_wconf 88' lang='lat' dir='ltr'>praesumat.</span> <span class='ocrx_word' id='word_1_51' title='bbox 2250 901 2445 977; x_wconf 92' lang='lat' dir='ltr'>Quod</span> <span class='ocrx_word' id='word_1_52' title='bbox 2477 902 2527 962; x_wconf 88' lang='lat' dir='ltr'>si</span> <span class='ocrx_word' id='word_1_53' title='bbox 2560 902 2892 983; x_wconf 90' lang='lat' dir='ltr'>quisquam</span> <span class='ocrx_word' id='word_1_54' title='bbox 2929 903 3049 964; x_wconf 85' lang='lat' dir='ltr'>hoc</span> 
     </span>
     <span class='ocr_line' id='line_1_14' title="bbox 430 1003 3045 1087; baseline 0.002 -22"><span class='ocrx_word' id='word_1_55' title='bbox 430 1003 811 1084; x_wconf 88' lang='lat' dir='ltr'>nequissimo</span> <span class='ocrx_word' id='word_1_56' title='bbox 848 1004 993 1065; x_wconf 88' lang='lat' dir='ltr'>vitio</span> <span class='ocrx_word' id='word_1_57' title='bbox 1026 1005 1449 1087; x_wconf 78' lang='lat' dir='ltr'>deprehensus</span> <span class='ocrx_word' id='word_1_58' title='bbox 1485 1006 1665 1068; x_wconf 88' lang='lat' dir='ltr'>fuerit</span> <span class='ocrx_word' id='word_1_59' title='bbox 1697 1008 2003 1086; x_wconf 86' lang='lat' dir='ltr'>delectari,</span> <span class='ocrx_word' id='word_1_60' title='bbox 2038 1010 2447 1070; x_wconf 87' lang='lat' dir='ltr'>admoneatur</span> <span class='ocrx_word' id='word_1_61' title='bbox 2480 1009 2668 1071; x_wconf 88' lang='lat' dir='ltr'>semel</span> <span class='ocrx_word' id='word_1_62' title='bbox 2701 1024 2758 1069; x_wconf 91' lang='lat' dir='ltr'>et</span> <span class='ocrx_word' id='word_1_63' title='bbox 2790 1009 3045 1081; x_wconf 86' lang='lat' dir='ltr'>iterum;</span> 
     </span>
     <span class='ocr_line' id='line_1_15' title="bbox 430 1108 1914 1196; baseline 0.003 -25"><span class='ocrx_word' id='word_1_64' title='bbox 430 1111 478 1171; x_wconf 91' lang='lat' dir='ltr'>si</span> <span class='ocrx_word' id='word_1_65' title='bbox 514 1130 644 1172; x_wconf 89' lang='lat' dir='ltr'>non</span> <span class='ocrx_word' id='word_1_66' title='bbox 677 1112 1113 1187; x_wconf 82' lang='lat' dir='ltr'>emendaverit,</span> <span class='ocrx_word' id='word_1_67' title='bbox 1148 1113 1521 1196; x_wconf 86' lang='lat' dir='ltr'>correptioni</span> <span class='ocrx_word' id='word_1_68' title='bbox 1554 1113 1879 1191; x_wconf 89' lang='lat' dir='ltr'>subjaceat.</span> <span class='ocrx_word' id='word_1_69' title='bbox 1911 1108 1914 1109; x_wconf 38' lang='lat'><em>⁷</em></span> 
     </span>
     <span class='ocr_line' id='line_1_16' title="bbox 645 1218 3052 1305; baseline 0.002 -27"><span class='ocrx_word' id='word_1_70' title='bbox 645 1218 795 1300; x_wconf 85' lang='lat' dir='ltr'>Cap.</span> <span class='ocrx_word' id='word_1_71' title='bbox 830 1218 1107 1281; x_wconf 85' lang='lat' dir='ltr'>XXXIV.</span> <span class='ocrx_word' id='word_1_72' title='bbox 1158 1221 1231 1281; x_wconf 78' lang='lat' dir='ltr'>Si</span> <span class='ocrx_word' id='word_1_73' title='bbox 1272 1241 1478 1282; x_wconf 80' lang='lat' dir='ltr'>omnes</span> <span class='ocrx_word' id='word_1_74' title='bbox 1508 1222 1855 1302; x_wconf 82' lang='lat' dir='ltr'>aequaliter</span> <span class='ocrx_word' id='word_1_75' title='bbox 1885 1223 2146 1284; x_wconf 79' lang='lat' dir='ltr'>debeant</span> <span class='ocrx_word' id='word_1_76' title='bbox 2174 1224 2524 1284; x_wconf 81' lang='lat' dir='ltr'>necessaria</span> <span class='ocrx_word' id='word_1_77' title='bbox 2555 1226 2848 1305; x_wconf 82' lang='lat' dir='ltr'>accipere.</span> <span class='ocrx_word' id='word_1_78' title='bbox 2884 1224 3052 1285; x_wconf 87' lang='lat' dir='ltr'>Sicut</span> 
     </span>
     <span class='ocr_line' id='line_1_17' title="bbox 431 1324 3051 1410; baseline 0.002 -26"><span class='ocrx_word' id='word_1_79' title='bbox 431 1324 728 1405; x_wconf 86' lang='lat' dir='ltr'>scriptum</span> <span class='ocrx_word' id='word_1_80' title='bbox 774 1341 899 1386; x_wconf 87' lang='lat' dir='ltr'>est:</span> <span class='ocrx_word' id='word_1_81' title='bbox 948 1325 1368 1388; x_wconf 85' lang='lat' dir='ltr'>Dividebatur</span> <span class='ocrx_word' id='word_1_82' title='bbox 1412 1328 1708 1410; x_wconf 76' lang='lat' dir='ltr'>singult&#39;S,</span> <span class='ocrx_word' id='word_1_83' title='bbox 1740 1336 1939 1409; x_wconf 81' lang='lat' dir='ltr'>prout</span> <span class='ocrx_word' id='word_1_84' title='bbox 1984 1326 2202 1409; x_wconf 69' lang='lat' dir='ltr'>cuique</span> <span class='ocrx_word' id='word_1_85' title='bbox 2247 1338 2396 1410; x_wconf 82' lang='lat' dir='ltr'>opus</span> <span class='ocrx_word' id='word_1_86' title='bbox 2428 1336 2577 1390; x_wconf 82' lang='lat' dir='ltr'>erat.</span> <span class='ocrx_word' id='word_1_87' title='bbox 2641 1330 2760 1392; x_wconf 90' lang='lat' dir='ltr'>Ubi</span> <span class='ocrx_word' id='word_1_88' title='bbox 2794 1349 2927 1390; x_wconf 92' lang='lat' dir='ltr'>non</span> <span class='ocrx_word' id='word_1_89' title='bbox 2959 1330 3051 1390; x_wconf 92' lang='lat' dir='ltr'>di-</span> 
     </span>
     <span class='ocr_line' id='line_1_18' title="bbox 433 1429 3051 1517; baseline 0.002 -27"><span class='ocrx_word' id='word_1_90' title='bbox 433 1429 648 1504; x_wconf 86' lang='lat' dir='ltr'>cimus,</span> <span class='ocrx_word' id='word_1_91' title='bbox 698 1433 871 1511; x_wconf 92' lang='lat' dir='ltr'>quod</span> <span class='ocrx_word' id='word_1_92' title='bbox 920 1452 1352 1513; x_wconf 87' lang='lat' dir='ltr'>personarum,</span> <span class='ocrx_word' id='word_1_93' title='bbox 1404 1436 1576 1514; x_wconf 91' lang='lat' dir='ltr'>quod</span> <span class='ocrx_word' id='word_1_94' title='bbox 1608 1436 1780 1512; x_wconf 91' lang='lat' dir='ltr'>absit,</span> <span class='ocrx_word' id='word_1_95' title='bbox 1827 1436 2102 1517; x_wconf 86' lang='lat' dir='ltr'>acceptio</span> <span class='ocrx_word' id='word_1_96' title='bbox 2135 1438 2238 1508; x_wconf 87' lang='lat' dir='ltr'>sit;</span> <span class='ocrx_word' id='word_1_97' title='bbox 2296 1436 2403 1497; x_wconf 90' lang='lat' dir='ltr'>sed</span> <span class='ocrx_word' id='word_1_98' title='bbox 2437 1435 2864 1496; x_wconf 84' lang='lat' dir='ltr'>infirmitatum</span> <span class='ocrx_word' id='word_1_99' title='bbox 2899 1454 3051 1496; x_wconf 87' lang='lat' dir='ltr'>con-</span> 
     </span>
     <span class='ocr_line' id='line_1_19' title="bbox 433 1537 3052 1623; baseline 0.002 -26"><span class='ocrx_word' id='word_1_100' title='bbox 433 1537 739 1599; x_wconf 79' lang='lat' dir='ltr'>sideratio,</span> <span class='ocrx_word' id='word_1_101' title='bbox 794 1538 918 1600; x_wconf 91' lang='lat' dir='ltr'>Ubi</span> <span class='ocrx_word' id='word_1_102' title='bbox 950 1539 1060 1620; x_wconf 91' lang='lat' dir='ltr'>qui</span> <span class='ocrx_word' id='word_1_103' title='bbox 1096 1540 1299 1601; x_wconf 89' lang='lat' dir='ltr'>minus</span> <span class='ocrx_word' id='word_1_104' title='bbox 1334 1541 1585 1621; x_wconf 87' lang='lat' dir='ltr'>indiget,</span> <span class='ocrx_word' id='word_1_105' title='bbox 1620 1558 1758 1623; x_wconf 88' lang='lat' dir='ltr'>agat</span> <span class='ocrx_word' id='word_1_106' title='bbox 1794 1544 1930 1603; x_wconf 90' lang='lat' dir='ltr'>Deo</span> <span class='ocrx_word' id='word_1_107' title='bbox 1962 1544 2203 1623; x_wconf 83' lang='lat' dir='ltr'>gratias,</span> <span class='ocrx_word' id='word_1_108' title='bbox 2236 1560 2293 1604; x_wconf 93' lang='lat' dir='ltr'>et</span> <span class='ocrx_word' id='word_1_109' title='bbox 2325 1562 2454 1605; x_wconf 88' lang='lat' dir='ltr'>non</span> <span class='ocrx_word' id='word_1_110' title='bbox 2488 1543 2906 1610; x_wconf 79' lang='lat' dir='ltr'>contristetur:</span> <span class='ocrx_word' id='word_1_111' title='bbox 2944 1542 3052 1621; x_wconf 89' lang='lat' dir='ltr'>qui</span> 
     </span>
     <span class='ocr_line' id='line_1_20' title="bbox 435 1644 3052 1729; baseline 0.002 -27"><span class='ocrx_word' id='word_1_112' title='bbox 435 1663 581 1705; x_wconf 89' lang='lat' dir='ltr'>vero</span> <span class='ocrx_word' id='word_1_113' title='bbox 628 1645 765 1725; x_wconf 90' lang='lat' dir='ltr'>plus</span> <span class='ocrx_word' id='word_1_114' title='bbox 813 1644 1065 1726; x_wconf 88' lang='lat' dir='ltr'>indiget,</span> <span class='ocrx_word' id='word_1_115' title='bbox 1116 1646 1475 1707; x_wconf 90' lang='lat' dir='ltr'>humilietur</span> <span class='ocrx_word' id='word_1_116' title='bbox 1507 1667 1620 1728; x_wconf 91' lang='lat' dir='ltr'>pro</span> <span class='ocrx_word' id='word_1_117' title='bbox 1656 1648 2023 1722; x_wconf 85' lang='lat' dir='ltr'>infirmitate,</span> <span class='ocrx_word' id='word_1_118' title='bbox 2059 1664 2118 1709; x_wconf 90' lang='lat' dir='ltr'>et</span> <span class='ocrx_word' id='word_1_119' title='bbox 2153 1669 2284 1711; x_wconf 91' lang='lat' dir='ltr'>non</span> <span class='ocrx_word' id='word_1_120' title='bbox 2316 1650 2637 1710; x_wconf 84' lang='lat' dir='ltr'>extollatur</span> <span class='ocrx_word' id='word_1_121' title='bbox 2671 1668 2783 1729; x_wconf 92' lang='lat' dir='ltr'>pro</span> <span class='ocrx_word' id='word_1_122' title='bbox 2818 1648 3052 1709; x_wconf 87' lang='lat' dir='ltr'>miseri-</span> 
     </span>
     <span class='ocr_line' id='line_1_21' title="bbox 435 1750 3054 1835; baseline 0.002 -25"><span class='ocrx_word' id='word_1_123' title='bbox 435 1750 673 1823; x_wconf 85' lang='lat' dir='ltr'>cordia;</span> <span class='ocrx_word' id='word_1_124' title='bbox 723 1767 782 1812; x_wconf 90' lang='lat' dir='ltr'>et</span> <span class='ocrx_word' id='word_1_125' title='bbox 815 1752 893 1812; x_wconf 91' lang='lat' dir='ltr'>ita</span> <span class='ocrx_word' id='word_1_126' title='bbox 926 1752 1138 1813; x_wconf 89' lang='lat' dir='ltr'>omnia</span> <span class='ocrx_word' id='word_1_127' title='bbox 1175 1756 1450 1814; x_wconf 90' lang='lat' dir='ltr'>membra</span> <span class='ocrx_word' id='word_1_128' title='bbox 1485 1769 1667 1816; x_wconf 90' lang='lat' dir='ltr'>erunt</span> <span class='ocrx_word' id='word_1_129' title='bbox 1699 1754 1762 1815; x_wconf 91' lang='lat' dir='ltr'>in</span> <span class='ocrx_word' id='word_1_130' title='bbox 1796 1775 1961 1835; x_wconf 88' lang='lat' dir='ltr'>pace.</span> <span class='ocrx_word' id='word_1_131' title='bbox 1997 1762 2157 1816; x_wconf 86' lang='lat' dir='ltr'>Ante</span> <span class='ocrx_word' id='word_1_132' title='bbox 2190 1757 2400 1816; x_wconf 88' lang='lat' dir='ltr'>omnia</span> <span class='ocrx_word' id='word_1_133' title='bbox 2434 1774 2512 1815; x_wconf 91' lang='lat' dir='ltr'>ne</span> <span class='ocrx_word' id='word_1_134' title='bbox 2546 1754 3054 1816; x_wconf 85' lang='lat' dir='ltr'>murmurationis</span> 
     </span>
     <span class='ocr_line' id='line_1_22' title="bbox 437 1856 3050 1943; baseline 0.002 -27"><span class='ocrx_word' id='word_1_135' title='bbox 437 1856 671 1917; x_wconf 87' lang='lat' dir='ltr'>malum</span> <span class='ocrx_word' id='word_1_136' title='bbox 717 1877 830 1938; x_wconf 92' lang='lat' dir='ltr'>pro</span> <span class='ocrx_word' id='word_1_137' title='bbox 876 1858 1294 1939; x_wconf 82' lang='lat' dir='ltr'>qualicunque</span> <span class='ocrx_word' id='word_1_138' title='bbox 1346 1880 1544 1931; x_wconf 79' lang='lat' dir='ltr'>causa,</span> <span class='ocrx_word' id='word_1_139' title='bbox 1597 1860 1661 1921; x_wconf 91' lang='lat' dir='ltr'>in</span> <span class='ocrx_word' id='word_1_140' title='bbox 1694 1861 1908 1941; x_wconf 89' lang='lat' dir='ltr'>aliquo</span> <span class='ocrx_word' id='word_1_141' title='bbox 1941 1863 2360 1943; x_wconf 90' lang='lat' dir='ltr'>qualicunque</span> <span class='ocrx_word' id='word_1_142' title='bbox 2395 1865 2582 1922; x_wconf 88' lang='lat' dir='ltr'>verbo</span> <span class='ocrx_word' id='word_1_143' title='bbox 2614 1862 2710 1922; x_wconf 90' lang='lat' dir='ltr'>vel</span> <span class='ocrx_word' id='word_1_144' title='bbox 2742 1861 3050 1940; x_wconf 80' lang='lat' dir='ltr'>significa-</span> 
     </span>
     <span class='ocr_line' id='line_1_23' title="bbox 437 1963 3051 2050; baseline 0.003 -28"><span class='ocrx_word' id='word_1_145' title='bbox 437 1963 604 2023; x_wconf 90' lang='lat' dir='ltr'>tione</span> <span class='ocrx_word' id='word_1_146' title='bbox 636 1983 940 2044; x_wconf 84' lang='lat' dir='ltr'>appareat.</span> <span class='ocrx_word' id='word_1_147' title='bbox 976 1964 1171 2040; x_wconf 91' lang='lat' dir='ltr'>Quod</span> <span class='ocrx_word' id='word_1_148' title='bbox 1202 1966 1255 2027; x_wconf 87' lang='lat' dir='ltr'>si</span> <span class='ocrx_word' id='word_1_149' title='bbox 1288 1966 1714 2049; x_wconf 89' lang='lat' dir='ltr'>deprehensus</span> <span class='ocrx_word' id='word_1_150' title='bbox 1749 1967 1946 2043; x_wconf 87' lang='lat' dir='ltr'>fuerit,</span> <span class='ocrx_word' id='word_1_151' title='bbox 1981 1968 2329 2029; x_wconf 87' lang='lat' dir='ltr'>districtiori</span> <span class='ocrx_word' id='word_1_152' title='bbox 2354 1968 2711 2050; x_wconf 90' lang='lat' dir='ltr'>disciplinae</span> <span class='ocrx_word' id='word_1_153' title='bbox 2732 1970 3051 2031; x_wconf 87' lang='lat' dir='ltr'>subdatur.</span> 
     </span>
     <span class='ocr_line' id='line_1_24' title="bbox 651 2072 3053 2156; baseline 0.001 -24"><span class='ocrx_word' id='word_1_154' title='bbox 651 2072 804 2152; x_wconf 88' lang='lat' dir='ltr'>Cap.</span> <span class='ocrx_word' id='word_1_155' title='bbox 839 2073 1090 2135; x_wconf 87' lang='lat' dir='ltr'>XXXV.</span> <span class='ocrx_word' id='word_1_156' title='bbox 1155 2073 1257 2134; x_wconf 86' lang='lat' dir='ltr'>De</span> <span class='ocrx_word' id='word_1_157' title='bbox 1288 2076 1769 2156; x_wconf 70' lang='lat' dir='ltr'>septimanariis</span> <span class='ocrx_word' id='word_1_158' title='bbox 1813 2078 2124 2156; x_wconf 80' lang='lat' dir='ltr'>coquinae.</span> <span class='ocrx_word' id='word_1_159' title='bbox 2190 2075 2428 2136; x_wconf 87' lang='lat' dir='ltr'>Fratres</span> <span class='ocrx_word' id='word_1_160' title='bbox 2472 2074 2584 2136; x_wconf 89' lang='lat' dir='ltr'>sibi</span> <span class='ocrx_word' id='word_1_161' title='bbox 2632 2075 2895 2136; x_wconf 88' lang='lat' dir='ltr'>invicem</span> <span class='ocrx_word' id='word_1_162' title='bbox 2928 2096 3053 2135; x_wconf 86' lang='lat' dir='ltr'>ser-</span> 
     </span>
     <span class='ocr_line' id='line_1_25' title="bbox 438 2178 3053 2262; baseline 0.002 -26"><span class='ocrx_word' id='word_1_163' title='bbox 438 2178 625 2254; x_wconf 90' lang='lat' dir='ltr'>viant,</span> <span class='ocrx_word' id='word_1_164' title='bbox 676 2195 742 2261; x_wconf 84' lang='lat' dir='ltr'>ut</span> <span class='ocrx_word' id='word_1_165' title='bbox 789 2180 1001 2241; x_wconf 89' lang='lat' dir='ltr'>nullus</span> <span class='ocrx_word' id='word_1_166' title='bbox 1047 2196 1372 2243; x_wconf 82' lang='lat' dir='ltr'>excusetur</span> <span class='ocrx_word' id='word_1_167' title='bbox 1423 2204 1456 2242; x_wconf 90' lang='lat' dir='ltr'>a</span> <span class='ocrx_word' id='word_1_168' title='bbox 1502 2183 1809 2262; x_wconf 91' lang='lat' dir='ltr'>coquinae</span> <span class='ocrx_word' id='word_1_169' title='bbox 1844 2180 2085 2256; x_wconf 80' lang='lat' dir='ltr'>offici03</span> <span class='ocrx_word' id='word_1_170' title='bbox 2123 2181 2240 2243; x_wconf 90' lang='lat' dir='ltr'>nisi</span> <span class='ocrx_word' id='word_1_171' title='bbox 2273 2197 2379 2243; x_wconf 92' lang='lat' dir='ltr'>aut</span> <span class='ocrx_word' id='word_1_172' title='bbox 2411 2182 2816 2261; x_wconf 87' lang='lat' dir='ltr'>aegritudine,</span> <span class='ocrx_word' id='word_1_173' title='bbox 2852 2199 2955 2242; x_wconf 88' lang='lat' dir='ltr'>aut</span> <span class='ocrx_word' id='word_1_174' title='bbox 2989 2182 3053 2242; x_wconf 89' lang='lat' dir='ltr'>in</span> 
     </span>
     <span class='ocr_line' id='line_1_26' title="bbox 438 2286 3056 2370; baseline 0.001 -25"><span class='ocrx_word' id='word_1_175' title='bbox 438 2303 620 2346; x_wconf 88' lang='lat' dir='ltr'>causa</span> <span class='ocrx_word' id='word_1_176' title='bbox 668 2286 868 2363; x_wconf 87' lang='lat' dir='ltr'>gravis</span> <span class='ocrx_word' id='word_1_177' title='bbox 914 2287 1188 2348; x_wconf 89' lang='lat' dir='ltr'>utilitatis</span> <span class='ocrx_word' id='word_1_178' title='bbox 1234 2289 1373 2368; x_wconf 89' lang='lat' dir='ltr'>quis</span> <span class='ocrx_word' id='word_1_179' title='bbox 1418 2303 1759 2370; x_wconf 89' lang='lat' dir='ltr'>occupatus</span> <span class='ocrx_word' id='word_1_180' title='bbox 1806 2288 2019 2349; x_wconf 88' lang='lat' dir='ltr'>fuerit:</span> <span class='ocrx_word' id='word_1_181' title='bbox 2071 2289 2213 2368; x_wconf 90' lang='lat' dir='ltr'>quia</span> <span class='ocrx_word' id='word_1_182' title='bbox 2248 2289 2470 2351; x_wconf 88' lang='lat' dir='ltr'>exinde</span> <span class='ocrx_word' id='word_1_183' title='bbox 2503 2289 2700 2349; x_wconf 91' lang='lat' dir='ltr'>maior</span> <span class='ocrx_word' id='word_1_184' title='bbox 2734 2307 2965 2349; x_wconf 87' lang='lat' dir='ltr'>merces</span> <span class='ocrx_word' id='word_1_185' title='bbox 2998 2305 3056 2349; x_wconf 90' lang='lat' dir='ltr'>et</span> 
     </span>
     <span class='ocr_line' id='line_1_27' title="bbox 439 2391 3057 2476; baseline 0.002 -26"><span class='ocrx_word' id='word_1_186' title='bbox 439 2391 697 2452; x_wconf 87' lang='lat' dir='ltr'>charitas</span> <span class='ocrx_word' id='word_1_187' title='bbox 748 2394 1100 2473; x_wconf 88' lang='lat' dir='ltr'>acquiritur.</span> <span class='ocrx_word' id='word_1_188' title='bbox 1163 2395 1576 2457; x_wconf 86' lang='lat' dir='ltr'>Imbecillibus</span> <span class='ocrx_word' id='word_1_189' title='bbox 1625 2412 1833 2457; x_wconf 90' lang='lat' dir='ltr'>autem</span> <span class='ocrx_word' id='word_1_190' title='bbox 1886 2411 2300 2476; x_wconf 87' lang='lat' dir='ltr'>procurentur</span> <span class='ocrx_word' id='word_1_191' title='bbox 2349 2395 2581 2474; x_wconf 87' lang='lat' dir='ltr'>solatia,</span> <span class='ocrx_word' id='word_1_192' title='bbox 2635 2410 2705 2457; x_wconf 89' lang='lat' dir='ltr'>ut</span> <span class='ocrx_word' id='word_1_193' title='bbox 2751 2415 2878 2457; x_wconf 88' lang='lat' dir='ltr'>non</span> <span class='ocrx_word' id='word_1_194' title='bbox 2913 2415 3057 2456; x_wconf 92' lang='lat' dir='ltr'>cum</span> 
     </span>
     <span class='ocr_line' id='line_1_28' title="bbox 440 2500 3056 2583; baseline 0.002 -23"><span class='ocrx_word' id='word_1_195' title='bbox 440 2500 674 2560; x_wconf 88' lang='lat' dir='ltr'>tristitia</span> <span class='ocrx_word' id='word_1_196' title='bbox 721 2502 845 2562; x_wconf 91' lang='lat' dir='ltr'>hoc</span> <span class='ocrx_word' id='word_1_197' title='bbox 878 2500 1132 2575; x_wconf 86' lang='lat' dir='ltr'>faciant;</span> <span class='ocrx_word' id='word_1_198' title='bbox 1183 2503 1290 2563; x_wconf 88' lang='lat' dir='ltr'>sed</span> <span class='ocrx_word' id='word_1_199' title='bbox 1326 2503 1588 2564; x_wconf 89' lang='lat' dir='ltr'>habeant</span> <span class='ocrx_word' id='word_1_200' title='bbox 1621 2522 1845 2564; x_wconf 88' lang='lat' dir='ltr'>omnes</span> <span class='ocrx_word' id='word_1_201' title='bbox 1875 2502 2085 2564; x_wconf 92' lang='lat' dir='ltr'>solatia</span> <span class='ocrx_word' id='word_1_202' title='bbox 2118 2504 2468 2564; x_wconf 89' lang='lat' dir='ltr'>secundum</span> <span class='ocrx_word' id='word_1_203' title='bbox 2500 2503 2762 2563; x_wconf 91' lang='lat' dir='ltr'>modum</span> <span class='ocrx_word' id='word_1_204' title='bbox 2795 2521 3056 2583; x_wconf 87' lang='lat' dir='ltr'>congre·</span> 
     </span>
     <span class='ocr_line' id='line_1_29' title="bbox 438 2606 3055 2690; baseline 0.002 -24"><span class='ocrx_word' id='word_1_205' title='bbox 438 2606 720 2685; x_wconf 79' lang='lat' dir='ltr'>gationiS,</span> <span class='ocrx_word' id='word_1_206' title='bbox 754 2623 860 2669; x_wconf 92' lang='lat' dir='ltr'>aut</span> <span class='ocrx_word' id='word_1_207' title='bbox 891 2608 1268 2689; x_wconf 88' lang='lat' dir='ltr'>positionem</span> <span class='ocrx_word' id='word_1_208' title='bbox 1302 2609 1442 2671; x_wconf 88' lang='lat' dir='ltr'>loci.</span> <span class='ocrx_word' id='word_1_209' title='bbox 1509 2610 1573 2670; x_wconf 88' lang='lat' dir='ltr'>Si</span> <span class='ocrx_word' id='word_1_210' title='bbox 1621 2609 1817 2687; x_wconf 87' lang='lat' dir='ltr'>major</span> <span class='ocrx_word' id='word_1_211' title='bbox 1852 2609 2035 2671; x_wconf 87' lang='lat' dir='ltr'>fuerit</span> <span class='ocrx_word' id='word_1_212' title='bbox 2069 2611 2506 2690; x_wconf 83' lang='lat' dir='ltr'>CongregatiO,</span> <span class='ocrx_word' id='word_1_213' title='bbox 2539 2609 2841 2672; x_wconf 86' lang='lat' dir='ltr'>Cellarius</span> <span class='ocrx_word' id='word_1_214' title='bbox 2874 2629 3055 2671; x_wconf 81' lang='lat' dir='ltr'>excu-</span> 
     </span>
     <span class='ocr_line' id='line_1_30' title="bbox 439 2716 3054 2799; baseline 0.002 -25"><span class='ocrx_word' id='word_1_215' title='bbox 439 2729 605 2775; x_wconf 89' lang='lat' dir='ltr'>setur</span> <span class='ocrx_word' id='word_1_216' title='bbox 638 2737 669 2774; x_wconf 92' lang='lat' dir='ltr'>a</span> <span class='ocrx_word' id='word_1_217' title='bbox 705 2716 995 2795; x_wconf 87' lang='lat' dir='ltr'>coquina,</span> <span class='ocrx_word' id='word_1_218' title='bbox 1044 2718 1137 2777; x_wconf 88' lang='lat' dir='ltr'>vel</span> <span class='ocrx_word' id='word_1_219' title='bbox 1184 2718 1232 2777; x_wconf 92' lang='lat' dir='ltr'>si</span> <span class='ocrx_word' id='word_1_220' title='bbox 1266 2718 1397 2798; x_wconf 92' lang='lat' dir='ltr'>qui,</span> <span class='ocrx_word' id='word_1_221' title='bbox 1436 2734 1501 2779; x_wconf 93' lang='lat' dir='ltr'>ut</span> <span class='ocrx_word' id='word_1_222' title='bbox 1534 2718 1822 2794; x_wconf 87' lang='lat' dir='ltr'>diximus,</span> <span class='ocrx_word' id='word_1_223' title='bbox 1862 2717 2199 2797; x_wconf 88' lang='lat' dir='ltr'>majoribus</span> <span class='ocrx_word' id='word_1_224' title='bbox 2242 2718 2602 2779; x_wconf 88' lang='lat' dir='ltr'>utilitatibus</span> <span class='ocrx_word' id='word_1_225' title='bbox 2635 2734 3054 2799; x_wconf 89' lang='lat' dir='ltr'>occupantur;</span> 
     </span>
     <span class='ocr_line' id='line_1_31' title="bbox 441 2821 3052 2907; baseline 0.002 -26"><span class='ocrx_word' id='word_1_226' title='bbox 441 2821 656 2882; x_wconf 90' lang='lat' dir='ltr'>caeteri</span> <span class='ocrx_word' id='word_1_227' title='bbox 703 2823 816 2882; x_wconf 90' lang='lat' dir='ltr'>sibi</span> <span class='ocrx_word' id='word_1_228' title='bbox 868 2824 1153 2884; x_wconf 87' lang='lat' dir='ltr'>charitate</span> <span class='ocrx_word' id='word_1_229' title='bbox 1205 2825 1470 2885; x_wconf 88' lang='lat' dir='ltr'>invicem</span> <span class='ocrx_word' id='word_1_230' title='bbox 1517 2826 1798 2887; x_wconf 87' lang='lat' dir='ltr'>serviant.</span> <span class='ocrx_word' id='word_1_231' title='bbox 1867 2826 2237 2905; x_wconf 85' lang='lat' dir='ltr'>Egressurus</span> <span class='ocrx_word' id='word_1_232' title='bbox 2286 2827 2361 2887; x_wconf 91' lang='lat' dir='ltr'>de</span> <span class='ocrx_word' id='word_1_233' title='bbox 2408 2823 2751 2907; x_wconf 87' lang='lat' dir='ltr'>septimana</span> <span class='ocrx_word' id='word_1_234' title='bbox 2785 2825 3052 2886; x_wconf 89' lang='lat' dir='ltr'>Sabbato</span> 
     </span>
     <span class='ocr_line' id='line_1_32' title="bbox 441 2928 3054 3014; baseline 0.002 -27"><span class='ocrx_word' id='word_1_235' title='bbox 441 2929 781 2989; x_wconf 89' lang='lat' dir='ltr'>munditias</span> <span class='ocrx_word' id='word_1_236' title='bbox 828 2928 1018 2991; x_wconf 85' lang='lat' dir='ltr'>faciat.</span> <span class='ocrx_word' id='word_1_237' title='bbox 1086 2931 1300 2992; x_wconf 88' lang='lat' dir='ltr'>Lintea</span> <span class='ocrx_word' id='word_1_238' title='bbox 1349 2951 1496 2993; x_wconf 90' lang='lat' dir='ltr'>cum</span> <span class='ocrx_word' id='word_1_239' title='bbox 1543 2933 1771 3013; x_wconf 89' lang='lat' dir='ltr'>quibus</span> <span class='ocrx_word' id='word_1_240' title='bbox 1817 2933 1933 2993; x_wconf 90' lang='lat' dir='ltr'>sibi</span> <span class='ocrx_word' id='word_1_241' title='bbox 1973 2933 2180 2994; x_wconf 90' lang='lat' dir='ltr'>fratres</span> <span class='ocrx_word' id='word_1_242' title='bbox 2215 2952 2434 2995; x_wconf 91' lang='lat' dir='ltr'>manus</span> <span class='ocrx_word' id='word_1_243' title='bbox 2466 2953 2535 2993; x_wconf 91' lang='lat' dir='ltr'>ac</span> <span class='ocrx_word' id='word_1_244' title='bbox 2568 2932 2756 3014; x_wconf 89' lang='lat' dir='ltr'>pedes</span> <span class='ocrx_word' id='word_1_245' title='bbox 2788 2946 3054 3012; x_wconf 90' lang='lat' dir='ltr'>tergunt,</span> 
     </span>
     <span class='ocr_line' id='line_1_33' title="bbox 442 3036 3058 3121; baseline 0.002 -26"><span class='ocrx_word' id='word_1_246' title='bbox 442 3036 617 3098; x_wconf 88' lang='lat' dir='ltr'>lavet.</span> <span class='ocrx_word' id='word_1_247' title='bbox 686 3036 876 3097; x_wconf 84' lang='lat' dir='ltr'>Pedes</span> <span class='ocrx_word' id='word_1_248' title='bbox 928 3056 1076 3098; x_wconf 90' lang='lat' dir='ltr'>vero</span> <span class='ocrx_word' id='word_1_249' title='bbox 1127 3055 1247 3099; x_wconf 86' lang='lat' dir='ltr'>tam</span> <span class='ocrx_word' id='word_1_250' title='bbox 1299 3038 1446 3119; x_wconf 90' lang='lat' dir='ltr'>ipse,</span> <span class='ocrx_word' id='word_1_251' title='bbox 1500 3040 1608 3119; x_wconf 92' lang='lat' dir='ltr'>qui</span> <span class='ocrx_word' id='word_1_252' title='bbox 1655 3039 1986 3120; x_wconf 88' lang='lat' dir='ltr'>egreditur,</span> <span class='ocrx_word' id='word_1_253' title='bbox 2037 3059 2226 3120; x_wconf 88' lang='lat' dir='ltr'>quam</span> <span class='ocrx_word' id='word_1_254' title='bbox 2274 3039 2373 3101; x_wconf 94' lang='lat' dir='ltr'>ille</span> <span class='ocrx_word' id='word_1_255' title='bbox 2421 3040 2530 3121; x_wconf 93' lang='lat' dir='ltr'>qui</span> <span class='ocrx_word' id='word_1_256' title='bbox 2579 3041 2913 3100; x_wconf 88' lang='lat' dir='ltr'>intraturus</span> <span class='ocrx_word' id='word_1_257' title='bbox 2953 3053 3058 3117; x_wconf 90' lang='lat' dir='ltr'>est,</span> 
     </span>
     <span class='ocr_line' id='line_1_34' title="bbox 443 3133 3052 3228; baseline 0.001 -24"><span class='ocrx_word' id='word_1_258' title='bbox 443 3143 739 3204; x_wconf 86' lang='lat' dir='ltr'>omnibus</span> <span class='ocrx_word' id='word_1_259' title='bbox 785 3142 1007 3207; x_wconf 86' lang='lat' dir='ltr'>lavent.</span> <span class='ocrx_word' id='word_1_260' title='bbox 1070 3145 1226 3206; x_wconf 88' lang='lat' dir='ltr'>Vasa</span> <span class='ocrx_word' id='word_1_261' title='bbox 1274 3146 1597 3208; x_wconf 89' lang='lat' dir='ltr'>ministerii</span> <span class='ocrx_word' id='word_1_262' title='bbox 1648 3148 1744 3208; x_wconf 89' lang='lat' dir='ltr'>sui</span> <span class='ocrx_word' id='word_1_263' title='bbox 1794 3148 2033 3209; x_wconf 85' lang='lat' dir='ltr'>munda</span> <span class='ocrx_word' id='word_1_264' title='bbox 2080 3163 2138 3208; x_wconf 91' lang='lat' dir='ltr'>et</span> <span class='ocrx_word' id='word_1_265' title='bbox 2169 3167 2314 3209; x_wconf 88' lang='lat' dir='ltr'>sana</span> <span class='ocrx_word' id='word_1_266' title='bbox 2341 3133 2616 3208; x_wconf 56' lang='lat' dir='ltr'>⁸Cellario</span> <span class='ocrx_word' id='word_1_267' title='bbox 2648 3147 3052 3228; x_wconf 88' lang='lat' dir='ltr'>reconsignet.</span> 
     </span>
     <span class='ocr_line' id='line_1_35' title="bbox 445 3250 2964 3335; baseline 0.002 -25"><span class='ocrx_word' id='word_1_268' title='bbox 445 3250 573 3324; x_wconf 92' lang='lat' dir='ltr'>Qui</span> <span class='ocrx_word' id='word_1_269' title='bbox 604 3250 906 3312; x_wconf 91' lang='lat' dir='ltr'>Cellarius</span> <span class='ocrx_word' id='word_1_270' title='bbox 942 3251 1085 3312; x_wconf 90' lang='lat' dir='ltr'>item</span> <span class='ocrx_word' id='word_1_271' title='bbox 1121 3252 1368 3314; x_wconf 89' lang='lat' dir='ltr'>intranti</span> <span class='ocrx_word' id='word_1_272' title='bbox 1403 3254 1749 3332; x_wconf 88' lang='lat' dir='ltr'>consignet,</span> <span class='ocrx_word' id='word_1_273' title='bbox 1788 3271 1856 3316; x_wconf 92' lang='lat' dir='ltr'>ut</span> <span class='ocrx_word' id='word_1_274' title='bbox 1887 3255 2032 3315; x_wconf 90' lang='lat' dir='ltr'>sciat</span> <span class='ocrx_word' id='word_1_275' title='bbox 2066 3255 2219 3335; x_wconf 91' lang='lat' dir='ltr'>quid</span> <span class='ocrx_word' id='word_1_276' title='bbox 2253 3255 2376 3332; x_wconf 89' lang='lat' dir='ltr'>dat,</span> <span class='ocrx_word' id='word_1_277' title='bbox 2411 3272 2516 3316; x_wconf 91' lang='lat' dir='ltr'>aut</span> <span class='ocrx_word' id='word_1_278' title='bbox 2548 3254 2698 3335; x_wconf 85' lang='lat' dir='ltr'>quid</span> <span class='ocrx_word' id='word_1_279' title='bbox 2734 3254 2964 3335; x_wconf 90' lang='lat' dir='ltr'>recipit.</span> 
     </span>
     <span class='ocr_line' id='line_1_36' title="bbox 659 3356 3060 3442; baseline 0.001 -25"><span class='ocrx_word' id='word_1_280' title='bbox 659 3356 1088 3437; x_wconf 75' lang='lat' dir='ltr'>septimanarii</span> <span class='ocrx_word' id='word_1_281' title='bbox 1120 3375 1327 3420; x_wconf 89' lang='lat' dir='ltr'>autem</span> <span class='ocrx_word' id='word_1_282' title='bbox 1360 3376 1496 3420; x_wconf 92' lang='lat' dir='ltr'>ante</span> <span class='ocrx_word' id='word_1_283' title='bbox 1529 3380 1722 3422; x_wconf 90' lang='lat' dir='ltr'>unam</span> <span class='ocrx_word' id='word_1_284' title='bbox 1758 3363 1977 3422; x_wconf 88' lang='lat' dir='ltr'>horam</span> <span class='ocrx_word' id='word_1_285' title='bbox 2011 3362 2361 3423; x_wconf 88' lang='lat' dir='ltr'>refectionis</span> <span class='ocrx_word' id='word_1_286' title='bbox 2392 3361 2691 3442; x_wconf 80' lang='lat' dir='ltr'>accipiant</span> <span class='ocrx_word' id='word_1_287' title='bbox 2723 3379 2908 3440; x_wconf 90' lang='lat' dir='ltr'>super</span> <span class='ocrx_word' id='word_1_288' title='bbox 2940 3378 3060 3420; x_wconf 88' lang='lat' dir='ltr'>sta-</span> 
     </span>
     <span class='ocr_line' id='line_1_37' title="bbox 443 3464 3056 3548; baseline 0 -25"><span class='ocrx_word' id='word_1_289' title='bbox 443 3477 637 3524; x_wconf 88' lang='lat' dir='ltr'>tutam</span> <span class='ocrx_word' id='word_1_290' title='bbox 684 3484 1004 3525; x_wconf 83' lang='lat' dir='ltr'>annonam</span> <span class='ocrx_word' id='word_1_291' title='bbox 1038 3464 1319 3542; x_wconf 82' lang='lat' dir='ltr'>singulos</span> <span class='ocrx_word' id='word_1_292' title='bbox 1352 3466 1611 3544; x_wconf 77' lang='lat' dir='ltr'>bibereS,</span> <span class='ocrx_word' id='word_1_293' title='bbox 1647 3484 1704 3528; x_wconf 94' lang='lat' dir='ltr'>et</span> <span class='ocrx_word' id='word_1_294' title='bbox 1738 3486 1998 3548; x_wconf 89' lang='lat' dir='ltr'>panem;</span> <span class='ocrx_word' id='word_1_295' title='bbox 2055 3484 2121 3528; x_wconf 94' lang='lat' dir='ltr'>ut</span> <span class='ocrx_word' id='word_1_296' title='bbox 2153 3468 2306 3528; x_wconf 91' lang='lat' dir='ltr'>hora</span> <span class='ocrx_word' id='word_1_297' title='bbox 2339 3467 2687 3529; x_wconf 86' lang='lat' dir='ltr'>refectionis</span> <span class='ocrx_word' id='word_1_298' title='bbox 2719 3466 2850 3525; x_wconf 88' lang='lat' dir='ltr'>sine</span> <span class='ocrx_word' id='word_1_299' title='bbox 2886 3484 3056 3525; x_wconf 89' lang='lat' dir='ltr'>mur-</span> 
     </span>
     <span class='ocr_line' id='line_1_38' title="bbox 447 3570 3060 3651; baseline 0.001 -22"><span class='ocrx_word' id='word_1_300' title='bbox 447 3571 811 3642; x_wconf 83' lang='lat' dir='ltr'>muratione,</span> <span class='ocrx_word' id='word_1_301' title='bbox 861 3586 919 3631; x_wconf 91' lang='lat' dir='ltr'>et</span> <span class='ocrx_word' id='word_1_302' title='bbox 966 3571 1132 3651; x_wconf 88' lang='lat' dir='ltr'>gravi</span> <span class='ocrx_word' id='word_1_303' title='bbox 1179 3571 1388 3632; x_wconf 88' lang='lat' dir='ltr'>labore</span> <span class='ocrx_word' id='word_1_304' title='bbox 1422 3573 1686 3634; x_wconf 87' lang='lat' dir='ltr'>serviant</span> <span class='ocrx_word' id='word_1_305' title='bbox 1720 3574 2005 3634; x_wconf 88' lang='lat' dir='ltr'>fratribus</span> <span class='ocrx_word' id='word_1_306' title='bbox 2037 3570 2182 3635; x_wconf 91' lang='lat' dir='ltr'>suis.</span> <span class='ocrx_word' id='word_1_307' title='bbox 2244 3574 2312 3635; x_wconf 93' lang='lat' dir='ltr'>In</span> <span class='ocrx_word' id='word_1_308' title='bbox 2343 3574 2563 3634; x_wconf 90' lang='lat' dir='ltr'>diebus</span> <span class='ocrx_word' id='word_1_309' title='bbox 2594 3587 2801 3633; x_wconf 88' lang='lat' dir='ltr'>tamen</span> <span class='ocrx_word' id='word_1_310' title='bbox 2833 3572 3060 3632; x_wconf 89' lang='lat' dir='ltr'>solem-</span> 
     </span>
     <span class='ocr_line' id='line_1_39' title="bbox 447 3676 3062 3757; baseline 0.001 -21"><span class='ocrx_word' id='word_1_311' title='bbox 447 3676 631 3737; x_wconf 87' lang='lat' dir='ltr'>nibus</span> <span class='ocrx_word' id='word_1_312' title='bbox 666 3696 864 3757; x_wconf 88' lang='lat' dir='ltr'>usque</span> <span class='ocrx_word' id='word_1_313' title='bbox 897 3679 974 3738; x_wconf 88' lang='lat' dir='ltr'>ad</span> <span class='ocrx_word' id='word_1_314' title='bbox 1009 3678 1226 3739; x_wconf 89' lang='lat' dir='ltr'>Missas</span> <span class='ocrx_word' id='word_1_315' title='bbox 1260 3679 1617 3740; x_wconf 89' lang='lat' dir='ltr'>sustineant.</span> <span class='ocrx_word' id='word_1_316' title='bbox 1679 3680 1980 3741; x_wconf 84' lang='lat' dir='ltr'>intrantes</span> <span class='ocrx_word' id='word_1_317' title='bbox 2026 3697 2233 3742; x_wconf 91' lang='lat' dir='ltr'>autem</span> <span class='ocrx_word' id='word_1_318' title='bbox 2281 3697 2337 3741; x_wconf 91' lang='lat' dir='ltr'>et</span> <span class='ocrx_word' id='word_1_319' title='bbox 2382 3695 2673 3741; x_wconf 88' lang='lat' dir='ltr'>exeuntes</span> <span class='ocrx_word' id='word_1_320' title='bbox 2720 3679 3062 3739; x_wconf 86' lang='lat' dir='ltr'>hebdoma-</span> 
     </span>
     <span class='ocr_line' id='line_1_40' title="bbox 447 3783 3063 3867; baseline 0.001 -24"><span class='ocrx_word' id='word_1_321' title='bbox 447 3784 598 3844; x_wconf 88' lang='lat' dir='ltr'>darii</span> <span class='ocrx_word' id='word_1_322' title='bbox 646 3783 708 3844; x_wconf 90' lang='lat' dir='ltr'>in</span> <span class='ocrx_word' id='word_1_323' title='bbox 757 3783 1045 3858; x_wconf 90' lang='lat' dir='ltr'>oratorio,</span> <span class='ocrx_word' id='word_1_324' title='bbox 1077 3803 1223 3845; x_wconf 84' lang='lat' dir='ltr'>mox</span> <span class='ocrx_word' id='word_1_325' title='bbox 1258 3784 1579 3845; x_wconf 89' lang='lat' dir='ltr'>Matutinis</span> <span class='ocrx_word' id='word_1_326' title='bbox 1612 3784 1797 3846; x_wconf 89' lang='lat' dir='ltr'>finitis</span> <span class='ocrx_word' id='word_1_327' title='bbox 1832 3785 2163 3848; x_wconf 90' lang='lat' dir='ltr'>Dominica</span> <span class='ocrx_word' id='word_1_328' title='bbox 2197 3785 2486 3847; x_wconf 91' lang='lat' dir='ltr'>omnium</span> <span class='ocrx_word' id='word_1_329' title='bbox 2518 3786 2781 3866; x_wconf 89' lang='lat' dir='ltr'>genibus</span> <span class='ocrx_word' id='word_1_330' title='bbox 2813 3785 3063 3867; x_wconf 89' lang='lat' dir='ltr'>provol-</span> 
     </span>
     <span class='ocr_line' id='line_1_41' title="bbox 446 3892 3063 3974; baseline 0.001 -25"><span class='ocrx_word' id='word_1_331' title='bbox 446 3905 687 3967; x_wconf 87' lang='lat' dir='ltr'>vantur,</span> <span class='ocrx_word' id='word_1_332' title='bbox 722 3892 1099 3971; x_wconf 89' lang='lat' dir='ltr'>postulantes</span> <span class='ocrx_word' id='word_1_333' title='bbox 1133 3912 1246 3974; x_wconf 90' lang='lat' dir='ltr'>pro</span> <span class='ocrx_word' id='word_1_334' title='bbox 1280 3913 1345 3953; x_wconf 91' lang='lat' dir='ltr'>se</span> <span class='ocrx_word' id='word_1_335' title='bbox 1380 3892 1557 3954; x_wconf 91' lang='lat' dir='ltr'>orari.</span> <span class='ocrx_word' id='word_1_336' title='bbox 1608 3894 1946 3970; x_wconf 78' lang='lat' dir='ltr'>Egrediens</span> <span class='ocrx_word' id='word_1_337' title='bbox 1979 3910 2186 3953; x_wconf 87' lang='lat' dir='ltr'>autem</span> <span class='ocrx_word' id='word_1_338' title='bbox 2219 3894 2296 3953; x_wconf 90' lang='lat' dir='ltr'>de</span> <span class='ocrx_word' id='word_1_339' title='bbox 2328 3894 2665 3974; x_wconf 89' lang='lat' dir='ltr'>septimana</span> <span class='ocrx_word' id='word_1_340' title='bbox 2699 3894 2858 3954; x_wconf 89' lang='lat' dir='ltr'>dicat</span> <span class='ocrx_word' id='word_1_341' title='bbox 2892 3894 3063 3953; x_wconf 88' lang='lat' dir='ltr'>hunc</span> 
     </span>
     <span class='ocr_line' id='line_1_42' title="bbox 450 3998 3062 4080; baseline 0 -24"><span class='ocrx_word' id='word_1_342' title='bbox 450 4016 732 4057; x_wconf 89' lang='lat' dir='ltr'>versum:</span> <span class='ocrx_word' id='word_1_343' title='bbox 768 3998 1141 4060; x_wconf 79' lang='lat' dir='ltr'>Benedictus</span> <span class='ocrx_word' id='word_1_344' title='bbox 1174 4021 1238 4060; x_wconf 83' lang='lat' dir='ltr'>es</span> <span class='ocrx_word' id='word_1_345' title='bbox 1268 4000 1538 4061; x_wconf 82' lang='lat' dir='ltr'>Domine</span> <span class='ocrx_word' id='word_1_346' title='bbox 1569 3999 1743 4060; x_wconf 83' lang='lat' dir='ltr'>Deus</span> <span class='ocrx_word' id='word_1_347' title='bbox 1776 4004 1888 4080; x_wconf 82' lang='lat' dir='ltr'>qui</span> <span class='ocrx_word' id='word_1_348' title='bbox 1915 4000 2217 4080; x_wconf 78' lang='lat' dir='ltr'>adjuvisti</span> <span class='ocrx_word' id='word_1_349' title='bbox 2244 4017 2360 4074; x_wconf 80' lang='lat' dir='ltr'>me,</span> <span class='ocrx_word' id='word_1_350' title='bbox 2391 4006 2453 4060; x_wconf 80' lang='lat' dir='ltr'>et</span> <span class='ocrx_word' id='word_1_351' title='bbox 2479 4000 2827 4061; x_wconf 80' lang='lat' dir='ltr'>consolatus</span> <span class='ocrx_word' id='word_1_352' title='bbox 2860 4021 2923 4059; x_wconf 80' lang='lat' dir='ltr'>es</span> <span class='ocrx_word' id='word_1_353' title='bbox 2955 4020 3062 4059; x_wconf 85' lang='lat' dir='ltr'>me.</span> 
     </span>
     <span class='ocr_line' id='line_1_43' title="bbox 452 4104 3064 4188; baseline -0 -22"><span class='ocrx_word' id='word_1_354' title='bbox 452 4104 601 4180; x_wconf 91' lang='lat' dir='ltr'>Quo</span> <span class='ocrx_word' id='word_1_355' title='bbox 649 4105 814 4165; x_wconf 88' lang='lat' dir='ltr'>dicto</span> <span class='ocrx_word' id='word_1_356' title='bbox 860 4105 1057 4182; x_wconf 77' lang='lat' dir='ltr'>tertio,</span> <span class='ocrx_word' id='word_1_357' title='bbox 1103 4123 1345 4188; x_wconf 87' lang='lat' dir='ltr'>accepta</span> <span class='ocrx_word' id='word_1_358' title='bbox 1394 4106 1823 4168; x_wconf 90' lang='lat' dir='ltr'>benedictione</span> <span class='ocrx_word' id='word_1_359' title='bbox 1874 4107 2216 4185; x_wconf 85' lang='lat' dir='ltr'>egrediens,</span> <span class='ocrx_word' id='word_1_360' title='bbox 2251 4110 2663 4187; x_wconf 88' lang='lat' dir='ltr'>subsequatur</span> <span class='ocrx_word' id='word_1_361' title='bbox 2695 4105 3064 4186; x_wconf 84' lang='lat' dir='ltr'>ingredi.·ns,</span> 
     </span>
     <span class='ocr_line' id='line_1_44' title="bbox 451 4201 3066 4293; baseline 0 -22"><span class='ocrx_word' id='word_1_362' title='bbox 451 4228 508 4272; x_wconf 88' lang='lat' dir='ltr'>et</span> <span class='ocrx_word' id='word_1_363' title='bbox 558 4212 747 4273; x_wconf 89' lang='lat' dir='ltr'>dicat:</span> <span class='ocrx_word' id='word_1_364' title='bbox 784 4201 973 4274; x_wconf 63' lang='lat' dir='ltr'>&#39;Deus</span> <span class='ocrx_word' id='word_1_365' title='bbox 1019 4215 1083 4274; x_wconf 85' lang='lat' dir='ltr'>in</span> <span class='ocrx_word' id='word_1_366' title='bbox 1134 4213 1509 4293; x_wconf 68' lang='lat' dir='ltr'>adjutorium</span> <span class='ocrx_word' id='word_1_367' title='bbox 1558 4235 1753 4275; x_wconf 84' lang='lat' dir='ltr'>meum</span> <span class='ocrx_word' id='word_1_368' title='bbox 1801 4215 2068 4286; x_wconf 74' lang='lat' dir='ltr'>intende,</span> <span class='ocrx_word' id='word_1_369' title='bbox 2113 4213 2386 4274; x_wconf 80' lang='lat' dir='ltr'>Domine</span> <span class='ocrx_word' id='word_1_370' title='bbox 2417 4215 2502 4273; x_wconf 86' lang='lat' dir='ltr'>ad</span> <span class='ocrx_word' id='word_1_371' title='bbox 2528 4211 2939 4292; x_wconf 82' lang='lat' dir='ltr'>adjuvandum</span> <span class='ocrx_word' id='word_1_372' title='bbox 2972 4233 3066 4272; x_wconf 80' lang='lat' dir='ltr'>me</span> 
     </span>
     <span class='ocr_line' id='line_1_45' title="bbox 442 4317 3063 4402; baseline 0 -24"><span class='ocrx_word' id='word_1_373' title='bbox 442 4321 691 4392; x_wconf 78' lang='lat' dir='ltr'>festina.</span> <span class='ocrx_word' id='word_1_374' title='bbox 767 4320 836 4380; x_wconf 82' lang='lat' dir='ltr'>Et</span> <span class='ocrx_word' id='word_1_375' title='bbox 886 4321 1003 4381; x_wconf 89' lang='lat' dir='ltr'>hoc</span> <span class='ocrx_word' id='word_1_376' title='bbox 1053 4321 1217 4380; x_wconf 90' lang='lat' dir='ltr'>idem</span> <span class='ocrx_word' id='word_1_377' title='bbox 1250 4321 1428 4382; x_wconf 90' lang='lat' dir='ltr'>tertio</span> <span class='ocrx_word' id='word_1_378' title='bbox 1464 4336 1775 4402; x_wconf 87' lang='lat' dir='ltr'>repetatur</span> <span class='ocrx_word' id='word_1_379' title='bbox 1805 4323 1882 4381; x_wconf 89' lang='lat' dir='ltr'>ab</span> <span class='ocrx_word' id='word_1_380' title='bbox 1917 4321 2230 4398; x_wconf 77' lang='lat' dir='ltr'>omnibuS,</span> <span class='ocrx_word' id='word_1_381' title='bbox 2267 4336 2324 4380; x_wconf 94' lang='lat' dir='ltr'>et</span> <span class='ocrx_word' id='word_1_382' title='bbox 2356 4337 2598 4401; x_wconf 88' lang='lat' dir='ltr'>accepta</span> <span class='ocrx_word' id='word_1_383' title='bbox 2634 4317 3063 4381; x_wconf 86' lang='lat' dir='ltr'>benedictione</span> 
     </span>
     <span class='ocr_line' id='line_1_46' title="bbox 455 4427 2932 4504; baseline 0.004 -20"><span class='ocrx_word' id='word_1_384' title='bbox 455 4427 851 4504; x_wconf 88' lang='lat' dir='ltr'>ingrediatur.</span> <span class='ocrx_word' id='word_1_385' title='bbox 2929 4435 2932 4438; x_wconf 74' lang='grc'><strong>’</strong></span> 
     </span>
     <span class='ocr_line' id='line_1_47' title="bbox 666 4533 3064 4616; baseline -0.001 -21"><span class='ocrx_word' id='word_1_386' title='bbox 666 4536 814 4616; x_wconf 88' lang='lat' dir='ltr'>Cap.</span> <span class='ocrx_word' id='word_1_387' title='bbox 846 4534 1119 4596; x_wconf 91' lang='lat' dir='ltr'>XXXVI.</span> <span class='ocrx_word' id='word_1_388' title='bbox 1168 4534 1269 4594; x_wconf 88' lang='lat' dir='ltr'>De</span> <span class='ocrx_word' id='word_1_389' title='bbox 1314 4536 1589 4613; x_wconf 83' lang='lat' dir='ltr'>infirmis</span> <span class='ocrx_word' id='word_1_390' title='bbox 1614 4535 1952 4611; x_wconf 81' lang='lat' dir='ltr'>fratribus.</span> <span class='ocrx_word' id='word_1_391' title='bbox 2032 4533 2430 4596; x_wconf 82' lang='lat' dir='ltr'>infirmorum</span> <span class='ocrx_word' id='word_1_392' title='bbox 2476 4553 2620 4594; x_wconf 88' lang='lat' dir='ltr'>cura</span> <span class='ocrx_word' id='word_1_393' title='bbox 2666 4548 2802 4594; x_wconf 90' lang='lat' dir='ltr'>ante</span> <span class='ocrx_word' id='word_1_394' title='bbox 2851 4533 3064 4593; x_wconf 88' lang='lat' dir='ltr'>omnia</span> 
     </span>
     <span class='ocr_line' id='line_1_48' title="bbox 454 4639 3063 4722; baseline -0.001 -22"><span class='ocrx_word' id='word_1_395' title='bbox 454 4657 509 4700; x_wconf 92' lang='lat' dir='ltr'>et</span> <span class='ocrx_word' id='word_1_396' title='bbox 556 4660 742 4722; x_wconf 92' lang='lat' dir='ltr'>super</span> <span class='ocrx_word' id='word_1_397' title='bbox 784 4641 994 4703; x_wconf 90' lang='lat' dir='ltr'>omnia</span> <span class='ocrx_word' id='word_1_398' title='bbox 1042 4642 1393 4703; x_wconf 87' lang='lat' dir='ltr'>adhibenda</span> <span class='ocrx_word' id='word_1_399' title='bbox 1441 4655 1561 4716; x_wconf 87' lang='lat' dir='ltr'>est;</span> <span class='ocrx_word' id='word_1_400' title='bbox 1615 4656 1682 4702; x_wconf 90' lang='lat' dir='ltr'>ut</span> <span class='ocrx_word' id='word_1_401' title='bbox 1726 4641 1883 4702; x_wconf 90' lang='lat' dir='ltr'>sicut</span> <span class='ocrx_word' id='word_1_402' title='bbox 1928 4660 2136 4702; x_wconf 89' lang='lat' dir='ltr'>revera</span> <span class='ocrx_word' id='word_1_403' title='bbox 2170 4640 2439 4719; x_wconf 86' lang='lat' dir='ltr'>Christo,</span> <span class='ocrx_word' id='word_1_404' title='bbox 2485 4641 2562 4701; x_wconf 90' lang='lat' dir='ltr'>ita</span> <span class='ocrx_word' id='word_1_405' title='bbox 2609 4639 2695 4700; x_wconf 91' lang='lat' dir='ltr'>eis</span> <span class='ocrx_word' id='word_1_406' title='bbox 2740 4639 3063 4708; x_wconf 84' lang='lat' dir='ltr'>serviatur;</span> 
     </span>
     <span class='ocr_line' id='line_1_49' title="bbox 454 4746 3066 4834; baseline -0.002 -24"><span class='ocrx_word' id='word_1_407' title='bbox 454 4751 598 4832; x_wconf 87' lang='lat' dir='ltr'>quia</span> <span class='ocrx_word' id='word_1_408' title='bbox 646 4751 772 4831; x_wconf 90' lang='lat' dir='ltr'>ipse</span> <span class='ocrx_word' id='word_1_409' title='bbox 821 4751 1006 4834; x_wconf 81' lang='lat' dir='ltr'>dixit:</span> <span class='ocrx_word' id='word_1_410' title='bbox 1065 4750 1365 4829; x_wconf 85' lang='lat' dir='ltr'>Infirmus</span> <span class='ocrx_word' id='word_1_411' title='bbox 1390 4752 1525 4828; x_wconf 83' lang='lat' dir='ltr'>sui,</span> <span class='ocrx_word' id='word_1_412' title='bbox 1570 4756 1630 4809; x_wconf 82' lang='lat' dir='ltr'>et</span> <span class='ocrx_word' id='word_1_413' title='bbox 1672 4752 1975 4811; x_wconf 83' lang='lat' dir='ltr'>visitastis</span> <span class='ocrx_word' id='word_1_414' title='bbox 2020 4770 2131 4810; x_wconf 86' lang='lat' dir='ltr'>me.</span> <span class='ocrx_word' id='word_1_415' title='bbox 2198 4749 2302 4809; x_wconf 87' lang='lat' dir='ltr'>Et:</span> <span class='ocrx_word' id='word_1_416' title='bbox 2354 4749 2543 4827; x_wconf 76' lang='lat' dir='ltr'>Quod</span> <span class='ocrx_word' id='word_1_417' title='bbox 2563 4749 2820 4826; x_wconf 83' lang='lat' dir='ltr'>fecistis</span> <span class='ocrx_word' id='word_1_418' title='bbox 2851 4748 2964 4806; x_wconf 85' lang='lat' dir='ltr'>uni</span> <span class='ocrx_word' id='word_1_419' title='bbox 2992 4746 3066 4805; x_wconf 86' lang='lat' dir='ltr'>de</span> 
     </span>
     <span class='ocr_line' id='line_1_50' title="bbox 455 4853 3068 4938; baseline -0.003 -20"><span class='ocrx_word' id='word_1_420' title='bbox 455 4859 552 4920; x_wconf 83' lang='lat' dir='ltr'>his</span> <span class='ocrx_word' id='word_1_421' title='bbox 584 4861 860 4919; x_wconf 76' lang='lat' dir='ltr'>minimis</span> <span class='ocrx_word' id='word_1_422' title='bbox 893 4861 1068 4932; x_wconf 75' lang='lat' dir='ltr'>meis,</span> <span class='ocrx_word' id='word_1_423' title='bbox 1100 4858 1257 4918; x_wconf 77' lang='lat' dir='ltr'>milti</span> <span class='ocrx_word' id='word_1_424' title='bbox 1265 4859 1534 4935; x_wconf 80' lang='lat' dir='ltr'>fecistis.</span> <span class='ocrx_word' id='word_1_425' title='bbox 1585 4857 1705 4918; x_wconf 92' lang='lat' dir='ltr'>Sed</span> <span class='ocrx_word' id='word_1_426' title='bbox 1741 4872 1799 4917; x_wconf 92' lang='lat' dir='ltr'>et</span> <span class='ocrx_word' id='word_1_427' title='bbox 1832 4856 1947 4938; x_wconf 90' lang='lat' dir='ltr'>ipsi</span> <span class='ocrx_word' id='word_1_428' title='bbox 1980 4856 2210 4917; x_wconf 88' lang='lat' dir='ltr'>infirmi</span> <span class='ocrx_word' id='word_1_429' title='bbox 2243 4856 2631 4916; x_wconf 90' lang='lat' dir='ltr'>considerent</span> <span class='ocrx_word' id='word_1_430' title='bbox 2663 4853 2727 4914; x_wconf 84' lang='lat' dir='ltr'>in</span> <span class='ocrx_word' id='word_1_431' title='bbox 2760 4854 3068 4913; x_wconf 90' lang='lat' dir='ltr'>honorem</span> 
     </span>
     <span class='ocr_line' id='line_1_51' title="bbox 459 4962 3070 5048; baseline -0.003 -19"><span class='ocrx_word' id='word_1_432' title='bbox 459 4969 571 5030; x_wconf 89' lang='lat' dir='ltr'>Dei</span> <span class='ocrx_word' id='word_1_433' title='bbox 605 4967 719 5028; x_wconf 91' lang='lat' dir='ltr'>sibi</span> <span class='ocrx_word' id='word_1_434' title='bbox 753 4967 996 5040; x_wconf 71' lang='lat' dir='ltr'>serviri,</span> <span class='ocrx_word' id='word_1_435' title='bbox 1064 4983 1120 5027; x_wconf 90' lang='lat' dir='ltr'>et</span> <span class='ocrx_word' id='word_1_436' title='bbox 1170 4986 1300 5027; x_wconf 91' lang='lat' dir='ltr'>non</span> <span class='ocrx_word' id='word_1_437' title='bbox 1334 4966 1752 5048; x_wconf 89' lang='lat' dir='ltr'>superfluitate</span> <span class='ocrx_word' id='word_1_438' title='bbox 1786 4986 1895 5026; x_wconf 90' lang='lat' dir='ltr'>sua</span> <span class='ocrx_word' id='word_1_439' title='bbox 1930 4965 2287 5027; x_wconf 91' lang='lat' dir='ltr'>contristent</span> <span class='ocrx_word' id='word_1_440' title='bbox 2320 4963 2528 5024; x_wconf 86' lang='lat' dir='ltr'>fratres</span> <span class='ocrx_word' id='word_1_441' title='bbox 2560 4982 2707 5024; x_wconf 90' lang='lat' dir='ltr'>suos</span> <span class='ocrx_word' id='word_1_442' title='bbox 2739 4962 3070 5022; x_wconf 89' lang='lat' dir='ltr'>servientes</span> 
     </span>
    </p>
   </div>
  </div>
 </body>
</html>
