3684 5416
508 1517 555 1547 to

506 2055 549 2098 ¹5

498 2598 549 2629 20

496 4204 542 4246 35

608 369 717 420 400
1168 350 1492 405 I-Iierarchia
1533 350 1745 405 ordinis
1785 364 1842 406 et
1881 351 2193 406 hierarchia
2231 352 2650 407 turtsdicttonis.

614 549 845 606 nentes,
882 533 974 593 vel
1008 533 1417 594 Ecclesiarum
1449 533 1920 595 Cathedralium
1952 533 2254 595 Canonici
2288 534 2564 606 existant,
2596 535 2704 595 sed
2740 535 2919 596 etiam
2957 537 3019 597 in
3053 537 3231 597 Con-

610 640 738 700 cilis
785 640 1284 718 Provincialibus,
1335 658 1442 702 aut
1507 641 1913 708 dioecesanis:
1983 641 2148 718 juxta
2201 644 2532 703 Decretum
2583 641 2847 703 Concilii
2912 643 3223 723 praedicti,

608 746 850 807 Judices
883 749 1077 826 electi,
1110 769 1220 811 seu
1254 750 1553 829 designati
1586 750 1723 812 sint.

823 864 852 923 S
890 876 944 934 3.
1009 855 1329 937 Quodque
1376 857 1667 938 deinceps
1712 857 1917 918 literae
1952 856 2461 918 Conservatoriae
2509 875 2618 936 per
2649 855 2877 917 Sedem
2909 856 3226 936 Apostoli-

607 982 741 1023 cam
792 964 1217 1025 concedendae
1264 984 1448 1047 supra
1495 965 1733 1046 scriptis
1778 982 2014 1026 tantum
2051 964 2410 1044 dirigantur,
2439 980 2497 1025 et
2528 963 2577 1023 si
2611 982 2773 1044 quae
2808 964 3016 1024 literae
3049 964 3223 1024 aliter
3269 1014 3286 1022 s

607 1070 1024 1151 expedientur,
1073 1071 1228 1148 illae,
1278 1092 1347 1133 ac
1394 1072 1821 1153 deputationes
1856 1070 2240 1149 hujusmodi,
2276 1070 2614 1151 omniaque
2648 1071 2872 1132 exinde
2905 1072 3221 1151 sequenda

610 1177 839 1238 nullius
871 1178 995 1238 sint
1026 1179 1287 1254 roboris,
1322 1178 1417 1239 vel
1448 1180 1774 1240 momenti.

820 1293 851 1353 S
884 1305 942 1362 4.
1008 1286 1081 1345 Et
1127 1286 1535 1347 nihilominus
1582 1286 1691 1366 qui
1736 1306 1932 1364 secuS,
1985 1305 2174 1365 quarn
2226 1284 2390 1362 juxta
2439 1284 2702 1345 formam
2735 1284 3020 1366 superius
3051 1304 3223 1365 prae·

608 1391 916 1469 scriptam,
951 1392 1437 1452 Conservatores
1470 1391 1832 1471 hujusmodi
1868 1412 2013 1454 cum
2046 1392 2267 1453 effectu
2303 1392 2546 1471 eligere,
2583 1392 2927 1464 nominare,
2975 1410 3084 1451 seu
3118 1392 3224 1451 de-

609 1514 843 1576 putare,
878 1515 980 1558 aut
1012 1499 1235 1574 electis,
1270 1499 1620 1575 nominatis,
1666 1520 1776 1560 seu
1810 1500 2112 1580 deputatis
2146 1499 2232 1559 uti
2266 1499 2399 1560 ausi
2435 1499 2681 1575 fuerint,
2718 1498 3053 1578 Regulares
3087 1499 3227 1578 qui-

607 1604 750 1663 dem
798 1624 946 1665 voce
992 1606 1204 1682 activa,
1239 1621 1297 1667 et
1330 1607 1565 1687 passiva
1598 1607 1720 1667 sint
1752 1607 1887 1688 ipso
1921 1605 2051 1683 jure
2086 1606 2322 1688 privati,
2356 1605 2534 1679 adeo,
2574 1623 2640 1666 ut
2674 1604 3158 1666 habilitationem
3192 1626 3225 1665 a

608 1710 873 1786 nemine,
921 1728 1348 1791 praeterquam
1398 1734 1431 1773 a
1468 1713 1756 1776 Romano
1794 1714 2089 1776 Pontifice
2141 1713 2444 1792 consequi
2495 1713 2754 1789 valeant,
2808 1711 3029 1792 reliqui
3081 1731 3224 1773 vero

606 1817 736 1878 aliis
782 1818 1003 1898 poenis
1049 1819 1296 1878 arbitrio
1330 1819 1671 1881 Sanctitatis
1717 1840 1866 1880 suae
1899 1828 2319 1897 coerceantur,
2355 1835 2415 1880 et
2447 1818 2903 1900 praedictorum
2935 1819 3221 1879 omnium

603 1924 988 2002 Conventus,
1040 1926 1430 1998 Monasteria,
1476 1947 1545 1987 ac
1596 1927 1727 1987 loca
1777 1926 2156 2003 hujusmodi,
2203 1946 2550 2006 eorumque
2602 1945 2921 2006 personae,
2956 1946 3024 1986 ac
3058 1929 3221 1986 bona

604 2046 847 2091 careant
878 2030 1326 2094 Conservatore
1374 2034 1449 2094 ad
1483 2054 1742 2111 annum,
1790 2035 1868 2096 ita
1904 2050 1969 2095 ut
2003 2035 2251 2095 illorum
2285 2054 2507 2095 causae
2544 2034 2773 2094 interea
2808 2052 3016 2093 coram
3050 2032 3223 2093 loco-

603 2158 742 2198 rum
776 2138 1118 2200 Ordinariis
1152 2140 1468 2202 dumtaxat
1502 2142 1809 2222 cognosci,
1844 2162 1912 2202 ac
1944 2141 2186 2202 definiri
2222 2143 2505 2202 debeant.

820 2256 849 2315 S
891 2267 942 2325 5.
992 2247 1343 2323 Caeterum,
1390 2262 1459 2308 ut
1503 2249 1681 2309 latius
1727 2264 1925 2330 pateat
1957 2249 2484 2309 Conservatorum
2533 2246 2898 2324 hujusmodi
2946 2245 3221 2323 deligen-

605 2355 832 2413 dorum
867 2353 1138 2430 facultaS,
1172 2353 1470 2415 Sanctitas
1503 2376 1612 2416 sua
1647 2355 1999 2417 admonitos
2032 2356 2227 2416 voluit
2268 2376 2490 2416 omnes
2523 2356 2810 2416 locorum
2843 2353 3224 2422 Ordinarios,

607 2475 672 2519 ut
719 2459 779 2519 in
815 2458 1084 2540 Synodis
1116 2461 1618 2534 Provincialibus,
1665 2477 1769 2522 aut
1802 2462 2198 2522 Dioecesanis
2246 2462 2647 2543 quamplures
2682 2480 2977 2542 personas
3011 2480 3082 2520 ex
3115 2461 3222 2519 ha-

605 2567 890 2627 bentibus
923 2566 1245 2646 qualitates
1281 2567 1339 2628 in
1375 2568 1679 2649 praedicta
1714 2569 2175 2629 Constitutione
2210 2568 2488 2646 ejusdem
2523 2568 2821 2630 Bonifacii
2855 2567 3211 2628 Praedeces-

604 2671 759 2735 soris
804 2690 1138 2750 contentas,
1186 2691 1243 2735 et
1290 2674 1567 2755 alioquin
1616 2676 1691 2737 ad
1742 2676 1801 2736 id
1836 2693 2005 2757 aptas
2038 2675 2341 2755 designari
2375 2693 2729 2758 procurent,
2779 2690 2836 2736 et
2869 2674 2917 2736 si
2951 2675 3222 2756 aliquem

603 2784 847 2843 interim
894 2804 965 2843 ex
1012 2784 1343 2863 designatis
1393 2784 1550 2845 mori
1597 2785 1938 2863 contigerit,
1979 2785 2304 2845 substituat
2339 2785 2709 2845 Ordinarius
2742 2783 2860 2843 loci
2895 2802 3037 2843 cum
3073 2801 3222 2842 con-

605 2890 740 2950 silio
792 2891 1058 2970 Capituli
1111 2891 1300 2951 alium
1354 2892 1419 2951 in
1471 2890 1602 2966 ejus
1651 2893 1884 2969 locum,
1941 2911 2135 2970 usque
2187 2893 2262 2952 ad
2317 2890 2583 2951 futuram
2619 2888 3082 2957 Provincialem,
3118 2903 3224 2949 aut

608 2996 1049 3057 Dioecesanam
1082 2996 1430 3077 Synodum.

819 3113 847 3171 S
884 3106 939 3164 6.
1004 3104 1257 3184 Insuper
1290 3104 1587 3165 Sanctitas
1634 3124 1765 3180 sua,
1815 3104 2195 3165 inhaerendo
2244 3105 2358 3165 hac
2407 3104 2470 3164 in
2504 3118 2669 3185 parte
2706 3104 2971 3164 Decreto
3003 3101 3220 3162 similis

605 3209 1045 3270 recordationis
1078 3211 1360 3292 Gregorii
1397 3211 1592 3290 Papae
1626 3210 1771 3274 XIII.
1805 3210 1990 3271 etiam
2026 3211 2514 3272 Praedecessoris
2545 3210 2660 3285 sui,
2703 3209 2927 3286 statuit,
2963 3226 3020 3270 et
3053 3209 3222 3270 ordi-

609 3315 792 3391 navit,
842 3331 908 3374 ut
943 3314 1295 3395 Regulares,
1341 3336 1409 3376 ac
1457 3336 1754 3398 personae
1802 3316 2159 3391 hujusmodi
2208 3318 2271 3379 in
2307 3317 2471 3378 ltalia
2505 3318 2660 3378 infra
2695 3318 2874 3394 duos,
2908 3333 3070 3378 extra
3105 3316 3220 3377 Ita-

605 3421 749 3481 liam
785 3441 930 3481 vero
964 3422 1115 3483 infra
1148 3443 1249 3483 sex
1284 3443 1526 3484 menses
1558 3445 1591 3484 a
1625 3424 1722 3484 die
1757 3424 2190 3505 publicationis
2231 3425 2295 3486 in
2330 3426 2495 3487 Urbe
2532 3423 2868 3505 praesentis
2901 3422 3220 3484 Constitu-

606 3529 787 3590 tionis
833 3529 1239 3608 inchoandOS,
1288 3531 1551 3591 debeant
1597 3531 1710 3591 sibi
1757 3531 2006 3612 eligere,
2052 3550 2161 3591 seu
2196 3551 2508 3592 assumere
2542 3532 3021 3592 Conservatores
3057 3530 3218 3607 juxta

608 3635 869 3697 formam
902 3637 1189 3717 superius
1223 3638 1619 3719 propositam.

818 3753 847 3812 S
882 3765 939 3809 7.
994 3743 1271 3824 Eiusque
1306 3744 1639 3823 electionis,
1676 3765 1783 3805 seu
1819 3745 2266 3826 assumptionis
2299 3746 2757 3807 documentum
2784 3745 2940 3806 infra
2973 3761 3218 3825 tempus

604 3851 969 3928 hujusmodi
993 3871 1181 3931 penes
1200 3857 1349 3913 Acta
1373 3852 1597 3913 Curiae
1618 3852 2100 3914 Ordinariorum
2121 3852 2405 3913 exhibere
2438 3868 2496 3912 et
2531 3853 2832 3913 dimittere
2867 3869 3212 3923 teneantur;

602 3959 880 4038 alioquin
931 3979 1007 4019 eo
1058 3959 1325 4019 termino
1372 3958 1602 4039 elapso,
1651 3960 1955 4039 quamdiu
2017 3961 2502 4021 Conservatores
2553 3960 2901 4020 secundum
2953 3959 3214 4020 formam

604 4065 934 4145 praesentis
985 4066 1466 4126 Constitutionis
1513 4084 1642 4126 non
1688 4067 2000 4145 elegerint,
2052 4086 2260 4127 coram
2320 4066 2552 4127 eisdem
2599 4066 2943 4127 Ordinariis
2991 4085 3216 4126 conve·

606 4172 868 4232 niantur.

818 4288 845 4346 S
890 4281 946 4339 8.
1010 4278 1328 4359 Quodque
1394 4280 1879 4341 Conservatores
1947 4279 2307 4359 hujusmodi
2362 4281 2552 4341 semel
2603 4280 2871 4358 legitime
2924 4278 3213 4360 deputati,

604 4383 721 4444 nisi
771 4404 841 4443 ex
891 4385 1159 4465 legitima
1212 4404 1392 4445 causa
1444 4408 1475 4445 a
1528 4386 1684 4446 Sede
1719 4386 2093 4467 Apostolica,
2144 4404 2249 4447 aut
2299 4387 2587 4448 locorum
2619 4385 2979 4462 Ordinariis,
3034 4402 3216 4465 prout

602 4489 817 4551 iisdem
856 4491 1280 4570 RegularibuS‚
1314 4510 1370 4553 et
1402 4492 1532 4552 aliis
1565 4513 1749 4573 supra
1784 4494 1959 4553 dictis
1991 4494 2255 4571 libuerit,
2290 4495 2710 4575 approbanda,
2744 4494 3003 4554 durante
3025 4492 3208 4572 quin·

602 4598 880 4679 quennio
931 4619 964 4659 a
1010 4598 1106 4658 die
1153 4598 1583 4679 deputationis,
1632 4600 1925 4675 amoveri,
1975 4617 2080 4661 aut
2131 4601 2352 4661 mutari
2402 4600 2757 4661 nullatenus
2805 4601 3059 4681 possint,
3105 4617 3208 4660 aut

602 4708 855 4767 valeant.

815 4823 937 4892 59.
1003 4815 1099 4875 Ad
1153 4816 1301 4875 haec
1349 4816 1553 4876 statuit
1587 4815 1885 4876 Sanctitas
1936 4837 2065 4893 sua,
2115 4833 2179 4877 ut
2225 4835 2433 4878 coram
2485 4816 2626 4897 ipsis
2660 4816 3215 4878 Conservatoribus

605 4923 954 4999 RegulareS,
988 4942 1054 4982 ac
1089 4942 1385 5003 personae
1419 4942 1603 5003 supra
1638 4923 1893 5003 scriptae
1929 4924 2248 4985 conveniri
2284 4924 2562 5003 quidem,
2605 4939 2709 4984 aut
2742 4924 2895 4983 trahi
2930 4924 3212 4995 debeant,
