3684 5416
430 1547 486 1579 to

430 2080 483 2123 ι5

420 3147 480 3190 25

420 3690 481 3734 ⁴30

421 4223 478 4268 ‘35

544 390 572 443 5
583 389 652 442 90
1724 369 1990 453 Capituli.

694 450 809 454 —n
890 451 941 452 j
988 448 1263 454 '7⁴02-—ss-—
1286 448 1803 453 424————-——
1899 449 2538 456 ffl—QQ-
2569 451 2646 457 ἦ

541 556 686 617 dere
736 557 943 616 debes.
1008 556 1100 616 De
1151 555 1363 616 multis
1414 555 1576 617 enim
1629 576 1825 638 pauca
1876 556 2364 637 perstrinximus,
2419 572 2486 618 ut
2535 558 2778 620 animos
2828 574 3059 620 vestros
3090 557 3169 618 ad

538 682 815 724 amorem
863 662 1244 740 humilitatis,
1298 682 1711 744 provocemus
1758 679 1816 724 et
1850 685 1883 724 a
1917 664 2254 725 detestabili
2303 664 2676 745 inimicaque
2714 666 2847 727 Deo
2881 666 3166 747 superbia

538 771 939 834 retrahamus.
990 770 1150 830 Nam
1184 770 1332 830 dum
1369 789 1557 831 omne
1589 789 1791 851 genus
1824 771 2178 832 humanum
2211 770 2730 849 Christianorum,
2764 790 2946 853 atque
2979 792 3169 833 omne

537 876 761 955 vulgus
814 877 1226 938 humilitatem
1275 878 1499 939 habere
1533 878 1879 956 conveniat,
1915 878 2097 938 nimis
2130 878 2425 959 iniquum
2456 879 2924 961 pessimumque
2957 900 3026 942 ac
3059 880 3167 940 de-

538 984 809 1045 testabile
843 1000 951 1063 est,
985 1001 1053 1046 ut
1086 985 1193 1066 qui
1228 985 1474 1046 servitio
1512 984 1626 1046 Dei
1659 984 2030 1065 peculiarius
2061 1005 2125 1046 se
2157 984 2510 1064 junxerunt,
2546 986 2957 1048 humilitatem
2989 987 3165 1047 dere-

537 1091 842 1171 linquant,
891 1108 950 1152 et
995 1093 1334 1174 superbiae,
1387 1092 1481 1153 vel
1517 1092 1855 1153 diabolicae
1887 1093 2198 1173 tyrannidi
2233 1112 2298 1154 se
2330 1093 2586 1154 socient.
2653 1093 2885 1155 Idcirco
2919 1113 3165 1155 necesse

539 1214 647 1274 est,
695 1215 762 1260 ut
810 1198 920 1280 qui
966 1200 1260 1259 suadente
1307 1199 1558 1259 diabolo
1593 1218 1794 1278 usque
1831 1217 2004 1259 nunc
2033 1201 2336 1279 superbus
2370 1214 2554 1280 atque
2591 1201 2782 1260 elatus
2815 1201 2988 1260 vultu
3020 1200 3167 1261 vixit

539 1305 604 1365 in
637 1320 831 1380 antea,
859 1307 992 1367 Deo
1025 1305 1377 1384 auxiliante,
1402 1324 1510 1386 per
1544 1304 1958 1366 humilitatem
1993 1323 2176 1386 atque
2211 1306 2567 1367 charitatem
2600 1307 2693 1366 vel
2728 1307 3165 1385 obedientiam,

538 1431 648 1472 seu
685 1432 792 1492 per
825 1412 1058 1492 reliqua
1092 1416 1253 1473 bona
1289 1412 1402 1472 Dei
1436 1427 1752 1493 praecepta
1789 1427 2082 1490 resurgat,
2114 1412 2257 1493 quia
2293 1412 2493 1473 multo
2527 1412 2751 1474 melius
2783 1430 2872 1474 est
2904 1434 3013 1495 per
3044 1415 3164 1475 hu-

539 1519 856 1579 militatem
905 1538 1047 1579 cum
1083 1519 1333 1581 Christo
1380 1519 1442 1580 in
1490 1519 1857 1580 coelestibus
1904 1539 2179 1598 regnare,
2228 1539 2418 1600 quam
2454 1539 2598 1580 cum
2633 1521 2885 1583 diabolo
2917 1541 3026 1601 per
3057 1541 3162 1582 su-

541 1627 815 1707 perbiam
850 1628 910 1687 in
943 1627 1187 1688 inferno
1220 1647 1361 1687 cum
1397 1626 1650 1707 reliquis
1684 1627 2222 1708 contemptoribus
2255 1628 2549 1707 demergi.

755 1734 904 1814 Cap.
942 1734 1005 1794 11.
1052 1734 1156 1795 De
1188 1735 1437 1795 Ordine
1469 1733 1997 1816 Congregattonis
2031 1733 2511 1796 Canonicorum.
2558 1734 2824 1796 Ordines
2857 1755 3006 1797 suos
3039 1737 3161 1798 Ca-

542 1840 749 1901 nonici
784 1840 862 1901 ita
895 1856 1280 1918 conservent,
1315 1857 1380 1901 ut
1414 1842 1679 1903 ordinati
1711 1858 1854 1902 sunt
1888 1842 1952 1902 in
1983 1843 2279 1921 gradibus
2299 1842 2426 1903 suis
2448 1843 2797 1903 secundum
2819 1840 3161 1921 legitimam

539 1947 992 2009 institutionem
1027 1949 1348 2008 Romanae
1383 1948 1685 2009 Ecclesiae
1721 1948 1785 2008 in
1819 1949 2116 2010 omnibus
2148 1948 2413 2010 omnino
2447 1949 2616 2024 locis,
2652 1948 2712 2009 id
2748 1965 2838 2009 est
2870 1948 3160 2027 Ecclesia,

542 2055 635 2115 vel
686 2055 1066 2135 ubicumque
1119 2055 1183 2115 in
1234 2055 1420 2116 simul
1470 2076 1535 2115 se
1586 2054 2033 2132 conjunxerint,
2088 2071 2144 2116 et
2194 2056 2346 2118 ratio
2395 2071 2687 2136 praestat;
2739 2055 3002 2135 exceptis
3048 2055 3163 2130 his,

539 2182 699 2241 quos
731 2162 1075 2242 Episcopus
1108 2162 1169 2223 in
1201 2162 1413 2223 altiore
1445 2163 1640 2242 gradu
1676 2162 2075 2240 constituerit,
2123 2162 2217 2223 vel
2252 2163 2671 2241 degradaverit
2703 2164 2881 2223 certis
2912 2182 2985 2224 ex
3015 2181 3161 2223 cau-

534 2268 650 2344 sis;
688 2267 906 2348 reliqui
939 2288 1177 2345 omnes,
1209 2285 1277 2330 ut
1311 2270 1599 2346 diximus,
1634 2270 1732 2347 ita,
1771 2285 1835 2330 ut
1870 2270 2134 2329 ordinati
2168 2286 2329 2345 sunt,
2349 2270 2601 2330 ordines
2620 2290 2771 2332 suos
2792 2270 3158 2331 custodiant.

537 2376 820 2438 Juniores
865 2377 1055 2456 igitur
1087 2377 1326 2439 Priores
1373 2397 1520 2437 suos
1568 2378 1917 2438 honorent:
1970 2376 2206 2437 Priores
2241 2376 2516 2454 juniores
2549 2395 2697 2438 suos
2730 2379 2791 2438 in
2829 2379 3033 2439 Deum
3067 2376 3159 2438 di-

538 2484 745 2562 figann

752 2591 819 2651 ln
868 2591 1060 2673 ipsius
1100 2608 1304 2652 autem
1339 2591 1750 2673 appellatione
1785 2592 2057 2653 nominis
2089 2591 2243 2653 nulli
2275 2592 2449 2652 liceat
2489 2592 2677 2653 alium
2713 2611 2871 2672 puro
2904 2591 3156 2652 nomine

539 2697 862 2779 appellare,
895 2699 1001 2760 sed
1036 2699 1384 2761 secundum
1420 2699 1930 2761 constitutionem
1965 2716 2205 2761 sanctae
2241 2699 2544 2761 Ecclesiae
2580 2699 2742 2760 sedis
2763 2697 3157 2781 Apostolicae

538 2821 715 2865 vocet
746 2826 889 2867 eum
924 2827 1128 2881 suum,
1163 2808 1332 2889 prius
1364 2807 1573 2868 addito
1606 2821 1666 2868 et
1699 2807 2020 2868 ministerii
2058 2806 2152 2867 sui
2184 2807 2399 2887 gradu,
2449 2806 2922 2887 qualiscumque
2955 2805 3154 2877 fuerit,

540 2912 935 2992 Ubicumque
981 2929 1187 2975 autem
1236 2936 1299 2975 se
1348 2914 1681 2976 obviaverit
1714 2913 1937 2975 Clerus
1969 2913 2196 2991 junior,
2231 2914 2561 2975 inclinatus
2593 2935 2624 2974 a
2660 2913 2868 2974 Priore
2902 2913 3156 2976 benedi-

539 3017 810 3077 ctionem
844 3034 1035 3098 petat;
1087 3035 1145 3080 et
1180 3021 1227 3080 si
1263 3020 1575 3081 sedentem
1609 3020 1928 3098 invenerit,
1961 3034 2319 3081 transeunte
2354 3018 2582 3097 majore
2616 3035 2840 3099 surgat,
2875 3037 2933 3080 et
2965 3020 3069 3081 det
3101 3018 3155 3080 ei

536 3124 749 3186 locum
794 3127 1066 3206 sedendi,
1117 3147 1231 3189 nec
1278 3145 1626 3210 praesumat
1674 3129 1881 3207 junior
1929 3130 2284 3205 consedere,
2335 3129 2450 3190 nisi
2489 3129 2544 3189 ei
2577 3127 2906 3210 praecipiat
2939 3127 3160 3188 Senior

536 3251 706 3307 suuS,
739 3248 806 3292 ut
840 3233 961 3311 fiat,
996 3236 1169 3314 quod
1202 3235 1497 3315 scriptum
1534 3252 1652 3297 est:
1688 3235 1916 3297 honore
1948 3239 2207 3297 invicem
2226 3238 2709 3317 praevenientes,
2755 3233 2934 3294 Pueri
2966 3233 3156 3313 parvi,

536 3338 632 3399 vel
666 3339 1085 3403 adolescentes
1121 3342 1180 3402 in
1216 3342 1486 3403 oratorio
1518 3342 1614 3403 vel
1646 3344 1723 3404 ad
1758 3363 2004 3403 mensas
2039 3361 2184 3403 cum
2232 3340 2554 3423 disciplina
2588 3341 2838 3402 ordines
2869 3361 3018 3402 suos
3049 3359 3156 3400 cu-

536 3446 823 3527 stodiant,
860 3446 1023 3509 foras
1054 3464 1281 3527 autem,
1314 3449 1420 3511 ubi
1452 3465 1510 3510 et
1540 3451 1646 3511 ubi
1682 3450 2029 3511 custodiam
2066 3451 2347 3527 habeant,
2384 3448 2788 3529 disciplinam.

750 3555 900 3636 Cap.
934 3556 1027 3617 111.
1096 3556 1179 3618 Ut
1214 3559 1278 3617 in
1314 3556 1429 3617 illa
1461 3556 1737 3618 claustra
1770 3577 1976 3618 omnes
2011 3560 2076 3617 in
2110 3578 2229 3618 uno
2262 3557 2590 3617 dormiant.
2642 3556 2724 3616 lta
2758 3556 3153 3633 instituimuS,

535 3677 603 3721 ut
637 3662 700 3721 in
736 3660 832 3721 illa
867 3663 1127 3724 claustra
1161 3663 1258 3724 ille
1282 3664 1501 3726 Clerus
1534 3664 1892 3740 canonicus,
1928 3663 2034 3743 qui
2068 3667 2184 3724 sub
2219 3664 2354 3745 ipso
2387 3663 2622 3740 ordine,
2659 3663 2794 3723 Deo
2817 3662 3157 3741 adjuvante,

540 3768 737 3828 vivere
772 3770 1017 3848 debent,
1064 3787 1129 3832 ut
1179 3790 1400 3833 omnes
1432 3772 1496 3832 in
1532 3791 1662 3832 uno
1696 3772 2009 3833 dormiant
2041 3771 2428 3847 dormitori0‚
2466 3785 2704 3851 praeter
2736 3769 2894 3848 illos,
2932 3769 3156 3850 quibus

540 3873 885 3956 Episcopus
930 3876 1237 3938 licentiam
1284 3879 1537 3957 dederit,
1586 3879 1935 3939 secundum
1967 3879 2138 3958 quod
2173 3879 2226 3939 ei
2261 3877 2691 3939 rationabiliter
2723 3877 2923 3938 visum
2958 3875 3156 3954 fuerit,

538 3998 605 4042 ut
638 3983 700 4043 in
735 3982 864 4064 ipsa
899 3984 1157 4045 claustra
1191 4004 1298 4066 per
1331 3986 1652 4067 dispositas
1686 3987 2040 4047 mansiones
2074 3986 2388 4047 dormiant
2420 3985 2768 4066 separatim,
2804 4001 2862 4045 et
2895 4004 3003 4065 per
3034 3984 3156 4045 sin-

536 4091 681 4167 gula
727 4091 880 4152 lecta
927 4091 1151 4171 singuli
1200 4093 1529 4170 dormiant,
1578 4110 1633 4153 et
1680 4093 1742 4154 in
1779 4093 2144 4154 dormitorio
2178 4092 2454 4153 similiter
2485 4092 2810 4173 separatim
2846 4092 3155 4153 dormiant

537 4198 710 4259 mixti
756 4217 899 4258 cum
934 4199 1313 4278 SenioribuS,
1364 4218 1612 4282 propter
1645 4200 2093 4281 providentiam
2129 4204 2376 4276 bonam,
2411 4215 2478 4260 ut
2511 4200 2799 4261 Seniores
2834 4198 3140 4280 praevide·

539 4333 1013 4404 quadragesimae
1042 4337 1558 4393 observationibus
1591 4339 1653 4392 C.
1674 4338 1819 4392 XXI.
1852 4339 1935 4392 De
1964 4337 2176 4393 mensis
2204 4336 2552 4392 ordinandis.
2584 4338 2648 4392 C.
2677 4336 2847 4390 XXII.
2877 4336 2965 4390 De
2993 4351 3155 4390 men·

538 4439 670 4476 sura
712 4421 836 4477 cibi.
913 4424 977 4477 C.
1007 4425 1201 4479 XXIII.
1258 4428 1343 4481 De
1385 4444 1650 4482 mensura
1681 4440 1871 4498 potus.
1951 4428 2014 4481 C.
2045 4427 2244 4481 XXIV.
2301 4428 2387 4481 De
2414 4424 2826 4497 septimanariis
2855 4424 3155 4497 coquinae.

539 4511 602 4564 C.
632 4512 832 4566 XXVI.
876 4513 962 4567 De
990 4514 1302 4571 cellerario.
1357 4517 1420 4570 C.
1450 4518 1673 4572 XXVII.
1720 4519 1803 4571 De
1832 4516 2107 4588 portario.
2156 4516 2219 4570 C.
2250 4516 2497 4570 XXVIII.
2541 4517 2627 4570 De
2655 4514 2894 4570 infirmis
2921 4513 3154 4569 Clericis

538 4601 861 4657 Canonicis.
955 4604 1019 4657 C.
1073 4604 1274 4658 XXIX.
1325 4605 1413 4660 De
1452 4606 1804 4661 vestimentis
1866 4605 2225 4674 clericorum,
2270 4605 2359 4660 vel
2402 4606 2803 4661 calceamentis
2848 4604 2937 4659 vel
2979 4604 3154 4675 ligno.

537 4692 602 4745 C.
645 4692 820 4747 XXX.
863 4694 949 4748 De
989 4692 1389 4750 festivitatibus
1418 4695 1783 4751 Sanctorum.
1855 4696 1918 4749 C.
1962 4696 2212 4750 XXXIII.
2255 4695 2473 4751 Diebus
2501 4694 2802 4750 dominicis
2827 4694 2920 4749 vel
2944 4692 3159 4749 festivi·

418 4813 483 4851 40
534 4781 747 4837 tatibus
794 4782 1147 4840 Sanctorum
1190 4783 1434 4855 qualiter
1459 4785 1532 4838 ad
1559 4784 1889 4856 capitulum,
1918 4801 2019 4840 seu
2048 4785 2120 4839 ad
2149 4785 2383 4840 missam
2411 4799 2730 4842 occurrant.
2807 4785 2870 4839 C.
2901 4784 3157 4840 XXXIV.

538 4871 625 4925 De
667 4871 1056 4927 matriculariis
1098 4885 1160 4927 ut
1197 4875 1271 4927 ad
1298 4872 1600 4929 lectionem
1630 4874 1881 4929 divinam
1907 4874 2258 4929 audiendam
2284 4874 2513 4930 veniant
2539 4875 2596 4929 in
2624 4886 2837 4930 statuta
2865 4872 3158 4929 Ecclesiae

540 4961 738 5017 domo.
