3684 5416
677 415 774 453 100
1304 387 1573 442 Potestas
1613 377 1993 445 ecclesiastica
2035 390 2092 432 et
2129 374 2433 446 imperium
2474 370 2650 432 civile.

670 579 905 661 scripsit
938 573 1266 637 Hesiodus,
1302 570 1502 630 Habet
1533 566 1718 647 igitur
1749 562 2013 624 eandem
2047 560 2350 621 rationem
2381 556 2613 636 religio,
2647 569 2839 636 quam
2860 569 3081 614 omnes
3101 563 3280 622 arteS,

672 705 890 750 omnes
941 681 1249 756 scientiae,
1291 674 1500 738 omnia
1547 691 1705 754 quae
1755 670 1944 751 digna
1990 682 2136 729 sunt
2182 666 2244 726 in
2276 663 2505 745 quibus
2538 660 2824 744 parandis
2855 658 2951 719 vel
2984 654 3284 718 ornandis

661 794 949 856 *studium
995 803 1283 871 ponatur.
1347 781 1725 844 Iamdudum
1762 778 1863 838 vix
1896 790 2001 836 aut
2033 794 2109 836 ne
2141 773 2241 833 vix
2273 770 2531 851 quidem
2560 770 2842 829 vmbram
2871 764 3059 826 vllam
3092 764 3281 824 habe-

673 919 881 964 remus
913 893 1242 979 religioniS.
1280 891 1331 952 si
1363 888 1656 952 omnium
1686 883 2047 947 mortalium
2080 880 2248 941 idem
2266 895 2511 958 semper
2531 876 2681 936 ritus
2701 890 3035 946 sacrorum,
3065 869 3286 930 eadem

595 1041 618 1086 5
665 1010 884 1071 'fuisset
929 1003 1354 1066 habendarum
1401 992 1892 1059 ceremoniarum
1923 988 2096 1051 ratic.
2160 987 2348 1048 Nunc
2379 983 2660 1044 varietate
2692 980 3087 1062 opinionum,
3119 991 3179 1036 et
3207 975 3284 1035 ad

676 1118 834 1178 hanc
868 1115 1033 1175 diem
1065 1110 1260 1171 altum
1291 1120 1671 1181 auctumque
1705 1114 1794 1160 est
1826 1095 2104 1158 studium
2136 1092 2468 1172 religioniS,
2501 1105 2560 1151 et
2590 1110 2625 1150 a
2658 1086 3004 1170 posteritate
3024 1084 3100 1144 ad
3121 1100 3287 1143 sem·

678 1225 987 1305 piternum
1032 1233 1281 1296 tempus
1326 1211 1601 1274 studiose
1650 1205 2023 1269 retinebitur.
2087 1200 2217 1276 Qui
2264 1214 2519 1260 currunt
2563 1196 2850 1264 stadium,
2897 1189 3288 1253 contendunt

678 1331 763 1392 illi
814 1328 1073 1410 quidem
1123 1341 1343 1384 omnes
1395 1316 1690 1379 omnibus
1735 1311 1947 1373 neruis
1993 1309 2068 1370 ad
2102 1309 2377 1369 eundem
2409 1303 2735 1387 peruenire
2769 1300 3054 1374 iudicem,
3088 1318 3120 1357 a
3152 1315 3286 1377 quo

679 1435 953 1522 praemio
988 1431 1360 1493 afficiantur:
1396 1444 1525 1486 non
1556 1438 1767 1483 tamen
1799 1418 2015 1480 eadem
2049 1434 2270 1477 omnes
2302 1412 2596 1474 insistunt
2627 1409 2753 1482 via;
2790 1407 2899 1468 sed
2930 1406 3086 1466 alius
3118 1403 3283 1478 hinc,

579 1577 627 1610 ιο
682 1547 847 1609 illinc
880 1542 1055 1618 alius,
1091 1553 1342 1599 cursum
1374 1528 1719 1592 intendunt.
1749 1525 1832 1586 Ita
1866 1539 1932 1584 tu
1966 1540 2161 1581 vnum
2184 1539 2314 1580 esse
2336 1535 2636 1596 magnum
2657 1512 2972 1594 quendam
2995 1525 3052 1571 et
3071 1527 3289 1569 verum

681 1654 834 1714 vitae
883 1647 1058 1730 quasi
1103 1641 1450 1706 certaminis
1496 1635 1877 1719 praefectum
1911 1646 1968 1692 et
2000 1627 2453 1690 moderatorem
2486 1622 2819 1685 arbitraris:
2880 1619 3048 1701 pergi
3082 1631 3288 1677 autem

682 1761 758 1822 ad
804 1776 950 1820 eum
997 1772 1127 1815 non
1172 1769 1291 1810 vna
1334 1747 1450 1822 via,
1495 1742 1602 1803 sed
1648 1739 1762 1801 alia
1807 1735 2144 1818 asperiore:
2199 1732 2310 1793 alia
2343 1730 2653 1811 planiore;
2698 1727 2812 1788 alia
2846 1725 3137 1799 flexuosa,
3173 1722 3287 1783 alia

683 1868 937 1938 directa3
974 1859 1265 1922 omnibus
1296 1869 1504 1939 tamen
1534 1848 1610 1910 ad
1631 1865 1827 1907 vnum
1852 1841 2252 1921 eundemque
2271 1836 2629 1913 terminum,
2653 1833 2838 1895 veluti
2859 1830 3291 1905 diuersorium,

685 1968 1023 2057 perueniri:
1063 1963 1427 2027 alacritatem
1461 1972 1666 2018 autem
1699 1968 1757 2013 et
1789 1950 2167 2012 voluntatem
2205 1942 2597 2027 properandi,
2632 1959 2762 2002 non
2792 1939 3037 2001 aliunde
3059 1934 3293 1998 innasci

584 2112 630 2156 ις
687 2098 878 2162 quarn
910 2075 1084 2157 quod
1118 2090 1245 2133 non
1277 2067 1499 2130 eodem
1531 2080 1750 2123 omnes
1781 2071 2041 2119 utuntur
2072 2053 2301 2129 itinere,
2330 2051 2439 2114 sed
2471 2050 2695 2130 cuique
2726 2046 3037 2126 integrum
3057 2059 3148 2104 est
3169 2062 3292 2123 qua

685 2188 826 2251 velit
858 2187 951 2247 via
985 2175 1302 2265 proficisci.
1334 2173 1442 2234 Sin
1473 2187 1660 2230 vnam
1692 2166 1856 2226 viam
1888 2160 2228 2243 reliqueriS,
2262 2158 2511 2220 caeteris
2543 2153 2813 2235 obseptis
2832 2168 2892 2213 et
2913 2149 3288 2213 interclusis:

687 2295 982 2359 nimirum
1027 2298 1341 2349 contracto
1387 2277 1583 2361 spatio
1615 2272 1859 2353 vrgebis
1892 2290 2001 2331 eos
2031 2265 2349 2347 augustiis,
2384 2281 2443 2326 et
2474 2281 2661 2325 omne
2695 2258 2983 2322 currendi
3014 2257 3293 2318 studium

687 2397 1075 2467 restrinxeris.

903 2507 1072 2568 Haec
1116 2497 1446 2561 hominum
1495 2508 1624 2552 non
1671 2503 1885 2548 recens
1930 2482 2038 2543 sed
2088 2477 2449 2561 perantiqua
2497 2491 2714 2535 natura
2747 2487 2855 2548 est,
2888 2485 2945 2530 et
2978 2467 3085 2548 qui
3119 2463 3296 2528 illum

584 2649 638 2681 20
690 2617 829 2680 fecit
860 2630 1125 2675 versum.

917 2730 920 2733 ·
1309 2695 1506 2773 Atque
1538 2687 1701 2748 alius
1733 2682 1855 2744 alii
1862 2676 2147 2760 faciebat
2174 2694 2356 2736 sacra
2388 2672 2682 2733 Deorum.

905 2831 1256 2891 Homerum
1302 2832 1492 2880 aetate
1537 2807 1858 2873 antecedit.
1921 2804 2083 2865 Nam
2129 2800 2179 2861 si
2224 2814 2440 2859 verum
2486 2795 2765 2868 dicimus,
2813 2792 2950 2853 Deo
2984 2788 3097 2870 ipsi
3128 2802 3296 2869 grata

690 2961 820 3002 esse
870 2955 999 2998 non
1046 2944 1245 3016 potest
1289 2928 1440 2987 haec
1485 2918 1860 3001 opinionum
1906 2908 2255 2985 consensiO,
2304 2921 2496 2985 quarn
2543 2899 2805 2982 imperiti
2837 2896 3127 2987 homines
3158 2912 3297 2955 mo-

687 3049 955 3109 liuntur:
992 3040 1142 3122 quin
1174 3054 1311 3098 eam
1344 3033 1471 3113 ipse
1503 3026 1810 3099 distinere,
1833 3030 2037 3099 neque
2058 3015 2213 3075 velle
2238 3011 2576 3073 coalescere
2600 3007 2859 3070 videtur.
2892 3006 3054 3065 Nam
3076 3016 3294 3063 natura

583 3185 635 3230 25
692 3173 751 3216 vt
783 3155 860 3215 ait
897 3146 1258 3220 Heraclitus,
1294 3133 1583 3201 occultari
1616 3132 1784 3192 vult:
1829 3126 2156 3205 multoque
2188 3120 2383 3200 magis
2416 3132 2667 3179 naturae
2701 3112 2992 3174 dominus
3024 3125 3084 3171 et
3117 3108 3297 3170 fabri-

691 3279 859 3325 cator
903 3260 1093 3320 Deus.
1157 3247 1468 3326 Quocirca
1522 3240 1695 3322 quod
1746 3258 1778 3298 a
1830 3232 2185 3313 cognitione
2237 3242 2446 3288 nostra
2493 3244 2557 3284 se
2604 3219 2964 3301 longissime
3009 3215 3296 3292 remouit,

692 3387 898 3450 neque
931 3364 1007 3425 ad
1040 3376 1290 3443 captum
1313 3351 1712 3433 ingeniorum
1746 3356 2107 3404 nostrorum
2140 3356 2203 3397 se
2236 3331 2511 3407 demittit,
2544 3329 2685 3390 satis
2719 3323 3070 3406 argumenti
3101 3324 3298 3398 habet,

691 3496 821 3539 non
868 3471 1175 3557 postulare
1223 3480 1370 3524 eum
1415 3460 1488 3520 ab
1523 3452 1816 3517 omnibus
1848 3465 2045 3508 vnum
2078 3444 2370 3521 idemque
2403 3439 2498 3499 ius
2531 3432 2875 3514 religionis;
2928 3430 3036 3491 sed
3070 3427 3295 3508 cuique

689 3587 764 3647 de
797 3602 881 3660 se,
915 3598 1027 3640 sua
1060 3593 1189 3636 non
1222 3569 1417 3632 aliena
1448 3577 1669 3646 sponte
1702 3553 2002 3639 opinandi
2038 3549 2382 3613 facultatem
2417 3544 2781 3623 relinquere.
2829 3539 2916 3599 Ex
2950 3557 3080 3617 quo
3114 3535 3293 3596 etiam

688 3690 915 3765 euenit,
962 3701 1025 3745 vt
1056 3681 1253 3744 maior
1284 3673 1588 3757 quaedam
1627 3668 1689 3728 in
1724 3662 2053 3726 hominum
2087 3655 2308 3718 animis
2340 3649 2659 3713 admiratio
2692 3645 2886 3708 diuini
2918 3640 3210 3715 numinis,
3241 3655 3298 3700 et

685 3794 1022 3876 religiosior
1053 3803 1330 3850 aeternae
1361 3779 1521 3841 illius
1553 3770 1878 3836 maiestatis
1909 3763 2218 3828 veneratio
2251 3762 2661 3840 ingeneretur.
2713 3751 2806 3814 Fit
2837 3750 3002 3812 enim
3032 3764 3097 3808 vt
3128 3766 3287 3828 quae

687 3906 751 3966 in
803 3913 1096 3985 promptu
1146 3906 1309 3967 sunt,
1359 3902 1416 3948 et
1461 3883 1537 3945 ad
1588 3896 1845 3943 omnem
1879 3869 2349 3951 intelligentiam
2379 3865 2625 3937 abiecta,
2658 3858 3055 3934 fastidiamus,
3091 3870 3151 3916 et
3181 3872 3295 3934 pro

687 4010 884 4072 nihilo
917 4006 1249 4068 ducamus:
1286 4009 1497 4058 contra
1528 3985 1738 4067 magni
1762 3982 2159 4044 aestimemus
2191 3992 2249 4036 et
2282 3967 2673 4034 admirationi
2693 3967 3031 4027 habeamus
3050 3982 3119 4023 ea
3140 3979 3297 4041 quae

687 4116 923 4179 sublata
969 4125 1112 4172 sunt
1158 4104 1356 4177 altius,
1402 4115 1592 4180 quam
1637 4108 1700 4153 vt
1746 4110 1821 4151 eo
1854 4089 1947 4149 vis
1979 4080 2409 4161 intelligentiae
2443 4090 2683 4139 nostrae
2715 4072 2907 4154 possit
2938 4068 3297 4152 peruadere.

902 4218 1023 4280 Sed
1068 4231 1128 4275 vt
1173 4233 1206 4271 a
1250 4225 1308 4269 te
1355 4207 1487 4287 ipso
1535 4220 1664 4262 non
1711 4195 2042 4270 discedam,
2088 4190 2444 4269 Imperator,
2481 4182 2544 4243 in
2578 4178 2844 4241 exercitu
2874 4192 2986 4237 tuo
3021 4174 3293 4249 ordines,

685 4343 1072 4405 muneraque
1116 4316 1367 4381 militiae
1415 4312 1654 4374 diuersa
1700 4320 1863 4368 sunt.
1927 4302 2086 4363 Sunt
2119 4293 2484 4380 praetoriani
2519 4290 2759 4364 milites,
2790 4301 2933 4348 sunt
2965 4281 3300 4364 legionarii,

685 4451 831 4499 sunt
861 4432 970 4514 qui
1001 4450 1076 4490 ex
1107 4445 1273 4507 equo
1307 4423 1685 4503 depugnent,
1720 4426 1866 4475 sunt
1900 4409 2009 4491 qui
2044 4408 2353 4489 pedestres
2386 4418 2517 4462 rem
2547 4412 2782 4479 gerant,
2817 4408 2960 4454 sunt
2979 4390 3087 4472 qui
3106 4388 3298 4449 funda

685 4543 781 4605 vel
831 4537 1057 4619 sagittis
1107 4537 1349 4595 hostem
1399 4526 1628 4589 feriant.
1722 4521 1929 4581 Habes
1976 4513 2083 4596 qui
2129 4511 2342 4573 intima
2388 4505 2788 4570 familiaritate
2836 4499 2941 4561 tibi
2987 4495 3299 4560 coniuncti

681 4652 821 4729 sint,
857 4649 1084 4729 quibus
1116 4639 1367 4705 consilia
1398 4653 1502 4698 tua
1536 4629 1869 4693 concredas
1902 4622 2145 4686 omnia:
2181 4621 2401 4681 absunt
2433 4614 2531 4676 alii
2564 4633 2598 4673 a
2630 4630 2734 4672 tua
2767 4606 3120 4687 cognitione
3152 4604 3293 4665 lon-

576 4789 632 4830 40
684 4761 840 4842 gius,
876 4755 975 4817 alii
1021 4756 1231 4813 beatos
1279 4765 1342 4808 se
1387 4743 1645 4816 ducunt,
1679 4736 1729 4797 si
1762 4733 1958 4795 modo
1990 4729 2094 4790 vlli
2127 4748 2159 4789 e
2191 4722 2548 4787 satellitibus
2579 4718 2700 4780 tuis
2733 4715 2863 4778 noti
2894 4714 3029 4789 sint,
3061 4710 3189 4771 aliis
3224 4710 3299 4770 de

683 4867 833 4929 facie
880 4862 978 4923 vix
1026 4874 1210 4920 notus
1257 4870 1354 4926 es3
1420 4848 1551 4909 aliis
1597 4863 1676 4905 ne
1721 4843 1842 4903 hoc
1877 4838 2128 4920 quidem
2164 4829 2437 4909 contigit,
2472 4826 2578 4888 sed
2612 4822 2931 4886 auditione
2960 4832 3205 4879 tantum
3240 4831 3300 4876 et

685 4975 846 5043 fama
893 4985 1128 5036 nomen
1174 4976 1360 5023 tuum
1390 4968 1708 5035 accepere:
1758 4963 1814 5010 et
1846 4947 2076 5008 horum
2111 4943 2297 5021 longe
2330 4935 2596 4999 maxima
2628 4930 3048 4994 subiectorum
3082 4921 3300 4985 ditioni

582 3719 635 3764 30

579 4253 630 4299 35
