3684 5416
699 372 798 408 212
1326 351 1590 406 Potestas
1630 349 2007 405 ecclesiastica
2050 364 2107 405 et
2142 350 2445 422 imperium
2489 351 2663 405 civile.

697 537 1061 599 monialium
1096 556 1249 617 papa
1283 555 1414 596 non
1449 536 1755 617 disponat,
1792 536 1908 596 nisi
1938 537 2060 596 sint
2093 552 2388 616 exempta,
2424 553 2482 597 et
2500 552 2648 597 tunc
2670 555 2778 617 per
2798 535 3298 598 commissionem

698 647 761 706 in
795 645 1079 725 partibus.

913 749 993 832 [3]
1043 751 1135 812 De
1181 750 1393 811 ceteris
1440 750 1836 827 dignitatibus
1881 766 1939 810 et
1971 750 2282 811 beneficiis
2314 751 2800 831 quibuscunque
2834 750 3209 812 secularibus
3243 767 3302 809 et

699 859 1079 939 regularibus
1126 858 1419 918 vacaturis
1467 856 1620 918 ultra
1668 857 2103 918 reservationes
2135 857 2257 918 iam
2291 858 2482 918 dictas
2515 857 2873 934 (maioribus
2906 858 3303 936 dignitatibus

619 992 636 1034 ε
700 982 836 1047 post
882 962 1260 1047 pontificales
1298 964 1361 1024 in
1396 964 1845 1025 cathedralibus
1876 981 1934 1026 et
1967 965 2411 1045 principalibus
2444 965 2509 1025 in
2544 964 2882 1043 collegiatis
2914 964 3195 1044 exceptiS,
3229 965 3303 1023 de

597 1535 647 1567 to

594 2607 645 2637 20

601 3138 646 3181 ²5

599 3671 650 3709 qo

698 1075 927 1154 quibus
972 1073 1103 1134 iure
1154 1072 1465 1134 ordinario
1513 1073 1909 1152 provideatur
1951 1092 2057 1154 per
2102 1073 2241 1135 illos
2288 1073 2625 1150 inferiores,
2672 1074 2750 1133 ad
2797 1091 2962 1154 quos
2994 1071 3140 1132 alias
3173 1090 3304 1150 per-

695 1180 867 1256 tinet)
914 1181 1080 1241 idem
1125 1180 1543 1240 sanctissimus
1590 1180 1886 1240 dominus
1933 1197 2138 1241 noster
2187 1200 2293 1261 per
2337 1199 2783 1261 quamcunque
2818 1180 2998 1240 aliam
3034 1197 3301 1241 reserva-

699 1288 940 1349 cionem
987 1287 1252 1365 graciam
1299 1287 1766 1367 exspectativam
1812 1304 1918 1349 aut
1963 1288 2246 1367 quamvis
2278 1288 2460 1349 aliam
2493 1287 2969 1367 dispositionem
2999 1287 3118 1347 sub
3158 1305 3308 1366 qua-

699 1413 947 1475 cunque
992 1396 1326 1454 verborum
1374 1393 1570 1455 forma
1616 1415 1723 1475 per
1767 1412 1913 1454 eum
1960 1410 2063 1455 aut
2108 1396 2241 1456 eius
2272 1396 2629 1456 auctoritate
2666 1395 2881 1456 factam
2916 1394 3011 1454 vel
3045 1392 3309 1454 fiendam

701 1522 830 1563 non
861 1500 1170 1582 impediet,
1206 1501 1548 1580 quominus
1581 1503 1658 1563 de
1690 1501 1824 1578 illis,
1858 1521 2001 1563 cum
2035 1504 2336 1563 vacabunt
2358 1504 2434 1562 de
2456 1503 2777 1563 mensibus
2800 1501 3086 1562 februarii
3107 1499 3310 1581 aprilis

700 1608 851 1669 iunii
883 1608 1128 1686 augusti
1160 1608 1427 1669 octobris
1459 1625 1516 1669 et
1548 1609 1912 1686 decembriS,
1945 1610 2134 1670 libere
2171 1611 2536 1690 disponatur
2569 1629 2679 1690 per
2711 1609 2870 1681 illos,
2902 1609 2978 1669 ad
3001 1628 3163 1687 quos
3183 1606 3309 1667 col-

700 1715 844 1777 latio
876 1714 1145 1796 provisio
1181 1716 1547 1795 presentatio
1580 1697 1797 1777 electio
1830 1731 1935 1776 aut
1966 1717 2078 1778 alia
2112 1717 2326 1798 quevis
2358 1717 2680 1798 dispositio
2726 1715 3070 1797 pertinebit,
3120 1733 3308 1775 reser-

700 1823 1048 1884 vationibus
1097 1821 1224 1883 aliis
1271 1844 1304 1883 a
1350 1823 1662 1903 premissis
1708 1844 1776 1884 ac
1824 1823 2332 1904 dispositionibus
2373 1825 2728 1885 auctoritate
2760 1823 3042 1885 eiusdem
3074 1821 3308 1884 domini

702 1930 893 1992 nostri
929 1950 1081 2011 pape
1115 1930 1284 1991 factis
1319 1932 1407 1990 vel
1444 1929 1662 1991 fiendis
1695 1951 1823 1992 non
1858 1932 2243 1993 obstantibus
2274 1932 2772 2011 quibuscunque.
2813 1929 3135 2006 Quociens
3168 1945 3309 1987 vero

701 2038 910 2117 aliquo
957 2052 1208 2098 vacante
1253 2036 1554 2098 beneficio
1601 2040 1677 2098 de
1711 2039 2028 2099 mensibus
2062 2039 2323 2099 ianuarii
2359 2040 2565 2100 marcii
2601 2038 2746 2099 maii
2779 2037 2911 2099 iulii
2944 2034 3311 2117 septembris

700 2160 758 2204 et
789 2144 1143 2207 novembris
1187 2144 1525 2226 specialiter
1556 2145 1942 2225 dispositioni
1975 2146 2313 2225 apostolice
2346 2145 2507 2207 sedis
2539 2146 2852 2207 reservatis
2886 2164 3017 2206 non
3050 2161 3310 2223 apparu-

701 2252 810 2311 erit
843 2250 998 2312 infra
1031 2267 1151 2312 tres
1185 2271 1431 2311 menses
1463 2272 1494 2311 a
1529 2250 1625 2312 die
1662 2267 1807 2311 note
1840 2251 2174 2312 vacationis
2208 2252 2270 2312 in
2302 2250 2444 2312 loco
2478 2251 2778 2326 beneficii,
2817 2249 2992 2329 quod
3025 2247 3204 2309 alicui
3236 2247 3309 2307 de

701 2357 809 2419 illo
853 2359 1180 2440 apostolica
1230 2357 1586 2437 auctoritate
1633 2358 1811 2419 fuerit
1858 2359 2196 2440 provisum,
2247 2373 2468 2419 extunc
2503 2373 2561 2418 et
2593 2376 2723 2418 non
2754 2373 2933 2419 antea
2966 2355 3310 2418 ordinarius

703 2465 797 2526 vel
841 2466 1017 2542 alius,
1066 2469 1141 2527 ad
1189 2485 1377 2545 quem
1425 2465 1588 2527 illius
1621 2464 1944 2546 dispositio
1976 2466 2324 2546 pertinebit,
2361 2468 2437 2528 de
2471 2465 2578 2526 illo
2611 2465 2801 2526 libere
2835 2465 3137 2545 disponat.
3203 2457 3306 2541 [3⁸]

703 2574 852 2633 Item
898 2573 974 2633 ad
1011 2572 1219 2648 finem,
1269 2590 1333 2632 ut
1366 2573 1481 2633 hec
1511 2573 1816 2634 ordinatio
1849 2572 2190 2635 collationis
2224 2571 2670 2634 beneficiorum
2705 2591 2832 2632 non
2866 2586 3311 2631 reservatorum

702 2699 809 2761 per
841 2680 1103 2741 alternos
1136 2699 1378 2741 menses
1410 2680 1600 2762 possit
1636 2700 1741 2762 per
1775 2681 2088 2743 nationem
2128 2680 2487 2762 pubblicari,
2523 2696 2584 2742 et
2604 2698 2844 2752 omneS,
2878 2679 2986 2759 qui
3007 2678 3139 2760 ipsa
3157 2697 3309 2757 gau-

702 2789 846 2847 dere
878 2786 1201 2861 voluerint,
1230 2803 1476 2868 tempus
1508 2807 1862 2866 congruum
1897 2789 2162 2849 habeant
2194 2789 2454 2849 eandem
2496 2788 2871 2869 acceptandi,
2920 2803 3065 2847 tunc
3098 2785 3304 2866 quoad

701 2894 1099 2973 apostolicam
1144 2895 1355 2954 sedem
1407 2895 1471 2954 in
1520 2894 1793 2955 kalendis
1840 2895 1991 2956 iunii
2038 2895 2317 2976 proxime
2363 2894 2583 2955 futuris
2630 2896 2758 2975 ipsa
2790 2913 3035 2955 currere
3067 2892 3310 2973 incipiet

703 2999 1068 3079 durabitque
1102 2999 1408 3080 deincepS,
1444 3000 1556 3062 nisi
1591 3000 1654 3060 in
1691 3000 1898 3062 futuro
1932 3001 2194 3063 concilio
2228 3002 2303 3062 de
2330 3020 2636 3062 consensu
2658 3000 2922 3062 nationis
2942 3000 3111 3061 aliter
3131 2999 3314 3061 fuerit

701 3105 1076 3166 ordinatum.

919 3210 998 3291 [4]
1049 3213 1198 3274 Item
1243 3213 1397 3273 circa
1434 3214 1848 3294 provisionem
1884 3216 2218 3296 apostolice
2249 3216 2379 3277 sedi
2410 3215 2818 3277 ordinandam
2858 3215 3087 3277 modus
3120 3233 3310 3275 anna-

701 3335 902 3379 tarum
951 3320 1070 3381 hoc
1104 3321 1296 3380 modo
1330 3336 1566 3381 currat:
1616 3323 1693 3383 de
1726 3321 1992 3383 ecclesiis
2025 3323 2472 3384 cathedralibus
2509 3323 2805 3383 omnibus
2837 3338 2895 3383 et
2928 3319 3311 3382 monasteriis

701 3426 976 3487 virorum
1008 3428 1324 3488 dumtaxat
1355 3429 1706 3489 vacantibus
1738 3446 1794 3489 et
1826 3430 2125 3490 vacaturis
2156 3430 2472 3489 solventur
2504 3448 2620 3508 pro
2643 3428 2941 3490 fructibus
2964 3428 3144 3508 primi
3164 3426 3310 3487 anni

701 3556 734 3593 a
767 3534 864 3594 die
898 3534 1237 3595 vacacionis
1269 3554 1512 3596 summe
1547 3537 1956 3617 pecuniarum
1991 3537 2051 3597 in
2086 3536 2252 3597 libris
2286 3555 2524 3596 camere
2561 3536 2894 3617 apostolice
2928 3551 3141 3612 taxare,
3189 3554 3308 3614 que

701 3643 1060 3704 communia
1092 3643 1331 3703 servitia
1367 3660 1820 3724 nuncupantur.
1857 3645 1918 3705 Si
1952 3664 2074 3725 que
2109 3664 2256 3705 vero
2288 3644 2592 3705 excessive
2624 3659 2821 3705 taxate
2854 3658 3017 3718 sunt,
3037 3658 3308 3703 retaxen-

698 3765 824 3821 tur;
875 3756 933 3810 et
977 3750 1370 3829 provideatur
1414 3750 1761 3830 specialiter
1794 3750 1858 3810 in
1892 3751 2153 3831 gravatis
2186 3751 2544 3831 regionibus
2576 3752 2922 3812 secundum
2955 3750 3309 3829 qualitatem

700 3876 903 3918 rerum
938 3873 1294 3937 temporum
1325 3873 1382 3917 et
1414 3858 1764 3939 regionum,
1803 3876 1881 3917 ne
1914 3858 2178 3918 nimium
2213 3873 2690 3938 pregraventur;
2741 3858 2816 3917 ad
2850 3858 3025 3937 quod
3057 3856 3309 3918 sanctis·

698 3968 892 4028 simus
938 3965 1234 4026 dominus
1280 3980 1488 4025 noster
1527 3965 1869 4045 petentibus
1901 3964 2068 4025 dabit
2100 3964 2556 4025 commissarios
2599 3965 2662 4025 in
2710 3964 3003 4045 partibus,
3035 3963 3143 4043 qui
3176 3961 3307 4023 dili-

699 4094 915 4158 genter
959 4073 1277 4153 inquirant
1320 4087 1379 4131 et
1423 4087 1709 4133 retaxent.
1771 4072 1943 4133 Taxe
1990 4087 2195 4132 autem
2246 4072 2511 4151 predicte
2560 4091 2674 4152 pro
2721 4071 2924 4131 media
2959 4086 3124 4152 parte
3157 4068 3308 4129 infra

605 4206 643 4248 ις
701 4200 938 4243 annum
973 4202 1005 4240 a
1039 4180 1137 4241 die
1170 4178 1372 4239 habite
1407 4178 1811 4259 possessionis
1862 4178 2108 4259 pacifice
2142 4179 2327 4238 totius
2361 4180 2455 4239 vel
2496 4178 2744 4239 maioris
2778 4176 2963 4257 partis
2994 4177 3310 4237 solvantur

701 4306 756 4350 et
803 4309 914 4369 pro
962 4286 1160 4348 media
1197 4301 1363 4366 parte
1394 4286 1508 4347 alia
1540 4285 1692 4347 infra
1724 4301 2088 4366 sequentem
2128 4305 2383 4346 annum.
2450 4286 2524 4345 Et
2555 4285 2607 4345 si
2641 4284 2796 4345 infra
2830 4302 3064 4345 annum
3097 4282 3187 4343 bis
3218 4280 3309 4341 vel

702 4396 929 4478 pluries
961 4393 1278 4471 vacaverit,
1313 4394 1501 4454 semel
1536 4408 1774 4453 tantum
1807 4393 2109 4463 solvetur;
2147 4413 2260 4454 nec
2293 4393 2568 4453 debitum
2604 4391 2965 4453 huiusmodi
2990 4391 3052 4450 in
3072 4408 3308 4451 succes-

700 4523 901 4564 sorem
940 4503 1000 4562 in
1032 4500 1283 4561 ecclesia
1317 4501 1409 4561 vel
1444 4501 1825 4563 monasterio
1859 4516 2141 4566 transeat.

915 4605 1019 4688 [4¹²]
1070 4609 1160 4668 De
1194 4608 1405 4668 ceteris
1436 4607 1828 4689 dignitatibus
1862 4608 2296 4688 personatibus
2329 4606 2548 4668 officiis
2585 4623 2642 4667 et
2676 4606 2989 4667 beneficiis
3022 4604 3303 4667 seculari-

701 4721 816 4778 bus
848 4716 1324 4797 quibuscunque
1358 4732 1415 4776 et
1447 4715 1850 4794 regularibus,
1882 4735 2007 4795 que
2041 4715 2396 4777 auctoritate
2427 4716 2596 4777 sedis
2630 4715 2965 4795 apostolice
2986 4711 3306 4774 conferen-

700 4841 800 4885 tur
832 4823 925 4885 vel
959 4824 1036 4884 de
1068 4822 1296 4902 quibus
1329 4822 1752 4905 providebitur
1783 4838 2178 4903 preterquam
2204 4822 2411 4901 vigore
2432 4822 2778 4900 graciarum
2800 4819 3308 4902 expectativarum

700 4947 803 4993 aut
854 4950 1033 4991 causa
1088 4929 1583 5010 permutacionis,
1635 4930 1950 4992 solvantur
2000 4945 2231 4991 annate
2278 4949 2385 4989 seu
2427 4928 2615 4989 medii
2652 4929 2886 4990 fructus
2919 4928 3080 4989 iuxta
3114 4944 3308 4988 taxam
