3684 5416
1373 379 1619 434 Ecclesia
1649 376 2058 449 antiquissima.

409 563 657 639 σόντος
689 559 837 638 περὶ
864 563 983 639 τῆς
1002 558 1379 639 ἱερωσύνης
1397 560 1510 623 καὶ
1532 576 1684 623 στα-

408 669 795 743 σιαζουσῶν
825 668 957 729 τῶν
989 667 1221 749 φυλῶν
1239 665 1445 730 ὁποία
1464 667 1688 729 αὐτῶν

411 777 513 854 εἴη
578 776 668 856 τῷ
724 774 984 855 ἐνδόξῳ
1035 772 1313 853 ὀνόματι
1362 788 1685 855 κεκοσμη-

410 886 589 965 μένη,
638 883 999 945 ἐκέλευσεν
1046 878 1207 959 τοὺς
1255 877 1529 942 δώδεκα
1572 900 1690 962 φυ-

332 1015 352 1057 5
410 992 711 1069 λάρχους
758 991 1243 1067 προσενεγκεῖν
1293 986 1475 1067 αὐτῷ
1526 987 1687 1070 ῥάβ-

312 1549 359 1580 lo

412 1097 581 1175 δους
630 1096 1212 1177 ἐπιγεγραμμένας
1245 1093 1541 1172 ἑκάστης
1573 1114 1687 1174 φυ-

411 1207 532 1283 λῆς
579 1204 722 1268 κατ’
761 1202 1013 1285 ὄνομα·
1063 1202 1176 1264 καὶ
1208 1200 1440 1285 λαβὼν
1472 1201 1689 1278 αὑτὰς

414 1311 659 1389 ἔδησεν
722 1312 834 1373 καὶ
887 1310 1308 1391 ἐσφράγισεν
1368 1312 1512 1385 τοίς
1574 1306 1687 1370 δα·

410 1419 701 1496 κτυλίοις
718 1418 850 1480 τῶν
863 1418 1244 1497 φυλάρχων,
1261 1416 1371 1478 καὶ
1395 1416 1689 1478 ἀπέθετο

414 1526 628 1603 αὐτὰς
679 1526 778 1602 εἰς
827 1522 945 1599 τὴν
994 1521 1249 1601 σκηνὴν
1295 1523 1416 1585 τοῦ
1449 1540 1686 1602 μαρτυ·

414 1633 565 1711 ρίου
616 1633 717 1695 ἐπὶ
770 1630 888 1709 τὴν
933 1631 1273 1709 τράπεζαν
1315 1630 1436 1692 τοῦ
1482 1629 1683 1691 θεοῦ·

420 1765 473 1825 3.
526 1740 638 1801 καὶ
684 1738 964 1815 κλείσας
1001 1737 1120 1816 τὴν
1150 1734 1406 1815 σκηνὴν
1439 1736 1687 1816 ἐσφρά-

413 1864 604 1925 γισεν
634 1847 760 1924 τὰς
790 1844 1068 1922 κλεῖδας
1099 1842 1428 1920 ὡσαύτως
1458 1843 1555 1919 ὡς
1576 1841 1690 1906 καὶ

414 1956 540 2032 τὰς
572 1953 903 2037 ῥάβδους.
954 1976 1013 2033 4.
1062 1950 1173 2013 καὶ
1208 1949 1391 2012 εἶπεν
1423 1951 1688 2026 αὐτοῖς·

315 2084 357 2127 13
406 2058 715 2137 Ἄνδρες
763 2057 1071 2140 ἀδελφοί,
1121 2055 1202 2135 ἧς
1250 2060 1338 2120 άν
1384 2058 1603 2139 φυλῆς
1651 2058 1690 2134 ἡ

316 2618 366 2649 20

326 4756 377 4795 40

421 2165 689 2251 ῥάβδος
725 2163 1096 2250 βλαστήσῃ.
1144 2162 1393 2243 ταύτην
1433 2165 1688 2227 ἐκλέλε-

416 2294 564 2337 κται
616 2274 656 2334 ὸ
708 2271 876 2349 θεός
927 2274 1023 2349 εἰς
1069 2271 1146 2334 τὸ
1180 2270 1552 2349 ἱερατεύειν
1580 2271 1694 2334 καὶ

419 2382 833 2458 λειτουργεῖν
885 2380 1087 2460 αὐτῷ.
1177 2405 1230 2462 5.
1302 2376 1564 2456 πρωῖας
1613 2376 1697 2441 δὲ

420 2488 789 2569 γενομένης
834 2487 1297 2549 συνεκάλεσεν
1327 2488 1548 2548 πάντα
1579 2485 1697 2547 τὸν

423 2594 717 2674 Ἰσραήλ,
732 2595 855 2671 τὰς
872 2592 1240 2670 ἑξακοσίας
1251 2591 1557 2671 χιλιάδας
1569 2594 1698 2655 τῶν

421 2700 712 2781 ἀνδρῶν,
733 2700 844 2763 καὶ
868 2698 1262 2775 ἐπεδείξατο
1283 2704 1424 2777 τοῖς
1445 2700 1695 2781 φυλάρ-

419 2832 561 2889 χοις
583 2811 706 2886 τὰς
726 2808 1139 2891 σφραγῖδας,
1160 2809 1271 2870 καὶ
1293 2809 1559 2888 ἤνοιξεν
1580 2808 1697 2886 τὴν

421 2916 678 2996 σκηνὴν
721 2920 842 2980 τοῦ
876 2915 1248 2997 μαρτυρίου
1278 2916 1390 2978 καὶ
1424 2917 1698 2994 προεῑλε

421 3025 543 3102 τὰς
577 3023 923 3106 ῥάβδους·
960 3024 1070 3086 καὶ
1095 3024 1346 3102 εὑρέθη
1367 3023 1406 3100 ἡ
1430 3020 1698 3106 ῥάβδος

346 3154 363 3184 z
426 3130 705 3209 Ἀαρὼν
766 3134 851 3194 οὐ
914 3130 1122 3213 μόνον
1174 3131 1697 3216 βεβλαῠΐηκυῐα,

425 3238 603 3300 ἀλλὰ
632 3238 743 3299 καὶ
776 3237 1045 3315 καρπὸν
1077 3236 1353 3316 ἔχουσα.
1406 3240 1465 3299 6.
1502 3236 1560 3299 τί
1590 3236 1697 3298 bo·

2962 398 3018 450 ¹5

1742 582 2052 643 quaenam
2074 563 2317 624 illarum
2338 563 2614 642 glorioso
2638 563 2740 624 illo
2764 564 3020 625 nomine

1744 670 2018 730 ornanda
2054 686 2229 748 esset,
2266 670 2438 732 iussit
2469 670 2799 732 duodecim
2822 673 3019 732 tribu-

1745 796 1855 838 um
1888 776 2195 858 principes
2227 777 2462 838 adferre
2495 778 2609 838 sibi
2642 777 2839 858 virgas
2862 796 3023 858 quae

1744 884 2238 965 uniuscuiusque
2286 884 2478 945 tribus
2528 903 2762 946 nomen
2810 884 3022 946 inscri-

1744 1006 1923 1071 ptum
1956 991 2271 1053 haberent.
2308 1011 2462 1071 quas
2493 1010 2640 1052 cum
2672 992 3020 1075 accepisset,

1742 1098 1805 1159 in
1839 1097 2201 1159 fasciculum
2234 1098 2455 1176 legavit
2486 1114 2547 1160 et
2579 1098 2825 1159 annulis
2847 1098 3017 1181 prin-

1743 1205 1953 1286 cipum
1987 1205 2265 1266 tribuum
2313 1205 2594 1285 signavit,
2629 1220 2690 1267 et
2720 1205 2784 1266 in
2818 1208 3018 1267 taber-

1745 1312 1968 1373 naculo
2015 1312 2351 1374 testimonii
2391 1331 2578 1393 super
2610 1332 2890 1375 mensam
2924 1313 3022 1373 dei

1743 1420 2035 1501 deposuit
2080 1439 2202 1480 eas.
2271 1440 2325 1500 3.
2376 1418 2711 1501 clausoque
2744 1423 3026 1482 taberna-

1743 1527 1887 1588 culo
1933 1527 2129 1588 claves
2174 1526 2454 1588 similiter
2496 1542 2678 1608 atque
2711 1527 2910 1607 virgas
2941 1526 3022 1587 si·

1742 1633 1970 1714 gnavit,
2033 1655 2092 1713 4.
2142 1649 2200 1695 et
2250 1634 2399 1695 dixit
2443 1633 2562 1695 eis:
2616 1634 2745 1695 Viri
2794 1633 3025 1707 fratta,

1743 1742 1922 1803 cuius
1954 1742 2149 1804 tribus
2182 1740 2349 1820 virga
2379 1740 2832 1820 germinaverit,
2868 1738 3029 1801 hanc

1746 1848 1928 1928 elegit
1976 1849 2129 1910 deus
2177 1867 2337 1928 quae
2390 1848 2501 1929 ipsi
2553 1866 2718 1908 sacra
2759 1847 2935 1910 faciat
2966 1862 3025 1907 et

1748 1956 2063 2016 ministret.
2133 1976 2186 2035 5.
2224 1974 2403 2016 mane
2435 1970 2644 2016 autem
2677 1954 2837 2017 facto
2869 1975 3021 2016 con·

1748 2062 2022 2143 gregavit
2068 2062 2427 2123 universum
2475 2060 2783 2143 populum
2825 2061 3024 2135 Israel,

1749 2185 2031 2230 sexcenta
2083 2168 2246 2228 milia
2297 2167 2595 2244 virorum,
2649 2183 2707 2227 et
2752 2168 3027 2229 tribuum

1751 2275 2136 2358 principibus
2182 2274 2379 2354 sigilla
2412 2273 2701 2352 ostendit,
2742 2291 2801 2334 et
2832 2276 3030 2335 taber-

1753 2381 2048 2444 naculum
2099 2381 2435 2443 testimonii
2475 2382 2713 2462 aperuit
2742 2396 2802 2441 et
2833 2382 3031 2459 virgas

1752 2489 2029 2573 protulit.
2071 2505 2130 2549 et
2162 2488 2409 2551 inventa
2443 2504 2533 2550 est
2566 2489 2730 2568 virga
2764 2488 3030 2549 Aaronis

1753 2617 1886 2659 non
1900 2611 2144 2658 tantum
2158 2596 2553 2676 germinasse,
2565 2597 2673 2657 sed
2692 2611 2750 2657 et
2762 2596 3028 2656 fructum
3061 2640 3064 2643 »

1752 2705 1927 2780 ferre,
1979 2705 2037 2766 6.
2071 2703 2243 2785 quid,
2279 2702 2503 2783 dilecti,
2537 2702 2714 2764 vobis
2746 2701 3027 2763 videtur?

1751 2833 1829 2876 an
1896 2813 2015 2873 hoc
2078 2811 2357 2875 futurum
2437 2830 2567 2872 non
2634 2808 3034 2891 praesciverat

1756 2923 2018 2982 Moses?
2042 2919 2308 2992 maxime
2341 2934 2628 2990 noverat3
2683 2935 2901 2978 verum
2954 2935 3031 2975 ne

1753 3027 1977 3089 seditio
2023 3026 2087 3088 in
2135 3025 2373 3108 populo
2422 3025 2602 3086 Israel
2646 3024 2909 3085 oriretur
2954 3021 3034 3083 ita

1755 3132 1914 3210 fecit,
1950 3149 2017 3194 ut
2050 3151 2283 3194 nomen
2319 3132 2440 3193 veri
2475 3147 2533 3193 et
2565 3131 2756 3193 solius
2791 3128 3031 3191 domini

1751 3239 2226 3320 glorificaretur;
2263 3240 2361 3300 cui
2395 3239 2471 3299 sit
2490 3238 2683 3317 gloria
2708 3238 2771 3298 in
2792 3236 3032 3296 saecula

422 3349 620 3417 κείτε,
656 3344 1021 3423 ἀγαπητοί;
1067 3345 1151 3406 οὐ
1185 3343 1470 3426 προῄδει
1507 3345 1700 3406 Mene-
1754 3345 2166 3410 saeculorum.
2209 3365 2409 3408 amen.

424 3454 551 3529 σῆς
573 3453 775 3513 τοῦτο
795 3452 1055 3533 μέλλειν
1077 3450 1388 3524 ἕσεσθαις
1413 3451 1701 3531 μάλιστα

425 3556 603 3637 ᾔδει·
644 3558 787 3620 ἀλλ’
823 3558 940 3619 ἵνα
973 3557 1055 3638 μὴ
1091 3557 1568 3620 ἀκαταστασία
1599 3559 1701 3638 γέ·

319 3687 342 3728 3
424 3685 615 3744 νηται
662 3666 857 3746 ἐντῷ
893 3663 1189 3744 Ἰσραήλ,
1238 3664 1457 3742 οὕτως
1489 3664 1702 3743 ἐποίη-

427 3790 568 3845 σεν,
621 3773 719 3849 εἰς
765 3771 842 3834 τὸ
889 3771 1315 3851 δοξασθῆναι
1360 3770 1438 3835 τὸ
1484 3770 1704 3852 ὄνομα

427 3882 547 3941 τοῦ
581 3880 906 3957 ἀληθινοῦ
937 3879 1048 3940 καὶ
1085 3878 1296 3960 μόνου
1328 3878 1595 3957 κυρίου·
1650 3876 1702 3959 ᾧ

428 3987 464 4062 ἡ
500 3984 676 4059 δόξα
698 3987 795 4062 εἰς
814 3984 977 4063 τοὺς
999 3987 1252 4064 αἰῶνας
1273 3988 1404 4048 τῶν
1424 3984 1703 4048 αἰώνων.

427 4092 620 4174 ἀμήν.

514 4203 724 4265 XLIV.
775 4202 910 4264 Καὶ
975 4201 1039 4264 οἱ
1104 4201 1474 4265 ἀπόστολοι
1524 4203 1706 4282 ἡμῶν

1851 4203 2063 4266 XLIV.
2098 4200 2383 4283 Apostoli
2415 4218 2672 4280 quoque
2706 4197 2897 4260 nostri
2933 4216 3042 4277 per

430 4306 741 4383 ἔγνωσαν
786 4306 902 4371 διὰ
947 4311 1070 4372 τοῦ
1100 4309 1341 4386 κυρίου
1373 4309 1557 4391 ἡμῶν
1593 4309 1707 4387 Ἰη-
1761 4310 1961 4372 Iesum
2005 4309 2327 4371 Christum
2375 4306 2709 4368 dominum
2757 4321 3038 4366 nostrum

429 4417 559 4476 σοῦ
594 4415 895 4494 Χριστοῦ
929 4416 1029 4479 ὅτι
1062 4414 1208 4495 ἔρις
1240 4415 1430 4479 ἔσται
1462 4415 1563 4478 ἐπὶ
1585 4417 1706 4479 τοῦ

428 4520 771 4603 ὀνόματος
815 4524 935 4601 τῆς
997 4524 1385 4602 ἐπισκοπῆς.

1472 4546 1527 4587 2.
1593 4521 1709 4584 διὰ

428 4627 677 4708 ταύτην
724 4628 849 4692 οὖν
896 4629 1016 4709 τὴν
1056 4628 1272 4693 αἰτίαν
1324 4629 1709 4710 πρόγνωσιν

431 4736 787 4817 εἰληφότες
818 4736 1082 4800 τελείαν
1098 4737 1530 4815 κατέστησαν
1549 4735 1711 4814 τοὺς

428 4844 982 4928 προειρημένους,
1000 4844 1111 4906 καὶ
1129 4842 1379 4926 μεταξὺ
1398 4841 1713 4924 ἐπινομὴν

1764 4432 2216 4498 cognoverunt,
2271 4414 2736 4476 contentionem
2770 4413 2845 4473 de
2879 4412 3041 4493 epis-

1765 4540 1990 4606 copatu
2024 4522 2440 4597 oborituram;
2511 4541 2568 4584 2.
2608 4523 2690 4581 ob
2724 4537 2860 4581 eam
2895 4537 3044 4598 ergo

1765 4650 2036 4708 causam,
2058 4629 2321 4711 perfecta
2345 4626 2744 4710 praescientia
2766 4625 3042 4707 praediti,

1765 4738 2223 4803 constituerunt
2256 4735 2618 4818 praedictos,
2653 4752 2722 4794 ac
2754 4733 3048 4815 deinceps

1766 4844 2241 4925 dispositionem
2293 4842 2599 4903 dederunt
2649 4854 2717 4901 ut
2764 4858 2908 4900 cum
2961 4838 3046 4900 illi

432 4949 700 5013 ἔδωκαν
742 4951 927 5029 ὅπως
960 4951 1083 5014 ἐὰν
1113 4951 1541 5033 κοιμηθῶσιν,
1577 4949 1711 5011 δια·
1770 4951 2192 5029 decessissent,
2229 4948 2641 5011 ministerium
2691 4965 2911 5008 eorum
2945 4945 3044 5006 alii
