3684 5416
665 390 737 444 30
1628 372 1880 429 Ecclesia
1907 372 2315 446 antiquissima.

884 557 1030 636 Cap.
1053 556 1329 617 XXXIX.
1362 556 1607 637 Corpus
1632 576 1852 617 sumus
1869 557 1945 618 de
1961 557 2334 619 conscientia
2356 559 2669 637 religionis
2687 576 2745 621 et
2762 561 3114 641 disciplinae
3139 564 3279 625 uni-

668 678 785 723 tate
817 678 876 723 et
909 662 1038 743 spei
1070 662 1333 723 foedere.
1367 664 1627 724 Coimus
1661 663 1726 723 in
1760 679 2007 724 coetum
2043 680 2100 723 et
2121 666 2688 745 congregationem,
2711 682 2777 728 ut
2797 668 2873 728 ad
2895 669 3084 730 deum
3106 671 3281 749 quasi

668 789 858 830 manu
893 769 1045 829 facta
1080 769 1537 849 precationibus
1570 770 1915 830 ambiamus
1948 788 2209 832 orantes.
2234 772 2401 832 Haec
2421 773 2516 832 vis
2545 774 2663 835 deo
2684 790 2850 855 grata
2873 791 2978 835 est.
3013 775 3282 838 Oramus

667 877 846 938 etiam
871 895 986 957 pro
1008 875 1495 957 imperatoribus.
1519 896 1633 957 pro
1651 876 1941 937 ministris
1962 896 2178 937 eorum
2201 894 2260 939 et
2281 879 2703 958 potestatibus„
2725 900 2838 961 pro
2854 896 3012 942 statu
3035 883 3279 954 saeculi,

588 1012 610 1054 5
669 1004 782 1065 pro
803 1002 1006 1044 rerum
1031 983 1255 1063 quiete,
1280 1002 1391 1063 pro
1414 1002 1585 1043 mora
1608 983 1764 1044 finis.
1787 985 2052 1045 Coimus
2072 985 2149 1045 ad
2170 984 2504 1046 litterarum
2529 986 2876 1048 divinarum
2897 1007 3282 1050 commemo·

560 1544 612 1575 to

557 2079 606 2121 ¹5

548 2612 609 2643 ⁴20

550 3147 604 3190 25

546 3682 602 3722 30

542 4215 596 4258 35

668 1091 991 1165 rationem,
1025 1090 1074 1150 si
1108 1090 1260 1170 quid
1293 1090 1707 1171 praesentium
1742 1107 2099 1172 temporum
2132 1092 2389 1171 qualitas
2422 1109 2529 1154 aut
2561 1113 2963 1173 praemonere
2986 1096 3149 1173 cogit
3169 1114 3273 1157 aut

669 1216 1128 1278 recognoscere.
1195 1199 1375 1259 Certe
1423 1198 1609 1259 fidem
1641 1199 1861 1259 sanctis
1896 1199 2151 1260 vocibus
2186 1200 2512 1279 pascimus,
2560 1220 2734 1280 spem
2769 1201 3083 1279 erigimus,
3119 1202 3281 1264 fidu-

668 1306 823 1365 ciam
869 1303 1136 1383 figimus,
1184 1305 1569 1386 disciplinam
1620 1321 2093 1387 praeceptorum
2127 1306 2534 1367 nihilominus
2568 1307 3089 1369 inculcationibus
3123 1311 3278 1370 den-

666 1430 907 1487 samus;
964 1411 1191 1471 ibidem
1241 1412 1417 1471 etiam
1469 1413 1945 1489 exhortationes,
1981 1412 2410 1492 castigationes
2443 1429 2502 1473 et
2534 1433 2794 1476 censura
2827 1414 3049 1475 divina.
3114 1416 3274 1477 Nam

667 1534 725 1578 et
772 1518 1074 1578 iudicatur
1121 1535 1350 1596 magno
1397 1536 1541 1578 cum
1593 1519 1886 1599 pondere,
1939 1537 2006 1580 ut
2052 1520 2214 1599 apud
2251 1536 2448 1581 certos
2479 1519 2556 1580 de
2589 1521 2685 1580 dei
2719 1538 3073 1602 conspectu,
3107 1541 3279 1583 sum·

666 1644 969 1704 mumque
1005 1623 1193 1685 futuri
1228 1624 1435 1683 iudicii
1470 1624 1919 1705 praeiudicium
1954 1641 2063 1699 est,
2097 1625 2145 1684 si
2179 1625 2320 1704 quis
2353 1625 2433 1686 ita
2456 1626 2795 1706 deliquerit,
2830 1644 2895 1688 ut
2926 1649 2958 1688 a
2994 1647 3278 1690 commu·

667 1731 972 1792 nicatione
1006 1730 1300 1790 orationis
1332 1746 1392 1790 et
1423 1746 1768 1792 conventus
1802 1747 1860 1791 et
1893 1731 2097 1792 omnis
2130 1732 2321 1792 sancti
2356 1733 2707 1793 commercii
2741 1733 3060 1813 relegetur.
3095 1736 3279 1797 Prae-

665 1838 869 1898 sident
916 1837 1152 1918 probati
1187 1838 1421 1917 quique
1454 1838 1747 1913 seniores,
1798 1839 2102 1899 honorem
2139 1838 2328 1899 istum
2362 1857 2489 1898 non
2523 1839 2737 1919 preti0,
2787 1842 2890 1901 sed
2927 1840 3278 1903 testimonio

664 1946 887 2026 adepti.
955 1946 1175 2025 Neque
1218 1947 1385 2005 enim
1419 1947 1617 2027 pretio
1648 1946 1769 2006 ulla
1804 1966 1898 2006 res
1932 1947 2029 2007 dei
2062 1962 2319 2007 constat.
2353 1947 2549 2007 Etiam
2583 1948 2631 2007 si
2666 1946 2839 2028 quod
2870 1966 3042 2008 arcae
3073 1967 3270 2026 genus

665 2068 769 2129 est,
805 2072 937 2113 non
972 2054 1048 2114 de
1082 2053 1411 2113 honoraria
1444 2072 1689 2114 summa
1723 2054 1900 2133 quasi
1933 2054 2286 2134 redemptae
2319 2053 2628 2136 religionis
2661 2070 3086 2136 congregatur.
3140 2055 3277 2116 Mo-

665 2159 865 2220 dicam
916 2159 1349 2241 unusquisque
1400 2161 1617 2242 stipem
1675 2176 1989 2221 menstrua
2037 2161 2151 2237 die,
2201 2160 2295 2220 vel
2341 2180 2483 2221 cum
2520 2160 2678 2239 velit,
2727 2179 2784 2222 et
2816 2162 2865 2221 si
2897 2162 3091 2222 modo
3123 2161 3280 2236 velit,

664 2282 723 2326 et
754 2266 803 2327 si
838 2268 1025 2327 modo
1061 2266 1270 2347 possit,
1306 2267 1591 2348 apponit;
1627 2287 1769 2329 nam
1793 2287 1982 2329 nemo
2004 2267 2413 2349 compellitur,
2449 2268 2555 2328 sed
2577 2285 2794 2349 sponte
2819 2267 3074 2329 confert.
3112 2269 3280 2329 Haec

665 2374 839 2453 quasi
876 2374 1150 2454 deposita
1187 2374 1422 2454 pietatis
1454 2389 1618 2434 sunt.
1687 2374 1851 2435 Nam
1886 2374 2030 2435 inde
2066 2394 2192 2435 non
2229 2374 2426 2455 epulis
2458 2394 2574 2434 nec
2606 2374 2905 2455 potaculis
2940 2375 3276 2455 necingra-

666 2480 758 2540 tiis
809 2480 1130 2541 voratrinis
1182 2481 1589 2561 dispensatur,
1643 2482 1748 2541 sed
1802 2481 2013 2559 egenis
2063 2481 2299 2541 alendis
2351 2482 2809 2561 humandisque
2864 2497 2923 2542 et
2972 2482 3179 2563 pueris
3210 2502 3280 2544 ac

667 2586 886 2667 puellis
919 2605 982 2647 re
1003 2605 1073 2646 ac
1094 2588 1450 2667 parentibus
1471 2587 1789 2664 destitutis,
1824 2588 2074 2668 iamque
2099 2588 2453 2649 domesticis
2473 2589 2744 2665 senibus,
2778 2589 2925 2650 item
2946 2590 3276 2670 naufragis,

665 2710 723 2755 et
755 2694 800 2754 si
836 2694 943 2775 qui
978 2694 1039 2754 in
1073 2694 1347 2772 metalliS,
1394 2711 1455 2755 et
1486 2694 1534 2756 si
1568 2694 1677 2774 qui
1715 2694 1777 2754 in
1809 2694 2024 2755 insulis
2059 2695 2151 2756 vel
2185 2695 2246 2756 in
2282 2696 2595 2766 custodiis,
2643 2697 2959 2758 dumtaxat
2990 2718 3064 2758 ex
3096 2716 3278 2758 causa

665 2802 763 2862 dci
796 2817 1012 2873 sectae,
1047 2802 1285 2862 alumni
1317 2802 1722 2863 confessionis
1752 2822 1898 2863 suae
1932 2802 2108 2863 fiunt.

878 2909 1028 2989 Cap.
1060 2909 1240 2969 XLII.
1306 2908 1425 2969 Sed
1458 2908 1576 2969 alio
1610 2928 1868 2990 quoque
1902 2908 2264 2970 iniuriarum
2297 2910 2477 2971 titulo
2511 2909 2919 2990 postulamur,
2955 2926 3012 2970 et
3045 2909 3274 2971 infruc-

664 3016 827 3077 tuosi
862 3016 924 3076 in
959 3016 1222 3095 negotiis
1254 3015 1535 3076 dicimur.
1589 3014 1739 3090 Quo
1774 3031 1950 3096 pacto
1984 3014 2268 3075 homines
2301 3016 2622 3076 vobiscum
2657 3016 2964 3096 degentes,
2997 3016 3274 3078 eiusdem

663 3123 879 3198 victus,
932 3122 1194 3196 habitus,
1244 3123 1605 3201 instructus,
1660 3122 1938 3183 eiusdem
1992 3124 2067 3183 ad
2120 3122 2306 3182 vitam
2356 3122 2768 3184 necessitatis?
2833 3123 3055 3203 Neque
3106 3123 3270 3184 enim

661 3231 1080 3291 Brachmanae
1114 3244 1217 3289 aut
1248 3229 1541 3288 lndorum
1573 3229 2123 3310 gymnosophistae
2155 3248 2392 3304 sumus,
2426 3229 2733 3290 silvicolae
2767 3246 2825 3290 et
2854 3231 3066 3291 exules
3099 3231 3272 3292 vitae.

662 3337 1063 3398 Meminimus
1108 3334 1361 3415 gratiam
1410 3335 1632 3396 debere
1680 3354 1796 3396 nos
1842 3336 1982 3412 deo,
2030 3336 2308 3412 dominO,
2355 3336 2640 3397 creatori:
2707 3335 2953 3397 nullum
3004 3336 3270 3397 fructum

658 3463 921 3524 operum
954 3442 1086 3503 eius
1119 3443 1546 3523 repudiamus:
1585 3443 1763 3524 plane
1795 3459 2231 3524 temperamus,
2268 3463 2344 3504 ne
2368 3444 2524 3504 ultra
2546 3445 2809 3504 modum
2830 3460 2934 3505 aut
2955 3462 3272 3525 perperam

658 3565 922 3612 utamur.
956 3550 1165 3629 ltaque
1201 3568 1332 3610 non
1367 3549 1499 3610 sine
1534 3548 1691 3624 for0,
1729 3568 1860 3609 non
1894 3550 2025 3610 sine
2060 3549 2340 3626 macello,
2374 3569 2506 3612 non
2537 3550 2670 3611 sine
2705 3552 2955 3628 balneiS,
2987 3551 3273 3624 taberniS,

656 3658 941 3734 officiniS,
990 3656 1261 3732 stabulis,
1311 3656 1609 3716 nundinis
1654 3656 1869 3717 vestris
1915 3656 2251 3736 ceterisque
2299 3657 2685 3717 commerciis
2729 3657 3159 3718 cohabitamus
3207 3656 3271 3717 in

659 3767 778 3826 hoc
823 3764 1092 3826 saeculo,
1157 3763 1537 3844 Navigamus
1588 3780 1645 3824 et
1694 3783 1808 3823 nos
1856 3763 2178 3824 vobiscum
2226 3781 2282 3824 et
2330 3764 2665 3825 militamus
2710 3780 2768 3824 et
2816 3764 3184 3824 rusticamur
3215 3780 3272 3823 et

658 3888 959 3933 mercatus
1007 3870 1267 3951 proinde
1314 3870 1664 3947 miscemuS,
1713 3886 1886 3947 arteS,
1937 3890 2122 3950 opera
2175 3886 2382 3932 nostra
2435 3870 2821 3951 publicamus
2868 3871 3006 3931 usui
3053 3885 3273 3942 vestm,

657 3978 1003 4053 Quomodo
1053 3977 1418 4038 infructuosi
1466 3977 1749 4038 videmur
1796 3978 2059 4057 negotiis
2105 3978 2335 4054 vestriS,
2386 3998 2527 4038 cum
2577 3978 2806 4058 quibus
2839 3993 2897 4038 et
2928 3978 3004 4037 de
3041 3978 3271 4056 quibus

656 4084 937 4162 vivimuS,
992 4104 1125 4146 non
1174 4086 1323 4148 scio,
1406 4085 1526 4145 Sed
1578 4085 1627 4145 si
1679 4084 2083 4146 caerimonias
2133 4102 2268 4146 tuas
2320 4105 2447 4146 non
2499 4084 2845 4165 frequent0,
2900 4100 3167 4146 attamen
3213 4100 3272 4145 et

657 4192 754 4252 illa
815 4192 913 4252 die
977 4192 1169 4252 homo
1218 4211 1376 4252 sum.
1456 4192 1598 4253 Non
1643 4192 1816 4252 lavor
1861 4192 2135 4253 diluculo
2188 4191 2631 4268 Saturnalibus,
2678 4212 2756 4252 ne
2809 4207 2867 4251 et
2917 4206 3159 4253 noctem
3214 4206 3272 4251 et

655 4299 817 4359 diem
855 4300 1127 4380 perdam,
1172 4313 1438 4359 attamen
1482 4298 1654 4364 lavor
1687 4300 1947 4360 honesta
1981 4300 2133 4359 hora
2165 4313 2224 4359 et
2255 4298 2500 4374 salubri,
2536 4318 2695 4378 quae
2728 4298 2880 4359 mihi
2915 4314 2973 4358 et
3004 4298 3272 4359 calorem

655 4422 711 4466 et
743 4406 1112 4485 sanguinem
1146 4422 1371 4480 serven
1410 4407 1602 4484 rigere
1636 4422 1693 4467 et
1726 4406 1954 4487 pallere
1988 4422 2124 4487 post
2155 4406 2463 4466 lavacrum
2499 4421 2782 4466 mortuus
2815 4422 3091 4486 possum.
3122 4405 3269 4465 Non

653 4515 717 4576 in
752 4515 1003 4596 publico
1040 4514 1418 4575 Liberalibus
1439 4514 1783 4584 discumbo,
1819 4515 1993 4594 quod
2015 4512 2307 4574 bestiariis
2327 4531 2680 4592 supremam
2703 4512 3112 4573 coenantibus
3133 4530 3271 4572 mos

653 4637 762 4700 est,
798 4637 1065 4682 attamen
1101 4621 1204 4681 ubi
1239 4622 1315 4681 de
1348 4620 1538 4702 copiis
1570 4621 1692 4680 tuis
1728 4639 1946 4681 coeno.
2011 4619 2157 4681 Non
2191 4638 2334 4679 emo
2368 4619 2549 4699 capiti
2581 4639 2898 4683 coronam.
2961 4618 3135 4694 Quid
3167 4634 3271 4678 tua

654 4730 918 4804 interest,
942 4728 1161 4808 emptis
1180 4727 1588 4789 nihilominus
1610 4726 1866 4787 floribus
1900 4726 2225 4807 quomodo
2248 4742 2385 4787 utar
2401 4726 2435 4789 Ρ
2467 4726 2624 4788 Puto
2645 4725 2877 4805 gratius
2907 4744 3037 4786 esse
3065 4723 3270 4785 liberis

654 4852 711 4897 et
757 4835 973 4897 solutis
1020 4851 1078 4895 et
1113 4834 1390 4914 undique
1425 4832 1609 4912 vagis.
1674 4831 1796 4893 Sed
1830 4832 1939 4893 etsi
1975 4833 2039 4892 in
2073 4850 2369 4893 coronam
2399 4832 2641 4909 coactis,
2677 4852 2792 4893 nos
2824 4850 3124 4893 coronam
3159 4851 3267 4892 na-

655 4942 823 5004 ribus
856 4939 1179 5011 novimus;
1217 4940 1478 5001 viderint
1510 4939 1619 5019 qui
1652 4958 1762 5018 per
1793 4939 2083 5020 capillum
2118 4938 2477 5000 odorantur.
2544 4938 2918 5019 Spectaculis
2953 4957 3084 4999 non
3117 4957 3269 4999 con-
