3684 5416
543 1487 588 1518 to

540 2021 581 2064 ¹5

533 2555 585 2587 20

531 3100 581 3144 25

528 3636 579 3677 30

524 4171 573 4215 35

518 4705 572 4743 40

652 318 755 370 544
1730 307 1898 362 Curia
1939 324 2196 360 romana.

650 485 1003 565 Apostolica
1039 489 1113 546 ab
1147 486 1624 550 immemorabili
1656 506 1938 572 tempore
1972 491 2178 564 extitit,
2212 491 2506 569 Magister
2527 490 2820 552 Brevium
2852 506 3265 571 nuncupatus,

648 590 822 668 cujus
872 592 1232 654 electionem
1287 612 1426 656 ante
1479 598 1916 660 Pontificatum
1968 599 2064 660 fel.
2119 619 2237 660 ree.
2294 598 2784 660 Praedecessoris
2837 597 3044 660 Nostri
3096 597 3265 657 Pauli

650 699 845 779 Papae
878 699 950 760 V.
987 701 1062 761 ad
1096 701 1446 780 Collegium
1482 704 1959 766 secretariorum
2009 707 2517 788 Apostolicorum
2563 709 2800 786 absque
2850 705 3262 767 controversia

647 805 1011 885 pertinuisse
1063 807 1462 887 dignoscitur.
1530 812 1765 873 Verum
1819 833 2022 894 quum
2075 815 2151 875 de
2202 834 2371 875 anno
2418 817 2583 894 ¹614
2635 831 2776 896 post
2823 813 3065 875 obitum
3112 813 3259 874 olim

645 912 900 973 Joannis
936 914 1129 975 Mileti
1173 917 1251 976 ad
1285 916 1644 994 hujusmodi
1677 920 1975 981 Officium
2009 921 2281 1000 Magistri
2318 921 2609 982 Brevium
2639 942 2673 981 a
2708 920 3022 1002 praedicto
3056 920 3258 981 Colle-

644 1019 747 1097 gio
782 1019 1265 1083 Secretariorum
1287 1024 1789 1104 Apostolicorum
1825 1026 2016 1104 electi,
2050 1047 2237 1109 super
2269 1027 2399 1105 jure
2435 1029 2688 1088 Novum
2714 1026 3081 1107 Magistrum
3114 1027 3256 1087 Bre-

646 1128 815 1189 vium
849 1129 1132 1208 eligendi,
1169 1146 1227 1192 et
1260 1132 1617 1212 deputandi,
1652 1134 2042 1214 triangularis
2076 1151 2206 1196 orta
2240 1153 2397 1196 esset
2429 1136 2503 1196 lis
2537 1151 2595 1195 et
2627 1135 3072 1208 controversia;
3108 1154 3256 1195 num

643 1233 866 1295 scilicet
898 1236 973 1294 ad
1008 1236 1320 1297 Datariam
1354 1239 1798 1318 Apostolicam,
1847 1261 1925 1301 an
1956 1261 2102 1302 vero
2135 1242 2213 1302 ad
2246 1242 2630 1322 praedictum
2667 1241 3017 1320 Collegium
3052 1241 3255 1302 Secre-

643 1341 939 1402 tariorum
991 1344 1517 1424 Apostolicorum,
1575 1347 1666 1407 vel
1716 1348 1920 1428 potius
1971 1349 2046 1409 ad
2103 1349 2458 1427 Collegium
2509 1349 2899 1429 Scriptorum
2953 1347 3252 1422 Brevium,

644 1449 930 1528 praedicti
963 1450 1260 1512 Officialis
1307 1453 1522 1513 electio
1571 1469 1629 1514 et
1674 1455 1990 1536 deputatio
2023 1472 2353 1537 spectaret;
2405 1476 2602 1536 eaque
2636 1456 2708 1518 lis
2743 1472 2803 1516 et
2835 1475 3018 1516 causa
3052 1473 3251 1515 coram

642 1557 785 1616 bon.
821 1576 1005 1618 mem.
1044 1560 1255 1621 Marco
1289 1562 1547 1621 Aurelio
1586 1563 1865 1623 Maraldo
1910 1580 2060 1625 tunc
2092 1565 2390 1646 temporis
2427 1564 2677 1625 Datario
2713 1565 3136 1639 discuteretur,
3171 1578 3254 1622 at·

642 1684 765 1743 que
797 1666 1002 1727 adhuc
1035 1667 1349 1731 indecesse
1383 1670 1695 1750 penderet,
1743 1672 1911 1732 idem
1945 1672 2382 1734 Praedecessor
2420 1671 2645 1733 Paulus
2699 1669 3060 1731 huiusmodi
3092 1670 3251 1730 litem

642 1789 697 1831 et
731 1792 977 1833 causam
1012 1775 1365 1836 auctoritate
1388 1777 1740 1858 Apostolica
1775 1779 1850 1838 ad
1884 1798 1948 1838 se
1981 1778 2273 1855 avocavit,
2310 1794 2493 1858 atque
2528 1777 2821 1838 omnibus
2855 1777 2965 1837 rite
2998 1794 3247 1856 perpen-

640 1879 737 1956 εἰς,
784 1898 893 1959 per
937 1901 1112 1942 suam
1149 1882 1520 1944 Schedulam
1569 1901 1777 1946 motus
1823 1885 2056 1965 proprii
2102 1885 2386 1963 decrevit,
2424 1901 2482 1946 et
2515 1884 2860 1962 declaravit,
2894 1883 3252 1944 electionem

642 2006 958 2067 personae,
1004 2009 1162 2071 quae
1196 1990 1491 2053 Officium
1527 1993 1801 2073 Magistri
1839 1993 2126 2054 Brevium
2173 2010 2495 2070 exerceret,
2542 2013 2574 2053 a
2622 1992 2935 2074 praedicto
2975 1990 3252 2069 Collegio

642 2093 1121 2156 secretariorum
1171 2099 1671 2178 Apostolicorum
1719 2119 1967 2180 semper
2015 2099 2358 2160 faciendam
2404 2119 2562 2177 esse,
2611 2116 2667 2160 et
2716 2098 2865 2174 fore,
2918 2098 3252 2176 factamque

639 2216 773 2261 tum
805 2204 880 2262 ab
914 2203 1050 2284 ipso
1084 2205 1367 2286 Collegio
1402 2207 1770 2268 electionem
1802 2207 1867 2268 in
1902 2227 2162 2288 persona
2194 2206 2447 2267 Joannis
2478 2207 2684 2267 Jacobi
2722 2206 3033 2286 Bulgarini
3066 2221 3249 2266 ratam

640 2309 869 2388 habuit,
902 2315 1281 2392 approbavit,
1314 2330 1371 2374 et
1404 2314 1810 2380 confirmavit.

854 2428 883 2486 S
922 2439 976 2481 2.
1026 2420 1238 2480 Postea
1284 2440 1430 2481 vero
1463 2422 1771 2483 recolend.
1811 2441 1998 2483 mem.
2036 2422 2472 2484 Praedecessor
2513 2421 2739 2502 pariter
2775 2436 2985 2482 noster
3017 2420 3250 2500 Grego-

640 2524 765 2584 rius
801 2525 960 2606 Papa
994 2526 1093 2586 XI.
1127 2547 1294 2588 anno
1338 2530 1490 2590 1621
1534 2527 1832 2589 Officium
1871 2528 2234 2605 hujusmodi
2257 2527 2530 2607 Magistri
2551 2527 2845 2588 Brevium
2877 2527 2941 2586 in
2963 2526 3250 2587 Officium

640 2631 926 2693 Vacabile
958 2636 1075 2695 sub
1110 2635 1332 2694 eodem
1364 2634 1565 2712 titu10,
1599 2653 1742 2694 cum
1775 2635 2027 2695 adnexis
2062 2634 2442 2695 Praelaturae
2474 2633 2761 2714 insigniis
2796 2648 2853 2693 et
2886 2632 3242 2706 honoribuS,

637 2756 694 2801 et
740 2761 884 2802 cum
933 2743 1213 2804 facultate
1262 2744 1412 2805 illud
1464 2744 1818 2823 resignandi
1866 2763 1978 2825 pro
2012 2743 2175 2820 justo
2211 2743 2424 2824 preti0,
2457 2743 2533 2803 ad
2567 2742 2759 2803 instar
2793 2741 3059 2802 aliorum
3093 2739 3243 2801 Offi-

637 2848 876 2910 ciorum
915 2850 1315 2928 Vacabilium,
1351 2852 1553 2928 erexit,
1596 2852 1835 2933 ipsique
1872 2871 1985 2931 pro
2020 2867 2300 2930 tempore
2340 2851 2612 2911 Praelato
2650 2848 3013 2928 hujusmodi
3047 2847 3246 2909 Officii

640 2955 996 3032 possessori,
1047 2959 1259 3019 omnia
1310 2975 1367 3020 et
1417 2960 1655 3039 singula
1707 2961 2144 3036 emolumenta,
2197 2977 2355 3040 quae
2409 2958 2483 3018 de
2531 2975 2772 3019 caetero
2806 2958 2872 3017 in
2906 2957 3250 3019 Gratiarum

637 3064 1127 3143 expeditionibus
1173 3088 1205 3126 a
1242 3067 1534 3146 Magistro
1570 3067 1857 3128 Brevium
1906 3067 2129 3148 percipi
2185 3082 2241 3127 et
2274 3067 2428 3145 exigi
2465 3083 2922 3142 consueverant,
2957 3083 3248 3148 perpetuo

637 3169 811 3229 cessit
843 3185 900 3229 et
931 3173 1293 3251 assignavit;
1345 3189 1530 3252 atque
1564 3173 1643 3233 ita
1676 3173 1753 3234 de
1790 3194 1910 3234 una
1946 3174 2008 3233 in
2043 3173 2294 3233 alteram
2329 3192 2661 3253 personam
2704 3172 3105 3248 transeundo,
3138 3170 3246 3231 Of-

637 3276 843 3337 ficium
877 3280 1255 3358 praedictum
1289 3280 1350 3341 in
1385 3281 1816 3362 proprietatem
1857 3280 2101 3341 devenit
2137 3279 2516 3341 Venerabilis
2552 3280 2779 3340 Fratris
2812 3278 3142 3340 Alexandri
3173 3279 3246 3338 de

633 3386 993 3463 Abbatibus,
1028 3405 1196 3448 nunc
1218 3388 1613 3450 Viterbiensis
1636 3389 1942 3470 Episcopi.
1979 3388 2143 3450 Cum
2168 3389 2319 3457 Nos,
2355 3387 2797 3448 conservandis
2819 3387 3242 3466 augendisque

633 3496 972 3576 Apostolici
1011 3497 1239 3557 Aerarii
1277 3498 1635 3559 utilitatibus
1668 3499 1924 3559 sollicite
1961 3499 2195 3567 intenti,
2232 3500 2451 3557 uberes
2474 3496 2757 3574 ejusdem
2779 3495 2984 3556 Officii
3004 3496 3247 3563 reditus,

633 3622 775 3663 cum
808 3604 1080 3684 primum
1116 3604 1264 3665 illud
1301 3625 1372 3666 ex
1407 3625 1666 3687 persona
1703 3606 1987 3667 moderni
2023 3606 2213 3686 ipsius
2237 3604 2611 3665 possessoris
2635 3621 2844 3663 vacare
2877 3601 3245 3679 contigisset,

633 3709 928 3771 Camerae
951 3713 1210 3773 Nostrae
1234 3713 1622 3793 Apostolicae
1655 3714 1719 3773 in
1752 3728 2124 3794 perpetuum
2158 3712 2461 3793 applicare
2495 3726 2554 3771 et
2585 3714 2980 3791 appropriare
3002 3710 3243 3770 statuis-

632 3834 870 3889 semus;
921 3835 987 3879 ut
1020 3819 1204 3879 etiam
1235 3820 1410 3881 citius
1445 3820 1806 3896 hujusmodi
1838 3820 2170 3901 applicatio
2203 3834 2261 3879 et
2293 3817 2717 3900 appropriatio
2748 3837 2933 3878 suum
2959 3816 3243 3877 sortiren-

629 3941 727 3985 tur
773 3925 1079 4001 effectum,
1112 3926 1408 3988 Officium
1456 3927 1660 4006 ipsum
1695 3949 1726 3987 a
1761 3927 2075 4008 praedicto
2112 3926 2464 3987 Alexandro
2498 3924 2815 4004 Episcopo
2850 3943 2963 4004 pro
2999 3938 3244 4004 compe·

629 4034 776 4094 tenti
828 4035 1025 4115 pretio
1077 4035 1365 4113 resignari
1418 4034 1790 4096 curavimus
1856 4033 2047 4109 Quod
2103 4051 2303 4113 quum
2356 4034 2484 4113 ipse
2538 4033 2612 4092 de
2663 4030 2820 4092 facto
2867 4030 2932 4091 in
2964 4031 3244 4091 manibus

630 4142 872 4202 Nostris
918 4160 1138 4224 sponte
1187 4145 1582 4223 resignasset:
1650 4143 1780 4203 Nos
1832 4143 2312 4220 resignationem
2355 4140 2723 4217 hujusmodi
2755 4140 3139 4200 admittentes
3171 4139 3241 4198 ad

630 4251 1038 4310 commodum
1085 4268 1140 4310 et
1188 4250 1458 4311 favorem
1493 4249 1771 4325 ejusdem
1805 4250 2103 4310 Camerae
2137 4248 2550 4329 Apostolicae,
2587 4268 2693 4328 per
2725 4246 2987 4328 speciale
3021 4246 3241 4308 Chiro-

627 4356 953 4435 graphum,
987 4376 1172 4416 manu
1207 4358 1431 4417 Nostra
1466 4358 1773 4437 signatum
1808 4359 1925 4417 sub
1960 4356 2057 4416 die
2092 4357 2151 4417 6.
2174 4355 2338 4416 Junii
2363 4355 2527 4416 Anni
2553 4354 2806 4414 Domini
2851 4374 3034 4433 1742,
3069 4370 3241 4413 man-

629 4463 931 4542 davimuS,
980 4463 1092 4543 ipsi
1130 4464 1482 4541 Resignanti
1518 4464 1780 4545 persolvi
1815 4484 1887 4524 ex
1920 4465 2196 4544 pecuniis
2235 4464 2575 4544 praedictae
2611 4464 2908 4525 Camerae
2953 4461 3239 4523 tredecim

629 4573 816 4634 millia
850 4589 1171 4634 scutorum
1206 4590 1485 4634 monetae
1521 4574 1840 4634 Romanae
1875 4576 1950 4634 de
1982 4574 2152 4634 Juliis
2186 4574 2401 4634 decem
2439 4593 2551 4653 pro
2588 4573 2867 4652 quolibet
2899 4586 3094 4643 scuto,
3134 4587 3239 4651 pro

628 4680 820 4762 pretio
855 4695 1168 4741 convento
1203 4680 1489 4760 praedicti
1523 4680 1748 4755 Officii,
1786 4681 2318 4760 quemadmodum
2358 4680 2557 4741 soluta
2594 4679 2873 4753 fuerunt;
2925 4693 2984 4738 et
3004 4693 3240 4739 extunc

628 4787 987 4863 hujusmodi
1021 4786 1227 4847 Officii
1263 4787 1533 4866 Magistri
1568 4787 1858 4849 Brevium
1898 4788 2233 4868 nuncupati
2269 4806 2552 4848 annuum
2593 4786 2881 4861 fructum,
2915 4802 2970 4845 et
3003 4785 3240 4845 emolu-

628 4910 831 4954 menta
884 4914 953 4955 ex
1004 4894 1193 4974 ipsius
1239 4894 1442 4955 Officii
1491 4895 1775 4955 exercitio
1829 4913 1944 4976 pro
1991 4910 2271 4976 tempore
2327 4894 2675 4974 redigenda,
2713 4894 2911 4954 eidem
2945 4894 3239 4954 Camerae
