3684 5416
542 1523 588 1552 10

544 2057 586 2099 ¹5

538 2593 590 2623 20

538 3128 587 3170 25

537 4735 592 4773 40

656 369 782 432 προΫ
1284 353 1545 407 Potestas
1585 353 1963 409 ecclesiastica
2007 368 2065 410 et
2100 354 2402 425 imperium
2442 354 2617 409 civile.

643 551 743 596 tur
774 536 1029 597 ratione.
1093 536 1362 616 Insuper,
1410 557 1552 599 cum
1589 558 1692 601 rex
1722 539 1851 620 ipse
1884 541 2269 620 superiorem
2302 542 2366 601 in
2398 539 2844 621 temporalibus
2877 540 3129 601 minime
3160 557 3250 600 re*-

645 658 995 722 cognoscat,
1029 642 1160 702 sine
1194 642 1344 704 iuris
1376 644 1623 705 alterius
1655 646 1930 707 laesione
1962 647 2028 707 in
2062 667 2137 707 eo
2169 668 2234 708 se
2266 646 2673 708 iurisdictioni
2694 663 2937 707 nostrae
2955 645 3250 707 subiicere

646 748 843 828 potuit
892 765 951 810 et
996 749 1272 824 subiecit,
1318 751 1379 810 in
1429 761 1562 831 quo
1598 752 1852 814 forsitan
1883 753 2195 816 videretur
2226 754 2555 835 aliquibus,
2590 753 2763 834 quod
2796 772 2904 833 per
2931 772 2998 813 se
3028 752 3247 832 ipsum,

646 875 772 916 non
805 871 1102 936 tanquam
1142 874 1310 937 pater
1341 876 1488 919 cum
1529 857 1685 930 filiis,
1718 861 1826 921 sed
1860 858 2155 941 tanquam
2190 862 2470 942 princeps
2503 880 2646 923 cum
2679 861 2960 936 subditis,
2995 859 3252 941 potuerit

644 958 1016 1042 dispensare.
1077 962 1180 1025 Tu
1214 979 1422 1027 autem
1456 965 1587 1027 aliis
1620 967 1892 1028 nosceris
1926 967 2258 1029 subiacere.
2324 969 2527 1044 Unde,
2575 969 2703 1030 sine
2738 968 3017 1048 ipsorum
3050 966 3251 1028 forsan

646 1069 883 1142 iniuria,
917 1070 1033 1130 nisi
1067 1085 1436 1151 praestarent
1467 1093 1808 1153 assensum,
1846 1074 2025 1136 nobis
2057 1075 2122 1135 in
2154 1075 2273 1136 hoc
2292 1076 2638 1136 subducere
2657 1092 2714 1135 te
2735 1094 2867 1135 non
2889 1092 3120 1155 posses,
3144 1093 3251 1134 nec

645 1177 777 1237 eius
808 1177 1185 1239 auctoritatis
1217 1178 1434 1256 existiS,
1469 1196 1536 1240 ut
1568 1179 1964 1260 dispensandi
1997 1200 2183 1262 super
2214 1181 2310 1242 his
2343 1182 2570 1243 habeas
2601 1181 2980 1260 potestatem.

862 1285 1228 1347 Rationibus
1274 1285 1459 1366 igitur
1507 1286 1600 1348 his
1645 1287 1905 1364 inducti,
1940 1289 2069 1369 regi
2100 1288 2360 1366 gratiam
2393 1287 2650 1349 fecimus
2681 1287 2974 1368 requisiti,
3007 1305 3249 1349 causam

644 1406 765 1450 tam
799 1410 872 1450 ex
905 1392 1089 1451 veteri
1123 1412 1312 1472 quam
1346 1413 1417 1455 ex
1450 1413 1617 1454 novo
1650 1409 2019 1456 testamento
2050 1411 2343 1473 tenentes,
2378 1396 2550 1476 quod
2587 1415 2715 1457 non
2748 1394 2958 1456 solum
2980 1394 3043 1455 in
3062 1394 3248 1455 eccle-

645 1496 767 1556 siae
816 1497 1209 1577 patrimonio,
1254 1519 1440 1579 super
1487 1520 1619 1581 quo
1671 1500 1918 1581 plenam
1966 1501 2033 1563 in
2078 1502 2524 1583 temporalibus
2567 1502 2839 1582 gerimus
2873 1517 3247 1582 potestatem,

645 1622 861 1663 verum
907 1604 1087 1665 etiam
1136 1605 1200 1666 in
1247 1605 1379 1667 aliis
1424 1607 1802 1686 regionibus,
1852 1609 2035 1669 certis¹
2074 1608 2273 1670 causis
2303 1609 2610 1689 inspectis,
2642 1609 3043 1689 temporalem
3076 1607 3248 1668 iuris-

645 1709 973 1770 dictionem
1009 1712 1327 1774 casualiter
1355 1732 1739 1787 exercemus;
1775 1733 1903 1777 non
1934 1716 2110 1795 quod
2141 1715 2342 1776 alieno
2374 1715 2491 1776 iuri
2523 1715 2939 1795 praeiudicare
2972 1715 3248 1789 velimus,

645 1817 738 1876 vel
774 1833 1132 1896 potestatem
1171 1818 1349 1880 nobis
1383 1820 1718 1881 indebitam
1753 1840 2072 1901 usurpare,
2104 1842 2249 1883 cum
2280 1842 2411 1883 non
2445 1823 2806 1901 ignoremus
2838 1821 3156 1883 Christum
3186 1821 3249 1881 in

645 1925 969 1997 evangelio
1001 1925 1423 2008 respondisse:
1462 1925 1705 2004 (Matth.
1745 1948 1823 1990 22
1847 1929 1938 2008 21)
1972 1928 2235 1991 Reddite
2264 1949 2419 2010 quae
2447 1936 2597 1990 sunt
2624 1932 2898 1990 caesaris
2927 1932 3170 1990 caesari
3194 1934 3254 1988 et

644 2051 798 2111 quae
829 2039 977 2094 sunt
1003 2034 1108 2098 dei
1136 2035 1245 2095 deo
1265 2067 1353 2078 —
1373 2051 1623 2117 propter
1654 2036 1828 2117 quod
1863 2036 2210 2116 postulatus
2240 2053 2309 2098 ut
2326 2036 2762 2098 haereditatem
2783 2036 3080 2097 divideret
3097 2035 3251 2095 inter

645 2139 841 2200 duos:
893 2140 1086 2219 Quis,
1119 2141 1318 2221 inquit
1366 2142 1535 2219 (Luc.
1582 2144 1779 2222 ¹21⁴)·
1824 2147 2148 2205 constituit
2177 2147 2269 2205 me
2302 2146 2564 2205 iudicem
2595 2152 2780 2226 super
2809 2143 2964 2205 vos?
3016 2176 3094 2186 -—
3144 2142 3249 2202 sed

645 2247 792 2326 quia
824 2246 910 2307 sic
941 2248 1008 2307 in
1044 2248 1542 2311 Deuteronomio
1577 2251 1961 2313 continetur:
2013 2251 2215 2326 (Deut.
2260 2272 2330 2317 17
2350 2253 2528 2331 324)
2575 2252 2647 2313 Si
2675 2252 2940 2331 difficile
2970 2258 3032 2313 et
3054 2250 3256 2313 ambi:

635 2377 826 2436 guum
880 2358 1048 2438 apud
1086 2365 1148 2418 ‘te
1201 2358 1501 2421 iudicium
1546 2379 1678 2419 esse
1709 2362 2104 2441 perspexeris
2151 2362 2315 2421 inter
2356 2362 2720 2440 sanguinem
2765 2368 2828 2421 et
2867 2362 3248 2441 sanguinem,

644 2484 891 2525 causam
940 2471 1001 2524 et
1041 2485 1315 2538 causam,
1361 2464 1596 2545 lepram
1643 2473 1704 2527 et
1746 2467 2008 2548 lepram,
2040 2473 2099 2527 et
2129 2468 2428 2528 iudicium
2462 2470 2631 2528 intra
2648 2474 2870 2548 portas
2903 2473 3040 2526 tuas
3070 2465 3247 2525 verba

644 2572 876 2632 videris
907 2574 1171 2645 variari,
1201 2591 1408 2651 surge,
1441 2579 1502 2631 et
1530 2575 1789 2634 ascende
1817 2574 1908 2634 ad
1921 2574 2119 2634 locum
2138 2593 2313 2654 quem
2333 2574 2591 2654 elegerit
2605 2574 2887 2634 dominus
2905 2571 3054 2633 deus
3073 2578 3248 2644 tuu5,·

645 2680 962 2759 veniesque
994 2679 1080 2739 ad
1103 2679 1451 2741 sacerdotes
1471 2678 1733 2741 Levitici
1738 2684 1993 2761 generis
2024 2687 2086 2743 et
2115 2682 2200 2743 ad
2216 2682 2479 2744 iudicem
2500 2682 2817 2763 quifuerit
2834 2680 2944 2743 illo
2963 2686 3246 2763 tempore,

644 2806 1017 2866 quaeresque
1047 2787 1125 2847 ab
1157 2788 1267 2859 eis,
1299 2789 1411 2868 qui
1437 2787 1805 2849 indicabunt
1831 2789 1953 2849 tibi
1979 2790 2206 2850 iudicii
2230 2793 2544 2851 veritatem
2556 2814 2588 2865 ,·
2617 2796 2679 2850 et
2687 2791 2922 2868 facies,
2941 2807 3245 2869 quaecun-

645 2912 758 2972 que
790 2894 1204 2972 dixerint-qui
1217 2900 1529 2973 praesunt
1557 2893 1713 2968 loco,
1747 2915 1922 2976 quem
1955 2895 2214 2975 elegerit
2242 2897 2549 2971 dominus,
2581 2903 2641 2957 et
2668 2897 2993 2957 docuerint
3007 2902 3065 2955 te
3083 2897 3248 2955 iuxta

646 3000 835 3079 legem
882 3001 1014 3060 eius
1028 3023 1060 3073 ,·
1104 3002 1493 3081 sequerisque
1539 3005 1900 3064 sententiam
1932 3024 2162 3077 eorum,
2193 3025 2304 3064 nec
2335 3003 2678 3065 declinabis
2708 3004 2794 3064 ad
2820 3003 3128 3063 dexteram
3159 3001 3253 3061 vel

646 3107 730 3166 ad
757 3108 1098 3167 sinistram.
1147 3106 1287 3186 Qui
1314 3116 1515 3168 autem
1548 3109 1922 3189 superbierit
1948 3110 2159 3170 nolens
2191 3110 2437 3171 obedire
2466 3111 2803 3171 sacerdotis
2837 3112 3116 3190 imperio,
3146 3108 3252 3189 qui

646 3233 711 3273 eo
746 3219 1010 3292 tempore
1041 3216 1495 3277 ministraverit
1523 3216 1768 3277 domino
1799 3217 1909 3277 deo
1932 3220 2058 3289 tuo,
2079 3217 2319 3278 decreto
2340 3218 2569 3278 iudicis
2588 3220 2905 3290 morietur,
2936 3224 2998 3277 et
3010 3218 3248 3294 auferes

645 3318 872 3381 malum
907 3320 980 3380 de
1013 3320 1229 3382 Israel.
1292 3319 1472 3398 Sane,
1505 3342 1650 3383 cum
1686 3323 2249 3385 Deuteronomium
2280 3324 2375 3385 lex
2407 3324 2676 3385 secunda
2709 3323 3151 3405 interpretetur,
3179 3341 3247 3383 ex

646 3425 703 3485 vi
737 3426 1020 3487 vocabuli
1054 3429 1496 3509 comprobatur
1525 3428 1590 3489 in
1623 3430 1760 3505 hoe,
1793 3430 1965 3509 quod
2000 3429 2083 3490 ibi
2116 3431 2479 3505 decernitur,
2515 3446 2579 3490 ut
2610 3430 2676 3490 in
2697 3449 2866 3492 novo
2885 3444 3248 3492 testamento

646 3533 864 3594 debeat
896 3534 1222 3595 observari.
1292 3536 1497 3596 Locus
1530 3535 1720 3613 enirn,
1764 3555 1953 3615 quem
1990 3535 2173 3615 elegit
2203 3537 2517 3614 dominuS,
2547 3536 2883 3618 apostolica
2914 3537 3091 3598 sedes
3121 3555 3247 3598 esse

540 3663 562 3705 3
646 3642 1041 3721 cognoscitur
1071 3640 1174 3718 sic,
1207 3643 1379 3722 quod
1415 3662 1550 3703 earn
1584 3643 1881 3704 dominus
1915 3644 1979 3703 in
1999 3663 2062 3703 se
2084 3644 2218 3723 ipso
2236 3643 2437 3723 lapide
2457 3643 2734 3723 angulari
2753 3643 3052 3704 fundavit.
3087 3644 3248 3706 Cum

645 3747 813 3808 enim
849 3747 1060 3809 Petrus
1107 3752 1322 3810 urbem
1361 3749 1599 3829 fugiens
1631 3749 1889 3826 exiisset,
1941 3750 2156 3810 volens
2188 3769 2334 3810 eum
2365 3750 2659 3811 dominus
2690 3750 2767 3810 ad
2797 3749 3027 3825 locum,
3062 3768 3244 3830 quetn

645 3854 928 3934 elegerat,
980 3875 1281 3933 revocare,
1332 3857 1744 3935 interrogatus
1793 3859 1869 3917 ab
1925 3877 2035 3917 eo:
2103 3857 2396 3929 Domine,
2443 3876 2573 3937 quo
2622 3857 2829 3918 vadis?
2902 3856 3245 3938 respondit:

644 3962 847 4022 Venio
880 3962 1150 4024 Romam
1183 3963 1405 4025 iterum
1436 3964 1726 4042 crucifigi.
1792 3964 1987 4039 Quod
2019 3964 2366 4043 intelligens
2400 3982 2514 4045 pro
2544 3984 2609 4025 se
2642 3964 2898 4042 dictum,
2932 3965 3008 4025 ad
3041 3964 3246 4025 locum

645 4068 849 4148 ipsum
885 4071 1168 4149 protinus
1200 4088 1289 4132 est
1319 4090 1614 4133 reversus.
1679 4071 1838 4132 Sunt
1870 4088 2073 4132 autem
2108 4072 2453 4132 sacerdotes
2487 4071 2738 4132 Levitici
2769 4070 3013 4149 generis
3044 4068 3246 4131 fratres

569 4199 588 4239 5
647 4176 860 4252 nostri,
897 4177 1007 4256 qui
1043 4178 1222 4238 nobis
1256 4178 1387 4239 iure
1411 4178 1684 4239 Levitico
1717 4178 1780 4239 in
1815 4178 2204 4241 exsecutione
2236 4178 2624 4239 sacerdotalis
2656 4176 2843 4239 officii
2865 4177 3246 4237 coadiutores

645 4281 923 4346 existunt.
983 4283 1037 4344 Is
1085 4302 1230 4345 vero
1275 4304 1460 4365 super
1505 4305 1610 4345 eos
1656 4287 1942 4348 sacerdos
1973 4285 2099 4346 sive
2132 4285 2316 4345 iudex
2348 4284 2562 4361 existit,
2594 4287 2692 4346 cui
2726 4284 3025 4346 dominus
3056 4282 3247 4364 inquit

649 4389 889 4464 (Matth.
937 4393 1007 4452 16
1028 4390 1114 4470 l9)
1171 4392 1235 4453 in
1267 4392 1482 4453 Petro:
1538 4393 1964 4473 Quodcunque
2008 4392 2307 4472 ligaveris
2337 4402 2525 4475 super
2555 4400 2808 4467 terram,
2840 4393 2965 4454 erit
2989 4391 3244 4453 solutum

645 4503 707 4556 et
736 4501 800 4558 in
833 4497 1020 4559 coelis
1037 4523 1068 4573 ,·
1125 4533 1195 4543 ——
1248 4499 1378 4560 eius
1413 4500 1691 4575 vicarius,
1740 4502 1852 4582 qui
1883 4518 1972 4562 est
2003 4501 2291 4562 sacerdos
2323 4500 2387 4561 in
2420 4516 2739 4562 aeternum
2771 4500 3118 4561 secundum
3150 4515 3244 4558 or-

647 4603 856 4665 dinem
895 4605 1370 4684 Melchisedech,
1404 4608 1769 4670 constitutus
1800 4630 1834 4670 a
1867 4610 1989 4669 deo
2022 4610 2206 4669 iudex
2237 4609 2521 4670 vivorum
2554 4623 2612 4668 et
2645 4623 3056 4668 mortuorum.
3105 4604 3244 4666 Tria

647 4712 878 4793 quippe
930 4713 1320 4793 distinguunt
1371 4714 1620 4784 iudicia:
1676 4716 1947 4796 primum
1998 4717 2155 4778 inter
2198 4716 2564 4796 sanguinem
2609 4732 2667 4777 et
2711 4713 3102 4794 sanguinem,
3146 4730 3245 4793 per

647 4822 822 4902 quod
866 4822 1180 4884 criminale
1225 4822 1584 4899 intelligitur
1614 4837 1673 4883 et
1706 4822 1911 4897 civile;
1965 4822 2256 4885 ultimum
2303 4823 2457 4884 inter
2485 4822 2719 4903 lepram
2754 4837 2814 4883 et
2844 4821 3099 4901 lepram,
3145 4836 3246 4900 per

647 4931 819 5010 quod
852 4931 1327 4993 ecclesiasticum
1360 4947 1418 4991 et
1449 4930 1763 4991 criminale
1796 4946 2078 5003 notatur;
2115 4931 2393 4992 medium
2428 4931 2584 4993 inter
2615 4948 2862 4991 causam
2894 4945 2952 4990 et
2983 4944 3241 5002 causam,
