3684 5416
676 298 782 370 560
1719 295 1920 368 Legati
1959 294 2253 366 pontificii.

622 523 627 528 ·
672 480 777 543 fati
808 480 1208 543 Cassinensis
1252 480 1484 542 abbatis
1528 501 1674 542 suas
1720 480 1902 542 nobis
1945 480 2149 542 literas
2180 481 2600 562 praesentavit,
2629 500 2881 562 gravem
2914 497 3128 544 contra
3159 481 3283 544 iam

666 589 904 650 ‘dictum
967 589 1239 668 legatum
1288 586 1785 670 quaerimoniam
1840 587 2246 665 continentes,
2298 588 2492 669 quod,
2541 604 2873 670 postquam
2922 588 3286 651 electionem

669 693 1136 772 examinaverat,
1167 710 1226 757 et
1258 715 1394 757 eam
1426 695 1504 758 ad
1537 710 1782 757 nostrae
1813 695 2272 756 deliberationis
2306 713 2564 757 examen
2595 696 3005 772 transtulerat,
3037 696 3280 757 nunciis

670 802 790 863 iam
839 802 1103 882 directis,
1149 805 1371 864 iterum
1423 802 1788 863 electionem
1835 802 2098 863 eandem
2146 801 2447 864 malitiose
2497 801 2683 864 nimis
2729 801 3078 864 examinare
3110 822 3286 884 prae·

591 930 615 975 5
669 910 952 994 sumpsit.
986 919 989 924 ⁴
1013 909 1055 985 †
1092 908 1267 971 Unde
1282 907 1537 991 petebat
1548 917 1673 990 per
1704 911 1871 969 viros
1903 909 2152 969 idoneos
2185 910 2533 990 suspicione
2564 916 2846 971 carentes
2877 909 2953 969 de
2972 912 3292 991 ipsofacto

671 1016 1005 1097 diligenter
1035 1017 1289 1097 inquiri.
1364 1015 1691 1095 Quumque
1706 1016 2036 1096 praefatus
2070 1016 2518 1096 supervenisset
2542 1017 2886 1096 episcopus,
2916 1021 2979 1075 et
3005 1037 3101 1089 ea,
3133 1036 3290 1096 quae

658 1129 841 1203 gesta
872 1130 1041 1197 sunt,
1074 1122 1581 1184 intellexissemus
1614 1121 1691 1181 ab
1724 1124 1879 1203 ipso,
1913 1121 2006 1182 De
2038 1123 2348 1182 communi
2363 1121 2628 1183 consilio
2648 1120 2904 1183 fratrum
2928 1138 3282 1183 nostrorum

671 1228 1190 1292 examinationem
1239 1229 1600 1306 secundam,
1651 1244 1947 1308 tanquam
2001 1249 2033 1289 a
2086 1248 2214 1290 non
2259 1247 2377 1290 suo
2428 1228 2630 1290 iudice
2677 1228 2919 1306 factam,
2953 1243 3289 1310 postquam

671 1336 997 1415 negotium
1053 1335 1131 1397 ad
1195 1350 1480 1397 nostrum
1544 1336 1742 1396 fuerat
1804 1334 2170 1396 translatum
2220 1354 2493 1412 examen,
2543 1334 2898 1397 censuimus
2948 1334 3176 1396 irritam
3228 1349 3290 1394 et

568 1473 619 1505 ιο
671 1441 937 1504 inanem.
1002 1440 1199 1523 [Quia
1231 1450 1430 1504 tamen
1465 1449 1571 1504 etc.
1607 1441 1756 1502 Dat.
1788 1441 1918 1504 Lat.
1966 1441 2135 1516 VIII,
2167 1440 2313 1503 Kal.
2348 1441 2466 1502 Iul.
2511 1439 2715 1521 1202]

886 1670 947 1740 c)
999 1667 1492 1724 Innocentius
1531 1668 1643 1722 111.
1682 1667 1740 1724 S.
1782 1667 1988 1722 Petri
2028 1679 2098 1722 et
2136 1668 2194 1722 S.
2234 1666 2513 1722 Leonis
2551 1667 2983 1724 Abbatibus
3022 1681 3080 1723 et

787 1751 851 1804 R.
892 1748 1443 1805 archidiacono
1482 1748 2013 1811 Tullensibu8‚
2052 1747 2122 1803 in
2162 1766 2210 1803 c.
2249 1749 2300 1802 6.
2339 1748 2408 1802 X.
2446 1750 2513 1802 de
2549 1749 2739 1819 ‹ffficio
2774 1751 2963 1820 legati.
3002 1749 3040 1802 1.
3081 1766 3162 1821 30.

881 1903 910 1933 ⁶
951 1904 1113 1975 Corp.
1141 1907 1392 1959 iuna-an.
1421 1904 1510 1958 ed.
1550 1902 1983 1973 Friedberg.
2023 1903 2197 1959 Tom.
2226 1903 2288 1957 11.
2318 1903 2426 1958 col.
2465 1903 2576 1974 185.
2619 1902 2710 1958 Po
2731 1902 3005 1971 ultast,
3043 1920 3096 1956 n.
3125 1918 3288 1974 2133.

668 2040 919 2111 Legatus
947 2039 1017 2094 de
1043 2038 1217 2094 latere
1246 2037 1473 2094 confert
1500 2036 1845 2097 beneficium
1873 2054 2099 2100 vacans,
2119 2035 2250 2092 licet
2269 2036 2406 2092 illud
2427 2048 2647 2107 spectet
2666 2037 2738 2092 ad
2759 2036 3286 2109 praesentationem

566 2131 612 2176 ι5
1220 2117 1453 2174 alicuius
1482 2116 1685 2173 clerici.
1735 2118 1866 2172 Hoc
1896 2114 2028 2171 dicit
2056 2129 2113 2172 et
2140 2129 2227 2171 est
2254 2134 2420 2172 casus
2448 2116 2732 2171 notabilis

883 2249 1155 2310 Dilectus
1188 2248 1352 2310 filius
1386 2249 1459 2309 R.
1486 2247 1779 2309 Metensis
1812 2246 2146 2308 canonicus
2177 2246 2354 2308 nobis
2385 2246 2705 2309 humiliter
2735 2246 3055 2326 intimavit,
3087 2249 3286 2329 quod,

668 2377 864 2438 quum
915 2356 1288 2418 venerabilis
1329 2358 1536 2431 frater
1584 2362 1792 2417 noster
1824 2354 2252 2415 Praenestinus
2304 2354 2652 2436 episcopus,
2703 2355 3075 2436 apostolicae
3124 2355 3288 2416 sedis

664 2465 922 2545 legatus,
973 2463 1291 2525 ecclesiam
1341 2462 1529 2523 sancti
1576 2461 1899 2523 Trudonis
1949 2462 2035 2521 ad
2059 2463 2554 2542 ‘resignationem
2590 2464 2852 2543 proprii
2881 2465 3165 2544 pastoris
3214 2464 3282 2523 in

668 2572 953 2633 manibus
984 2573 1118 2632 eius
1129 2572 1377 2649 factam
1411 2569 1760 2631 liberaliter
1792 2568 2153 2630 contulisset
2175 2568 2397 2647 eidem,
2421 2568 2678 2629 dilectus
2691 2569 2875 2642 filius
2896 2568 2972 2632 B.
2995 2568 3292 2630 Metensis

559 2706 616 2741 πο
667 2678 1155 2757 archidiaconuS,
1207 2677 1282 2740 ad
1336 2661 1528 2759 quem
1576 2676 1742 2738 illius
1793 2674 2081 2737 ecclesiae
2132 2676 2540 2758 praesentatio
2592 2676 2954 2758 pertinebat,
2991 2695 3287 2753 asserens,

669 2788 842 2869 quod
890 2787 1110 2848 eodem
1162 2785 1514 2846 inconsulto
1548 2782 1815 2845 conferri
1849 2802 1981 2843 non
2014 2781 2214 2865 potuit
2246 2804 2281 2843 a
2314 2783 2534 2862 legam,
2566 2784 2893 2844 donationi
2919 2786 3049 2844 eius
3082 2787 3284 2845 minus

668 2893 1128 2954 rationabiliter
1157 2913 1221 2952 se
1252 2900 1581 2973 opponens,
1613 2891 1985 2952 canonicum
2021 2890 2229 2972 ipsum
2260 2910 2446 2971 supet·
2478 2889 2695 2951 eadem
2728 2890 2983 2951 ecclesia
3016 2890 3282 2951 indebite

670 2999 997 3059 molestare
1044 2998 1395 3079 praesumit.
1492 2997 1712 3073 Quum
1760 2997 1946 3076 igitur
1979 2996 2117 3079 plus
2150 2997 2297 3058 iuris
2330 2998 2550 3058 habeat
2580 2996 2645 3057 in
2680 2996 3078 3057 concessione
3109 3016 3284 3076 prae·

667 3105 845 3182 latuS,
896 3123 1086 3185 quam
1137 3104 1201 3164 in
1254 3104 1743 3184 praesentatione
1811 3120 2129 3185 patronus,
2193 3124 2306 3166 nec
2369 3104 2821 3186 praeiudicetur
2883 3104 3170 3185 praelat0‚
3229 3103 3282 3163 si

559 3240 612 3284 25
669 3211 928 3293 quando
979 3230 1088 3292 per
1137 3210 1504 3292 apostolicae
1554 3211 1716 3271 sedis
1766 3211 2037 3290 legatum
2085 3231 2160 3272 eo
2207 3209 2562 3272 inconsulto
2609 3210 2859 3272 ecclesia
2891 3211 3286 3287 concedatur,

670 3320 1040 3381 discretioni
1066 3325 1302 3378 vestrae
1316 3327 1443 3400 per
1474 3318 1813 3399 apostolica
1844 3321 2081 3400 scripta
2102 3317 2475 3380 mandamus
2495 3332 2806 3398 quatenus
2825 3317 3061 3378 dictum
3082 3317 3280 3378 archi-

666 3426 1024 3503 diaconum,
1074 3442 1141 3486 ut
1186 3428 1262 3486 ab
1308 3426 1441 3487 eius
1491 3443 1680 3505 super
1725 3426 1847 3486 hoc
1882 3425 2155 3486 indebita
2189 3425 2619 3486 molestatione
2652 3425 2920 3503 desistat,
2955 3425 3283 3486 monitione

651 3537 1008 3619 praemissa
1032 3544 1150 3614 per
1180 3554 1503 3595 censuram
1535 3532 2018 3593 ecclesiasticam
2051 3532 2461 3614 appellatione
2492 3547 2729 3594 remota
2759 3532 3011 3612 co'gatis.
3044 3530 3280 3613 [Nullis

666 3642 871 3701 literis
904 3647 1013 3702 etc.
1081 3640 1229 3701 Dat.
1263 3641 1591 3721 Anagniae
1623 3637 1697 3699 X.
1731 3637 1874 3699 Kal.
1907 3639 2103 3702 Mart.
2135 3641 2245 3702 Αο.
2303 3639 2395 3700 VI.
2440 3636 2647 3720 1204]

561 3885 614 3932 30
667 3867 733 3938 d)
770 3864 1276 3921 Innocentius
1318 3865 1430 3919 111.
1471 3862 1580 3919 tit.
1619 3863 1678 3920 S.
1718 3863 2118 3920 Laurentii
2156 3864 2228 3920 in
2268 3864 2552 3920 Lucina
2605 3865 3080 3938 Presbytero
3133 3864 3282 3918 sed.

665 3946 1161 4020 ApostolicO,
1214 3944 1421 4000 sedis
1475 3944 1966 4081 apostoliczlte
2020 3946 2343 4018 Le'gato,
2396 3947 2454 4000 in
2494 3963 2540 4001 c.
2583 3963 2631 4018 3.
2670 3946 2738 4000 X.
2779 3947 2846 3998 de
2884 3947 3078 4016 officio
3113 3947 3288 4013 legati

1919 4067 1931 4079 .
1973 4045 2055 4100 30.

880 4152 909 4182 ‘
950 4152 1109 4225 Corp.
1141 4156 1244 4206 iur.
1271 4170 1392 4206 can.
1422 4152 1510 4206 ed.
1550 4152 1986 4224 Friedberg.
2015 4153 2188 4207 Tom.
2217 4152 2309 4209 VI.
2338 4149 2446 4205 col.
2486 4150 2595 4222 183.
2635 4149 3015 4205 Potthast.
3044 4167 3098 4205 n.
3133 4166 3280 4204 1112.

666 4284 917 4355 Legatus
945 4284 1115 4339 etiam
1146 4287 1217 4340 de
1244 4286 1418 4342 latere
1446 4304 1515 4342 ex
1542 4287 1791 4359 generali
1816 4286 2109 4359 legatione
2136 4303 2256 4343 non
2282 4298 2477 4357 potest
2504 4283 2810 4341 transferre
2840 4285 3166 4375 episcopm,
3188 4284 3278 4339 vel

557 4380 609 4426 35
666 4380 842 4417 unam
870 4364 1169 4419 ecclesiam
1196 4367 1581 4422 cathedralem
1607 4367 1766 4423 alteri
1792 4368 2089 4431 subiicere,
2119 4380 2176 4422 et
2202 4366 2361 4422 alteri
2389 4364 2748 4421 concedere
2736 4381 2823 4420 tus
2849 4365 3162 4437 primatiae,
3188 4363 3278 4419 vel

669 4445 816 4500 duos
845 4446 1209 4517 episcopatus
1239 4447 1417 4512 unire,
1444 4449 1533 4503 vel
1561 4466 1740 4503 unum
1768 4448 2052 4520 dividere3
2091 4446 2631 4504 excommunicatos
2672 4458 2868 4501 tamen
2893 4458 3132 4517 propter
3157 4463 3276 4499 ma·-

872 4543 1052 4580 nuum
1079 4524 1442 4583 iniectionem
1466 4527 1523 4584 in
1550 4529 1789 4586 clericos
1818 4529 2120 4585 absolvere
2146 4539 2357 4619 potest,
2408 4528 2538 4582 Hoc
2566 4524 2699 4581 dicit
2726 4543 2860 4581 cum
2888 4542 2938 4581 c.
2964 4542 3085 4597 seq.

882 4656 1013 4718 Nisi
1063 4657 1339 4739 specialis
1374 4657 1473 4718 illa
1506 4658 1770 4737 dilecti0,
1801 4679 1994 4740 quam
2028 4661 2104 4720 ad
2137 4678 2472 4740 personam
2503 4674 2677 4719 tuam
2710 4656 3048 4718 habuimus
3079 4671 3135 4717 et
3168 4657 3272 4717 ha-

665 4769 905 4844 bemus,
953 4765 1207 4843 iustum,
1257 4767 1436 4826 immo
1484 4767 1892 4828 iustissimum
1926 4782 2171 4829 motum
2205 4765 2395 4827 animi
2427 4764 2623 4827 nostri
2656 4777 3039 4845 temperaret,
3075 4782 3270 4845 poena

552 4893 611 4937 40
664 4873 923 4934 docente
970 4891 1394 4954 cognoscereS,
1443 4888 1754 4953 quantum
1799 4877 1864 4935 in
1882 4883 2218 4956 personam
2253 4880 2417 4934 tuam
2452 4872 2799 4952 excesseris,
2829 4877 3279 4953 quantumcun-
