3684 5416
516 567 883 643 buscunque
918 565 1434 646 exemptionibus,
1467 563 2003 642 declarationibuS,
2040 566 2620 643 consuetudinibus,
2668 566 3003 646 sententiis,
3039 567 3130 628 iu·

514 670 821 747 ramentis,
867 670 1235 748 concordiis,
1281 691 1440 752 quae
1486 690 1636 732 suos
1682 687 1927 733 tantum
1959 673 2236 755 obligent
2267 688 2565 748 auctores,
2600 673 2744 754 ipsis
2776 674 3027 754 clericis,
3063 695 3135 737 ac

513 796 733 838 eorum
777 779 1278 858 consanguineis,
1331 779 1681 861 capellanis,
1718 778 2139 858 familiaribuS,
2176 780 2700 861 procuratoribus,
2735 795 2795 842 et
2826 780 2959 842 aliis
2991 782 3132 862 qui-

514 883 794 962 buslibet,
846 885 1126 965 ipsorum
1174 901 1604 966 exemptorum
1653 886 2174 967 contemplatione
2224 902 2283 947 et
2329 887 2558 948 intuitu
2606 887 2862 949 minime
2912 889 3131 949 suffra-

435 1025 457 1068 5
512 992 816 1073 gantibus.
866 989 921 1071 [l.
956 1012 1005 1053 c.
1043 1011 1179 1072 pag.
1214 989 1336 1071 88].

1155 1188 1426 1250 Sessio
1475 1189 1660 1250 XXI.
1733 1189 1835 1250 De
1885 1189 2486 1252 reformatione.

518 1343 580 1396 C.
621 1344 706 1397 111.
765 1346 929 1398 Ratio
978 1346 1386 1398 distributiones
1436 1347 1785 1414 quotidianas
1824 1348 2066 1416 augendi
2093 1350 2493 1418 praescribitur
2504 1369 2526 1411 ;
2577 1351 2768 1417 quibus
2805 1348 3134 1406 debeantur.-

1245 1443 1347 1477 non
1386 1428 1729 1478 servientimn
1769 1430 2114 1480 contumacia
2147 1430 2396 1498 punitur.

727 1554 945 1630 Quum
981 1554 1276 1616 beneficia
1310 1555 1388 1615 ad
1421 1556 1698 1617 divinum
1722 1556 1959 1617 cultum
1982 1573 2164 1638 atque
2187 1557 2581 1620 ecclesiastica
2602 1558 2812 1619 munia
2837 1559 3130 1620 obeunda

416 1693 463 1724 ιο
514 1661 633 1722 sint
684 1662 1036 1738 constituta,
1091 1683 1168 1724 ne
1218 1683 1340 1743 qua
1396 1662 1458 1722 in
1508 1679 1674 1745 parte
1719 1664 2035 1726 minuatur
2079 1665 2327 1726 divinus
2360 1667 2583 1744 cultus,
2619 1667 2726 1727 sed
2761 1666 2816 1726 ei
2847 1664 3128 1727 debitum

516 1770 808 1830 omnibus
842 1770 905 1831 in
941 1772 1122 1831 rebus
1155 1772 1537 1851 obsequium
1573 1779 1943 1853 praestetur:
1978 1771 2189 1833 statuit
2218 1787 2423 1833 sancta
2456 1773 2733 1854 synodus
2767 1774 2829 1834 in
2864 1773 3132 1834 ecclesiis

516 1892 638 1935 tam
687 1877 1141 1938 cathedralibus
1191 1897 1380 1959 quam
1433 1878 1786 1960 collegiatis,
1841 1879 1906 1940 in
1960 1879 2191 1960 quibus
2237 1879 2444 1940 nullae
2490 1895 2636 1940 sunt
2670 1880 3131 1941 distributiones

515 1982 907 2062 quotidianae
942 1985 1036 2046 vel
1069 1985 1147 2045 ita
1179 2001 1417 2060 tenues,
1467 2002 1533 2047 ut
1565 1985 1972 2047 verisimiliter
2006 1986 2414 2067 negligantur,
2462 1987 2701 2048 tertiam
2734 2003 2965 2068 partem
3003 1986 3128 2047 fru-

516 2107 726 2152 ctuum
761 2107 822 2152 et
851 2112 1381 2174 quorumcunque
1414 2110 1829 2174 proventuum
1850 2110 1908 2156 et
1928 2096 2382 2157 obventionum
2403 2112 2524 2156 tam
2550 2096 2917 2176 dignitatum
2939 2114 3128 2175 quarn

414 2227 458 2269 ιε,
516 2199 1014 2278 canonicatuum,
1050 2216 1516 2282 personatuum,
1551 2203 1911 2282 portionum
1947 2220 2005 2265 et
2036 2202 2387 2264 officiorum
2421 2203 2685 2283 separari
2718 2203 2941 2263 debere
2975 2219 3033 2263 et
3067 2203 3130 2262 in

517 2306 970 2369 distributiones
1002 2309 1397 2389 quotidianas
1430 2310 1725 2389 converti,
1755 2330 1917 2392 quae
1949 2312 2108 2372 inter
2138 2310 2465 2390 dignitates
2497 2310 2846 2371 obtinentes
2878 2326 2935 2370 et
2969 2324 3130 2369 cete-

516 2435 616 2476 ros
665 2415 887 2476 divinis
936 2416 1363 2480 interessentes
1411 2418 2014 2500 proportionabiliter
2060 2419 2225 2479 iuxta
2272 2418 2643 2480 divisionem
2689 2419 2765 2478 ab
2812 2417 3128 2498 episcop0,

516 2524 696 2585 etiam
727 2540 1027 2606 tanquam
1058 2528 1426 2607 apostolicae
1458 2529 1621 2589 sedis
1643 2527 1942 2607 delegat0,
1964 2527 2026 2588 in
2050 2528 2177 2608 ipsa
2202 2527 2395 2609 prima
2419 2527 2732 2589 fructuum
2756 2526 3129 2587 deductione

517 2630 854 2693 faciendam
888 2632 1253 2706 dividantur,
1303 2635 1486 2696 salvis
1531 2651 1741 2696 tamen
1775 2635 2338 2695 consuetudinibus
2371 2653 2583 2694 earum
2618 2633 3030 2711 ecclesiarum,
3066 2635 3129 2694 in

408 2760 461 2792 20
515 2740 742 2818 quibus
791 2760 919 2801 non
966 2741 1299 2803 residentes
1345 2762 1455 2803 seu
1491 2761 1619 2803 non
1656 2741 1985 2804 servientes
2017 2740 2171 2802 nihil
2205 2741 2299 2801 vel
2337 2740 2541 2802 minus
2571 2740 2743 2801 tertia
2789 2755 2957 2821 parte
2991 2760 3126 2821 per-

516 2844 780 2926 cipiunt;
832 2866 962 2908 non
1013 2849 1400 2910 obstantibus
1450 2848 1966 2929 exemptionibus,
2019 2867 2088 2908 ac
2138 2846 2267 2907 aliis
2317 2848 2895 2923 consuetudinibus,
2944 2847 3126 2908 etiam

513 2953 1123 3033 immemorabilibus,
1158 2971 1216 3016 et
1247 2957 1764 3038 appellationibus
1796 2957 2298 3037 quibuscunque.
2349 2955 2803 3036 Crescenteque
2838 2976 2968 3018 non
3002 2977 3126 3018 ser-

514 3060 808 3122 vientium
859 3063 1250 3124 contumacia
1298 3062 1473 3124 liceat
1519 3080 1731 3124 contra
1779 3083 1888 3125 eos
1937 3063 2270 3144 procedere
2319 3063 2482 3124 iuxta
2530 3061 2676 3123 iuris
2709 3083 2776 3124 ac
2808 3083 3125 3126 sacrorum

512 3187 824 3230 canonum
857 3169 1340 3249 dispositionem.
1393 3168 1449 3248 [1.
1482 3190 1530 3230 c.
1565 3190 1699 3251 pag.
1749 3192 1765 3230 1
1793 3168 1907 3249 16.]

405 3365 453 3408 25
515 3353 578 3406 C.
607 3353 699 3406 IV.
741 3354 1097 3406 Coacliutorcs
1133 3370 1299 3405 curae
1338 3356 1653 3405 am'marum
1694 3356 1915 3422 quando
1951 3356 2063 3406 sint
2097 3355 2423 3406 assmncndi.
2466 3355 2630 3407 Ratio
2658 3371 2816 3404 uocas
2836 3354 3128 3422 parochias

1548 3436 1796 3503 ert'gendt'
1830 3436 2092 3488 traditur.

725 3563 1031 3645 Episcopi,
1064 3564 1245 3624 etiam
1279 3580 1571 3644 tanquam
1605 3564 1975 3644 apostolicae
2007 3563 2170 3623 sedis
2203 3561 2483 3640 delegati,
2506 3562 2569 3621 in
2604 3563 2897 3623 omnibus
2931 3564 3124 3623 eccle-

510 3670 611 3730 siis
644 3671 1098 3752 parochialibus
1130 3671 1223 3731 vel
1259 3671 1723 3752 baptismalibus
1755 3670 1816 3730 in
1854 3670 2081 3750 quibus
2115 3670 2392 3751 populus
2427 3668 2502 3728 ita
2537 3688 2908 3729 numerosus
2940 3671 3032 3745 sit,
3062 3688 3126 3730 ut

512 3797 674 3837 unus
722 3792 919 3838 rector
965 3797 1095 3839 non
1142 3778 1333 3858 possit
1378 3777 1660 3839 sufficere
1710 3777 2128 3838 ecclesiasticis
2176 3776 2570 3837 sacramentis
2619 3775 3036 3837 ministrandis
3070 3793 3126 3837 et

402 3918 456 3963 30
509 3884 698 3945 cultui
751 3884 962 3945 divino
1014 3886 1389 3966 peragendo,
1443 3902 1666 3965 cogant
1711 3900 1995 3961 rectores,
2045 3885 2138 3944 vel
2187 3883 2358 3959 alios,
2393 3884 2470 3943 ad
2504 3902 2667 3963 quos
2700 3882 2979 3964 pertinet,
3012 3884 3125 3944 sibi

510 4007 595 4051 tot
640 3993 983 4053 sacerdotes
1028 3993 1103 4053 ad
1153 3994 1271 4054 hoc
1320 4012 1552 4053 munus
1584 3992 1942 4072 adiungere,
1978 4007 2133 4072 quot
2165 3989 2472 4052 sufficiant
2504 3990 2579 4051 ad
2613 4005 2987 4050 sacramenta
3024 4010 3102 4049 ex-

508 4097 777 4159 hibenda
810 4114 868 4158 et
901 4100 1138 4161 cultum
1171 4100 1452 4161 divinum
1486 4100 1942 4162 celebrandum.
1977 4100 2043 4159 In
2076 4099 2147 4159 iis
2182 4117 2348 4174 ver0,
2370 4099 2432 4158 in
2465 4097 2693 4178 quibus
2726 4098 2807 4157 ob
2841 4097 3124 4157 locorum

509 4205 852 4266 distantiam
901 4207 1027 4268 sive
1076 4206 1498 4269 difficultatem
1547 4206 1903 4287 parochiani
1952 4206 2083 4268 sine
2117 4225 2351 4285 magno
2385 4204 2789 4265 incommodo
2822 4202 2898 4264 ad
2933 4202 3128 4284 perci-

508 4311 730 4391 pienda
776 4331 1152 4375 sacramenta
1199 4331 1256 4375 et
1301 4315 1503 4376 divina
1537 4314 1741 4376 officia
1774 4314 2084 4375 audienda
2118 4312 2403 4373 accedere
2452 4332 2581 4374 non
2619 4326 2897 4392 possunt,
2934 4330 3127 4372 novas

400 4450 450 4494 35
508 4421 825 4500 parochias
858 4421 1043 4482 etiam
1073 4421 1279 4482 invitis
1313 4422 1649 4483 rectoribus
1683 4422 1845 4483 iuxta
1881 4422 2143 4483 formam
2182 4420 2636 4481 constitutionis
2656 4418 2986 4480 Alexandri
3010 4418 3122 4481 111..

505 4547 663 4607 quae
696 4528 940 4608 incipit:
992 4528 1099 4589 Ad
1126 4529 1525 4603 audientiam,
1560 4529 1936 4591 constituere
1972 4528 2224 4609 possint.
2287 4527 2412 4588 Illis
2444 4542 2650 4588 autem
2682 4526 3124 4597 sacerdotibuS,

503 4635 610 4715 qui
643 4635 717 4696 de
753 4654 917 4697 novo
950 4651 1130 4697 erunt
1161 4635 1429 4696 ecclesiis
1463 4635 1704 4695 noviter
1738 4637 1951 4696 erectis
1984 4635 2403 4716 praeficiendi,
2454 4648 2820 4714 competens
2854 4633 3124 4711 assigne-

504 4756 601 4801 tur
646 4742 850 4822 portio
896 4742 1145 4803 arbitrio
1190 4741 1462 4822 episcopi
1509 4762 1581 4801 ex
1626 4740 1927 4801 fructibus
1958 4742 2032 4803 ad
2068 4740 2384 4802 ecclesiam
2421 4740 2734 4800 matricem
2768 4739 3124 4820 quomodo-

505 4868 755 4928 cunque
803 4849 1267 4929 pertinentibus,
1315 4864 1389 4925 et,
1434 4849 1483 4909 si
1534 4867 1777 4910 necesse
1826 4847 2027 4927 fuerit,
2077 4846 2456 4930 compellere
2491 4849 2681 4930 possit
2714 4846 3020 4928 populum
3056 4865 3124 4905 ea

397 4986 449 5025 40
502 4957 982 5030 subministrare,
1017 4976 1175 5037 quae
1207 4955 1516 5017 sufficiant
1546 4955 1622 5016 ad
1658 4955 1842 5017 vitam
1878 4957 2187 5017 dictorum
2220 4956 2609 5017 sacerdotum
2631 4953 3118 5021 sustentandam;
