3684 5416
440 1519 490 1550 lo

443 2053 486 2095 ¹5

435 2586 488 2618 20

433 3121 482 3164 25

431 3656 482 3700 30

429 4190 478 4231 35

427 4726 480 4765 40

544 368 652 423 294
1173 353 1439 407 Potestas
1480 351 1861 408 ecclesiastica
1901 366 1958 407 et
1997 352 2298 423 imperium
2339 352 2516 408 civile.

758 536 1010 613 (XLIV.)
1075 536 1209 601 Pari
1255 536 1558 598 methodo
1593 535 2110 618 metropolitanae
2159 537 2492 598 Ecclessiae
2538 536 2934 599 Coloniensis
2981 538 3168 618 Capi-

542 643 747 709 tulum
780 643 1091 705 dotabitur
1121 644 1184 707 in
1216 663 1425 707 annua
1459 645 1720 706 Summa
1754 664 1868 726 pro
1891 645 2245 726 Praeposito
2279 646 2661 707 thalerorum
2685 647 3163 709 Borussicorum

544 748 828 826 bismille,
881 768 992 830 pro
1029 751 1280 813 Decano
1329 752 1711 814 thalerorum
1764 752 1910 812 item
1964 751 2246 830 bismille,
2299 771 2412 833 pro
2465 751 2745 833 quolibet
2796 773 2870 815 ex
2918 754 3167 815 duobus

542 854 758 935 primis
789 857 1121 919 Canonicis
1165 858 1535 921 numerariis
1580 858 1961 922 thalerorum
2010 858 2179 920 mille
2231 858 2595 936 biscentum,
2630 878 2744 941 pro
2778 861 3058 940 quolibet
3092 881 3163 920 ex

539 963 945 1042 sequentibus
975 984 1079 1025 sex
1097 963 1432 1027 Canonicis
1460 965 1845 1028 thalerorum
1876 965 2062 1042 mille,
2099 985 2213 1047 pro
2246 967 2525 1046 quolibet
2555 986 2625 1027 ex
2652 966 2901 1027 duobus
2932 983 3167 1047 postre-

539 1069 658 1134 mis
688 1068 1022 1135 Canonicis
1066 1072 1445 1133 thalerorum
1492 1072 2016 1152 octingentorum,
2061 1091 2176 1154 pro
2225 1073 2503 1153 quolibet
2548 1093 2620 1133 ex
2654 1089 2924 1153 quatuor
2956 1074 3164 1134 Cano-

541 1176 692 1238 nicis
727 1176 1090 1238 Honoratiis
1124 1176 1502 1243 thalerorum
1536 1195 1812 1256 centum,
1850 1197 1965 1259 pro
1997 1178 2280 1258 quolibet
2311 1179 2571 1240 demum
2603 1199 2675 1240 ex
2708 1193 2852 1240 octo
2889 1177 3159 1240 Vicariis.

540 1303 652 1344 seu
685 1283 1115 1347 Praebendatis
1146 1285 1528 1349 thalerorum
1562 1284 1926 1347 biscentum.

756 1389 983 1469 (XLV.)
1045 1392 1109 1455 In
1142 1391 1671 1472 Archiepiscopali
1709 1392 1976 1453 Ecclesia
2011 1391 2364 1454 Gnesnensi
2412 1411 2528 1473 pro
2562 1391 2939 1473 PraepositO,
2975 1407 3031 1451 et
3068 1409 3170 1449 sex

543 1497 878 1561 Canonicis
911 1499 1141 1578 quibus
1173 1498 1326 1560 illud
1349 1498 1708 1579 Capitulum
1745 1498 2150 1582 imposterum
2184 1500 2506 1575 constabit,
2538 1518 2606 1559 ea
2630 1498 2944 1559 redituum
2965 1515 3166 1577 quan-

543 1604 679 1673 titas
725 1606 1202 1683 conservabitur,
1251 1625 1413 1686 quae
1449 1605 1864 1686 praepositus,
1897 1624 1954 1669 et
1985 1626 2090 1667 sex
2125 1606 2513 1687 Capitulares
2545 1605 2837 1667 Seniores
2868 1619 3004 1665 actu
3041 1602 3163 1663 fru-

545 1727 750 1773 untur.
829 1711 897 1773 In
930 1713 1225 1794 Capitulo
1258 1712 1819 1795 Archiepiscopulis
1867 1713 2174 1774 Ecclesiae
2223 1712 2662 1775 Posnaniensis
2707 1711 2942 1771 reditus
2990 1728 3165 1790 prae-

544 1816 710 1885 dIcto
760 1818 954 1881 modo
1005 1819 1481 1900 assignabuntur
1531 1819 1593 1881 in
1645 1839 1849 1891 annua
1903 1820 2161 1881 Summa
2213 1839 2330 1901 pro
2381 1818 2738 1899 Praeposito
2787 1815 3169 1879 thalerorum

545 1923 714 1986 mille
759 1925 1285 2005 octingentorum,
1334 1944 1448 2007 pro
1481 1926 1733 1989 Decano
1773 1927 2157 1988 thalerorum
2192 1926 2413 2008 pariter
2443 1924 2608 1986 mille
2641 1923 3165 2002 octingentorum,

545 2049 658 2110 pro
706 2031 985 2111 quolibet
1033 2053 1105 2094 ex
1137 2034 1387 2097 duobus
1420 2032 1637 2115 primis
1670 2034 2009 2096 Canonicis
2040 2034 2422 2095 thalerorum
2454 2032 2620 2093 mille
2653 2031 3016 2107 bis-centum,
3053 2048 3165 2111 pro

544 2137 821 2216 quolibet
866 2160 938 2200 ex
970 2156 1238 2221 quatuor
1267 2140 1673 2220 sequentibus
1705 2141 2086 2203 thalerorum
2118 2140 2308 2218 mille,
2354 2160 2466 2223 pro
2498 2139 2777 2221 quolibet
2809 2158 2880 2200 ex
2914 2139 3165 2199 duobus

549 2245 874 2323 postremis
919 2246 1295 2311 thalerorum
1346 2246 1867 2327 octingentorum,
1913 2267 2028 2328 pro
2073 2248 2355 2328 quolibet
2402 2268 2474 2309 ex
2521 2263 2791 2327 quatuor
2836 2245 3169 2308 Canonicis

544 2352 914 2416 Honoratiis
958 2354 1342 2417 thalerorum
1390 2369 1666 2433 centurn,
1703 2370 1763 2416 et
1793 2375 1907 2437 pro
1941 2355 2219 2435 quolibet
2250 2375 2324 2416 ex
2358 2373 2505 2417 octo
2540 2354 2811 2431 Vicariis,
2842 2373 2952 2415 seu
2988 2354 3166 2414 Prae-

543 2459 825 2525 bendatis
856 2461 1238 2525 thalerorum
1277 2460 1643 2525 biscentum.

759 2566 1008 2644 (XLVI.)
1091 2566 1156 2629 In
1208 2566 1514 2648 Capitulis
1575 2567 2044 2633 Cathedraliurn
2108 2567 2522 2630 Ecclesiarum
2587 2584 2711 2629 tam
2761 2567 3165 2637 Trevirensis,

541 2691 734 2754 quarn
786 2673 1310 2740 paderbornensis
1360 2692 1476 2756 pro
1527 2674 1886 2756 Praeposito
1939 2674 2322 2738 thalerorum
2371 2675 2538 2737 mille
2586 2690 2857 2756 quatuor
2889 2689 3163 2750 centum,

545 2782 688 2843 item
728 2801 842 2861 pro
864 2781 1115 2844 Decano
1150 2781 1534 2843 thalerorum
1569 2782 1734 2843 mille
1769 2799 2039 2863 quatuor
2072 2799 2345 2859 centum,
2380 2803 2494 2864 pro
2515 2783 2802 2865 quolibet
2821 2804 2894 2844 ex
2917 2784 3167 2844 duobus

545 2887 760 2966 primis
792 2886 1128 2952 Canonicis
1181 2885 1563 2949 thalerorum
1618 2887 1804 2957 mille,
1862 2908 1977 2969 pro
2028 2890 2281 2951 duobus
2326 2889 2733 2970 sequentibus
2778 2889 3160 2949 thalerorum

543 2993 1095 3073 noningentorum,
1144 3011 1257 3073 pro
1289 2994 1570 3073 quolibet
1603 3014 1674 3054 ex
1708 3011 1977 3075 quatuor
2009 2997 2346 3060 Canonicis
2381 2997 2748 3059 Honorariis
2780 2996 3158 3057 thalerorum

540 3116 809 3177 centum,
859 3119 918 3162 et
968 3120 1081 3182 pro
1127 3100 1407 3181 quolibet
1455 3121 1488 3162 e
1533 3120 1638 3162 sex
1691 3101 1960 3180 Vicariis,
2008 3123 2120 3165 seu
2169 3105 2599 3165 Praebendatis
2646 3104 2992 3166 thaleorum
3043 3103 3163 3164 bis·

540 3224 810 3270 centum.

754 3314 1036 3392 (XLVII.)
1098 3315 1167 3376 ln
1199 3315 1550 3397 Episcopali
1581 3316 1854 3378 Ecclesia
1889 3317 2372 3395 Monasteriensi,
2425 3339 2536 3399 pro
2585 3319 2932 3400 praeposito
2967 3319 3159 3379 thale-

543 3441 755 3485 rorum
792 3421 957 3483 mille
990 3422 1515 3504 octingentorum,
1555 3443 1624 3486 ac
1659 3424 1879 3506 pariter
1912 3443 2026 3505 pro
2062 3425 2316 3486 Decano
2348 3426 2729 3487 thalerorum
2762 3425 2931 3488 mille
2965 3425 3159 3486 octin-

535 3545 893 3609 gentorum,
941 3547 1055 3609 pro
1100 3528 1376 3609 quolibet
1428 3550 1501 3591 ex
1534 3530 1785 3592 duobus
1818 3529 2032 3613 primis
2064 3529 2398 3592 Canonicis
2428 3532 2810 3593 thalerorum
2844 3531 3011 3592 mille
3042 3532 3165 3594 bis-

537 3656 812 3705 centutn.
848 3658 960 3720 pro
994 3637 1275 3718 quolibet
1306 3657 1380 3700 ex
1412 3639 1816 3719 sequentibus
1849 3654 2123 3721 quatuor
2143 3638 2522 3700 thalerorum
2544 3639 2730 3718 mille,
2756 3658 2867 3720 pro
2889 3639 3165 3719 quolibet

536 3768 609 3808 ex
656 3749 905 3810 duobus
952 3744 1280 3826 postremis
1324 3747 1706 3809 thalerorum
1752 3747 2283 3828 octingentorum,
2332 3763 2444 3826 pro
2477 3745 2756 3824 quolibet
2789 3765 2860 3806 ex
2894 3761 3164 3825 quatuor

536 3854 873 3918 Canonicis
905 3852 1268 3916 Honorariis
1317 3853 1698 3915 thalerorum
1748 3870 2018 3933 centum,
2065 3869 2125 3915 et
2158 3873 2271 3936 pro
2305 3852 2583 3933 quolibet
2616 3872 2688 3913 ex
2720 3869 2865 3914 octo
2901 3853 3166 3926 Vicariis,

535 3982 644 4023 seu
681 3960 1112 4023 Praebendatis
1146 3960 1528 4022 thalerorum
1562 3961 1935 4024 biscentum.

751 4068 1054 4146 (XLVIII.)
1100 4068 1165 4129 ln
1198 4067 1468 4129 Ecclesia
1501 4068 1856 4129 Cathedrali
1887 4067 2213 4129 Culmensi
2246 4087 2359 4149 pro
2392 4066 2749 4141 Praeposito
2782 4066 3165 4127 thalerorum

536 4176 703 4237 mille
752 4176 1120 4254 biscenturn,
1170 4175 1314 4237 item
1362 4195 1475 4257 pro
1511 4176 1764 4237 Decano
1796 4175 2176 4237 thalerorum
2211 4175 2375 4236 mille
2410 4174 2775 4252 biscentum,
2810 4192 2923 4255 pro
2956 4174 3159 4256 primo

536 4282 860 4345 Canonico
905 4282 1285 4343 thalerorum
1341 4282 1525 4360 mille,
1573 4302 1688 4363 pro
1718 4282 2000 4344 secundo
2031 4282 2418 4343 thalerorum
2450 4281 3003 4362 noningentorum,
3039 4299 3153 4361 pro

537 4389 817 4471 quolibet
849 4408 921 4449 ex
954 4388 1207 4468 reliquis
1237 4408 1341 4449 sex
1376 4388 1757 4450 thalerorum
1792 4388 2316 4468 octingentorum,
2366 4407 2479 4470 pro
2516 4388 2798 4468 quolibet
2831 4408 2864 4448 e
2897 4401 3165 4467 quatuor

536 4494 873 4558 Canonicis
907 4495 1275 4558 Honoratiis
1325 4497 1707 4557 thalerorum
1759 4512 2029 4574 centum,
2080 4511 2139 4556 et
2184 4516 2300 4577 pro
2348 4496 2630 4577 quolibet
2677 4514 2710 4555 e
2756 4515 2860 4555 sex
2893 4493 3165 4565 VicariiS,

534 4624 643 4665 seu
681 4601 1114 4664 Praebendatis
1147 4603 1528 4664 thalerorum
1566 4603 1933 4664 biscentum.

749 4705 1007 4791 (XLIX.)
1101 4708 1170 4771 In
1217 4708 1570 4771 Cathedrali
1615 4708 1887 4771 Ecclesia
1923 4707 2428 4785 Wratislaviensi,
2478 4727 2591 4789 pro
2642 4706 2996 4788 Praeposito
3028 4708 3163 4767 tha-

530 4818 806 4878 lerorum
837 4815 1120 4894 bismille,
1165 4835 1279 4898 pro
1313 4816 1565 4878 Decano
1599 4816 1878 4877 similiter
1909 4816 2292 4877 thalerorum
2325 4814 2609 4892 bismille,
2644 4832 2759 4896 pro
2792 4813 2993 4895 primo
3025 4813 3154 4874 Ca-

533 4924 765 4986 nonico
816 4923 1240 4985 Praebendam
1275 4922 1636 4985 Scholastici
1668 4923 1987 4984 obtinente
2025 4922 2414 4984 thalerorum
2451 4922 2621 4983 mille
2654 4922 3163 5002 quingentorum,
