3684 5416
346 1537 401 1566 10

342 2734 404 2766 20

349 3805 407 3850 ΒΟ

350 4396 405 4442 35

1417 377 1665 433 Ecclesia
1693 378 2104 452 antiquissima.

455 570 539 611 τα
570 550 825 628 τρόπον
853 555 1059 615 πᾶσιν
1089 557 1426 634 ἀρέσκειν.
1477 560 1561 620 οῦ
1593 560 1732 638 γὰρ

460 658 830 740 βρωμάτων
849 659 961 722 καὶ
982 664 1203 724 ποτῶν
1223 664 1390 727 εἰσὶν
1406 664 1731 739 διάκονοι,

456 762 606 825 ἀλλ’
628 765 994 844 ἐκκλησίας
1012 770 1183 832 θεοῦ
1202 771 1547 850 ὑπηρέται.
1571 772 1734 836 δέον

456 869 581 932 οὖν
616 870 870 949 αὐτοὺς
902 876 1382 954 φυλάσσεσθαι
1402 880 1488 942 τὰ
1507 880 1734 960 ἐγκλή·

456 996 633 1058 ματα
664 978 758 1054 ὡς
790 982 940 1057 πῦρ.

545 1087 635 1148 lIl.
683 1111 733 1150 1.
794 1084 1086 1170 “Ομοίως
1132 1092 1379 1169 πάντες
1436 1096 1734 1173 ἐντρεπέ-
1793 1127 1797 1131 v

456 1192 741 1254 σθωσαν
765 1191 927 1271 τοὺς
949 1194 1318 1275 διακόνους
1351 1199 1446 1277 ὡς
1466 1200 1735 1280 Ἰησοῦν

457 1297 777 1375 Χριστὸν,
842 1300 937 1378 ὡς
996 1304 1108 1366 καὶ
1171 1304 1291 1366 τὸν
1348 1307 1733 1383 ἐπίσκοπον,

457 1402 625 1468 ὄντα
674 1405 881 1469 τύπον
931 1413 1053 1473 τοῦ
1098 1412 1379 1490 πατρὸς,
1430 1412 1592 1492 τοὺς
1654 1414 1735 1478 δὲ

3006 398 3068 451 ¹9

1791 564 2081 640 ministri,
2145 563 2253 624 sed
2316 563 2602 625 ecclesiae
2649 563 2746 624 dei
2782 564 3065 625 ministri.

1790 686 2222 751 opportunum
2257 670 2459 747 igitur,
2492 691 2602 733 vos
2623 673 2945 733 observare
2967 691 3065 732 ac-

1791 777 2143 839 cusationes
2175 793 2242 838 ut
2273 776 2500 856 ignem.

1880 1097 1971 1158 Ill.
2008 1118 2053 1158 ι.
2101 1096 2343 1158 Similer
2363 1113 2421 1158 et
2441 1116 2659 1159 omnes
2682 1114 3072 1159 revereantur

1791 1203 2088 1265 diaconos
2135 1220 2200 1265 ut
2247 1204 2610 1265 mandatum
2649 1204 2784 1265 Iesu
2818 1204 3066 1281 Christi,

1790 1326 1850 1371 et
1912 1310 2277 1391 episcopum
2345 1326 2410 1371 ut
2472 1311 2673 1371 lesum
2726 1311 3068 1389 Christum,

1790 1418 2181 1479 exsistentem
2213 1417 2413 1479 filium
2447 1418 2648 1499 patris,
2681 1420 3070 1498 presbyteros

456 1514 971 1596 πρεσβυτέρους
1016 1516 1111 1594 ὡς
1156 1519 1521 1598 συνέδριον
1562 1521 1734 1584 θεοῦ
1788 1544 1997 1585 autem
2031 1541 2097 1585 ut
2126 1524 2462 1586 concilium
2484 1524 2581 1585 dei
2605 1539 2662 1584 et
2682 1523 3070 1599 coniunctio-

454 1621 566 1679 καὶ
584 1618 678 1696 ὡς
693 1618 1078 1705 σύνδεσμον
1094 1626 1514 1690 ἀποστόλων.
1532 1628 1735 1707 χωρὶς

456 1723 712 1787 τούτων
744 1729 1069 1809 ἐκκλησία
1099 1734 1185 1795 οὐ
1215 1735 1536 1797 καλεῖται.

1790 1650 1933 1692 nem
1984 1632 2433 1711 apostolorum.
2482 1630 2617 1692 sine
2670 1631 2764 1691 his
2814 1631 3066 1692 ecclesia

1789 1758 1918 1799 non
1950 1754 2221 1800 vocatur.
2286 1736 2341 1817 [1.
2375 1757 2424 1797 e.
2457 1757 2595 1819 pag.
2631 1735 2932 1817 44—47.]

1168 1931 1239 2005 d)
1303 1933 1667 2014 Epistula
1716 1934 1804 1994 ad
1854 1933 2355 2015 Smyrnaeos.

545 2070 696 2131 Vlll.
761 2069 1031 2146 Πάντες
1075 2070 1166 2151 τῷ
1206 2072 1547 2155 ἐπισκόπῳ
1580 2076 1732 2134 ἀκο-

376 2196 398 2238 5
456 2174 784 2255 λουθείτε,
803 2174 898 2253 ὡς
918 2175 1183 2255 Ἰησοῦς
1200 2178 1499 2256 Χριστὸς
1514 2180 1604 2261 τῷ
1620 2200 1733 2242 πα-

1878 2076 2029 2137 VIII.
2065 2076 2303 2136 Omnes
2321 2075 2686 2156 episcopum
2708 2075 3065 2155 sequimini,

1791 2198 1859 2243 ut
1894 2182 2060 2244 Iesus
2094 2181 2375 2243 Christus
2409 2198 2662 2261 patrem,
2712 2198 2771 2242 et
2810 2184 3064 2262 presby-

456 2279 708 2357 τρὶ,καὶ
724 2284 816 2365 τῷ
830 2284 1293 2367 πρεσβυτερίῳ
1310 2284 1405 2363 ὡς
1420 2290 1562 2363 τοῖς
1578 2289 1734 2348 ἀπο-
1789 2289 2010 2350 terium
2047 2304 2113 2349 ut
2145 2287 2492 2368 apostolos;
2530 2287 2826 2348 diaconos
2859 2303 3065 2347 autem

458 2387 759 2466 στόλοις·
810 2389 972 2468 τοὺς
1005 2389 1086 2453 δὲ
1117 2390 1488 2469 διακόνους
1521 2393 1734 2471 ἐντρέ-

455 2497 690 2568 πεσθε,
754 2497 849 2573 ὡς
910 2499 1079 2560 θεοῦ
1142 2500 1437 2578 ἐντολήν.
1506 2499 1738 2582 μηδεὶς

457 2603 660 2681 χωρὶς
704 2607 825 2667 τοῦ
877 2605 1249 2669 ἐπισκόπου
1283 2627 1338 2668 τι
1370 2607 1735 2684 πρασσέτω

459 2711 591 2771 τῶν
634 2712 1025 2790 ἀνηκόντων
1071 2715 1170 2790 εἰς
1200 2712 1319 2792 τὴν
1352 2714 1732 2793 ἐκκλησίαν.

461 2816 681 2897 ἐκείνη
720 2819 967 2904 βεβαία
999 2821 1390 2899 εὐχαριστία
1418 2822 1735 2901 ἡγείσθω,

460 2924 500 3000 ἡ
534 2924 666 2987 ὑπὸ
698 2926 820 2989 τὸν
853 2926 1223 2990 ἐπίσκοπον
1254 2928 1458 3002 οὖσα,
1494 2930 1532 3007 ἢ
1567 2927 1621 3011 ᾦ
1654 2931 1739 2990 ἂν

462 3031 673 3110 αὐτὸς
706 3035 1051 3118 ἐπιτρέψῃ.
1123 3059 1181 3099 2.
1230 3035 1405 3097 ὅπου
1439 3039 1526 3097 ἂν
1557 3040 1735 3117 φανῇ

462 3140 502 3200 ὁ
533 3139 917 3219 ἐπίσκοπος,
953 3144 1089 3204 ἐκεῖ
1123 3141 1201 3204 τὸ
1234 3143 1493 3221 πλῆθος
1532 3142 1734 3206 ἔστω·

380 3271 404 3313 5
461 3246 693 3325 ὥσπερ
726 3249 902 3310 ὅπου
936 3251 1020 3310 ἂν
1054 3247 1093 3328 ᾖ
1127 3249 1428 3326 Χριστὸς
1448 3249 1736 3328 Ἰησοῦς,

1790 2395 2186 2456 revereamini
2223 2409 2289 2455 ut
2321 2393 2418 2454 dei
2440 2394 2821 2454 mandatum.
2856 2392 3069 2455 nullus

1790 2503 1919 2564 sine
1953 2503 2246 2583 episcopo
2279 2500 2508 2581 aliquid
2532 2517 2821 2582 operetur
2844 2517 3063 2559 eorum

1791 2628 1950 2689 quae
1999 2609 2378 2669 conveniunt
2441 2608 2503 2668 in
2570 2606 2904 2667 ecclesiam.
2972 2604 3071 2664 illa

1790 2716 1966 2777 firma
1999 2716 2330 2794 gratiarum
2363 2716 2519 2776 actio
2541 2729 2874 2795 reputetur,
2909 2733 3068 2793 quae

1792 2827 1908 2884 sub
1956 2824 2249 2905 episcopo
2298 2839 2405 2898 est,
2470 2823 2563 2883 vel
2613 2841 2804 2901 quam
2853 2820 3069 2900 utique

1794 2932 1922 3012 ipse
1973 2930 2359 2992 concesserit.
2439 2950 2493 2990 2.
2543 2928 2649 2990 ubi
2699 2929 2912 3009 utique
2961 2948 3068 3008 ap-

1794 3052 1964 3119 paret
2013 3038 2364 3118 episcopus,
2418 3036 2538 3097 illic
2591 3035 2926 3095 multitudo
2973 3035 3068 3112 sit,

1793 3144 2329 3224 quemadmodum
2366 3144 2579 3223 utique
2610 3143 2716 3204 ubi
2752 3158 2841 3206 est
2856 3141 3071 3202 Chris·

1792 3269 1892 3312 tus
1924 3250 2111 3326 IesuS‚
2148 3249 2265 3311 illic
2299 3250 2595 3310 catholica
2627 3249 2896 3309 ecclesia.
2943 3266 3071 3308 non

462 3359 600 3418 ἐκεῖ
633 3357 672 3434 ἡ
706 3356 1035 3435 καθολικὴ
1059 3355 1400 3436 ἐκκλησία.
1435 3359 1562 3420 οῦκ
1583 3356 1741 3430 ἐξόν
1793 3360 2030 3421 licitum
2069 3374 2156 3418 est
2188 3357 2319 3417 sine
2352 3357 2648 3437 episcopo
2683 3375 2887 3435 neque
2921 3357 3072 3435 bap-

461 3467 644 3526 ἐστιν
704 3465 908 3544 χωρὶς
969 3468 1090 3526 τοῦ
1153 3463 1530 3526 ἐπισκόπου
1581 3462 1741 3526 οὔτε
1791 3466 1974 3527 tizare
2007 3484 2210 3545 neque
2242 3483 2479 3544 agapen
2513 3463 2724 3538 facere,
2757 3464 2864 3523 sed
2899 3462 3071 3542 quod

465 3571 798 3655 βαπτιζειν
829 3571 990 3634 οὔτε
1022 3573 1293 3649 ἀγάπην
1309 3576 1552 3632 ποιεῖν·
1589 3571 1733 3632 ἀλλ’
1794 3575 2008 3652 utique
2041 3571 2143 3633 ille
2178 3570 2539 3652 probaverit,
2574 3571 2695 3630 hoc
2726 3585 2784 3629 et
2814 3570 2932 3630 deo
2966 3570 3073 3630 be-

461 3677 502 3740 ὃ
536 3682 622 3741 ἂν
667 3681 929 3756 ἐκεῖνος
975 3655 1582 3760 δοκιμάσῃ,’τοῦτο
1626 3677 1737 3739 καὶ
1797 3679 2191 3760 neplacitum‚
2235 3693 2301 3739 ut
2346 3678 2559 3738 stabile
2605 3676 2680 3736 sit
2725 3691 2781 3736 et
2821 3675 3074 3735 firmum

460 3788 551 3868 τῷ
584 3787 722 3868 θεῷ
756 3787 1152 3863 εὐάρεστον,
1198 3785 1315 3846 ἵνα
1354 3783 1665 3866 ἀσφαλὲς
1698 3783 1737 3864 ᾖ
1794 3806 1984 3848 omne
2019 3786 2190 3865 quod
2212 3785 2436 3864 agitur.
2472 3782 2529 3862 [l.
2550 3802 3027 3864 c.pag.9o—93
3057 3780 3072 3861 ]

459 3893 571 3956 καὶ
610 3894 893 3980 βέβαιον
923 3895 1057 3954 πᾶν
1088 3891 1128 3954 ὃ
1160 3894 1564 3970 πράσσεται.

1466 4102 1518 4155 4.
1561 4101 2074 4157 POLYCARPUS.

675 4230 704 4259 ⁶
732 4231 882 4284 Patr.
911 4231 1010 4303 Ap.
1039 4231 1247 4301 Opera,
1283 4227 1344 4281 11.
1373 4244 1425 4298 p.
1462 4244 1576 4297 119,
1614 4243 1723 4297 ¹27·
1779 4225 2007 4288 Funk‚
2059 4227 2130 4278 Ο.
2157 4226 2214 4279 Ρ.
2243 4226 2308 4278 Α.
2336 4224 2511 4278 Tom.
2546 4240 2587 4276 1.
2636 4224 2754 4277 266.
2812 4221 3066 4293 Light-

463 4309 537 4364 fo
557 4328 592 4365 o
612 4324 666 4378 t,
705 4314 889 4382 Apost.
917 4311 1067 4364 Fatlz.
1099 4310 1157 4365 11.
1225 4306 1552 4376 Vizzini‚
1576 4308 1709 4360 Bibl.
1739 4307 1829 4359 Ss.
1860 4306 2113 4372 Patrum,
2139 4304 2261 4360 Ser.
2288 4305 2353 4372 11,
2378 4305 2552 4358 Tom.
2582 4321 2630 4356 2.
2693 4302 2734 4357 F
2754 4320 2787 4356 u
2808 4302 2931 4371 nk,
2969 4304 3075 4357 Die

462 4391 709 4444 Echtlzeit
741 4392 842 4445 der
868 4389 1307 4460 Ignatiam'schen
1333 4387 1538 4459 Briegfe.
1578 4384 1889 4456 Tubingen
1923 4383 2071 4455 1883.
2114 4402 2168 4455 p.
2207 4402 2424 4453 14-42.
2482 4385 2523 4436 B
2542 4400 2573 4436 a
2591 4400 2618 4435 r
2635 4383 2668 4436 d
2689 4399 2719 4436 e
2737 4400 2774 4436 n
2790 4383 2828 4436 h
2847 4399 2877 4436 e
2894 4401 2946 4434 w
2966 4399 2996 4436 e
3014 4401 3040 4436 r
3062 4423 3077 4452 ,

464 4471 499 4537 ἓ
537 4487 611 4526 ιο.
663 4468 713 4522 H
732 4486 957 4522 arnae
976 4468 1040 4537 k,
1080 4468 1291 4522 Altclzr.
1318 4468 1480 4520 Liter.
1521 4465 1582 4519 11.
1620 4483 1660 4518 1.
1690 4483 1852 4537 334—
1871 4464 1989 4536 336.
2057 4463 2131 4517 ld
2150 4481 2287 4533 em,
2325 4466 2404 4518 Zu
2433 4464 2695 4534 Polycarp
2734 4464 2811 4516 ad
2847 4462 3072 4535 Philipp.

473 4567 486 4603 1
511 4566 523 4601 1
562 4550 859 4613 (Miscellen
886 4546 942 4602 in
980 4550 1133 4602 Texte
1158 4566 1208 4600 u.
1244 4546 1457 4600 UnterS.
1486 4545 1557 4599 N.
1581 4545 1640 4600 F.
1668 4546 1844 4599 Tom.
1874 4544 1938 4596 V.
1970 4551 2038 4616 3.)

1194 4692 1559 4775 Epistula
1607 4692 1695 4753 ad
1744 4691 2327 4772 Philippenses

554 4822 626 4882 V.
656 4843 711 4884 2.
755 4816 1049 4901 Ὁμοίως
1079 4817 1386 4881 διάκονοι
1418 4813 1768 4898 ἄμεμπτοιΙ
1885 4817 1957 4878 V.
1996 4838 2050 4879 2.
2108 4818 2395 4879 Similiter
2441 4815 2685 4878 diaconi
2727 4814 3069 4896 inculpabi-

354 4950 414 4990 «ιο
464 4923 881 4989 κατενώπιον
913 4927 1126 4989 αὐτοῦ
1146 4927 1266 5004 τῆς
1285 4921 1742 5001 δικαιοσύνης,
1798 4925 1885 4986 les
1935 4924 2057 4985 sint
2104 4924 2170 4984 in
2221 4940 2556 5005 conspectu
2611 4922 2866 4983 iustitiae
2922 4922 3071 5000 eius⁷

2725 5041 2789 5094 2*
