3684 5416
511 1469 560 1501 10

508 2003 553 2047 ¹5

500 3071 550 3116 ²5

495 4140 546 4185 35

622 283 725 355 528
1693 284 1863 340 Curia
1904 302 2164 340 romana.

618 485 676 530 et
708 470 1003 531 omnibus
1036 468 1317 531 intimare
1351 470 1607 546 decreta,
1640 485 1697 530 et
1718 469 2143 531 ordinationes
2163 488 2593 550 quascumque
2613 485 2736 530 tam
2762 485 3017 546 nostras,
3039 488 3235 549 quam

617 573 895 653 ejusdem
931 575 1239 653 Praefecti,
1275 594 1495 636 eorum
1530 594 1846 655 personas,
1869 596 1938 636 ac
1960 595 2193 637 munus
2213 592 2677 654 concernenteS,
2699 591 2756 636 et
2776 576 3232 654 concernentia,

615 701 862 743 necnon
896 683 1043 758 dies,
1087 702 1157 743 ac
1189 698 1489 763 tempora,
1538 697 1595 742 et
1626 682 1864 743 servitia
1894 703 1928 743 a
1961 682 2216 762 singulis
2249 701 2469 744 eorum
2502 684 2685 744 nobis
2715 701 2844 744 tarn
2879 683 2940 744 in
2972 681 3230 763 Capella

616 805 844 866 nostra,
888 808 1079 870 quam
1126 789 1189 850 in
1236 789 1368 850 aliis
1414 788 1839 851 functionibus
1876 790 2256 871 praestanda,
2291 808 2361 850 ac
2392 790 2575 851 etiam
2606 809 2837 868 curare,
2872 806 2940 850 ut
2969 790 3226 850 tabellae

613 896 950 958 indicantes
996 895 1370 976 Signaturas,
1418 911 1477 958 et
1521 897 2053 977 Congregationes
2100 896 2408 958 faciendas
2440 897 2734 975 congruis
2765 897 3150 978 temporibus
3183 916 3217 956 a

613 1002 905 1064 ministris
950 1003 1275 1085 deputatis,
1325 1019 1392 1065 ut
1444 1004 1633 1064 moris
1680 1020 1789 1082 est,
1825 1020 2234 1085 exponantur,
2265 1023 2335 1065 ac
2366 1005 2662 1065 omnibus
2697 1005 2954 1066 demum
2984 1003 3231 1065 incum-

614 1112 776 1188 bere,
809 1130 970 1191 quae
1002 1110 1188 1172 totius
1220 1110 1476 1172 Ordinis
1508 1111 1791 1172 interesse
1832 1128 2223 1172 concernent.

828 1226 858 1287 S
897 1239 951 1299 3.
997 1216 1265 1294 Quoties
1296 1237 1443 1279 vero
1477 1217 1709 1279 dictum
1741 1218 2097 1299 Collegium
2131 1217 2478 1295 convocari,
2517 1233 2576 1279 et
2606 1218 2944 1279 coadunari
2977 1236 3230 1279 necesse

614 1325 759 1399 erit;
827 1324 1171 1404 requiratur
1222 1325 1392 1406 prius
1439 1324 1679 1386 licentia
1710 1325 2026 1403 Praefecti,
2075 1339 2133 1386 et
2163 1325 2239 1386 de
2273 1323 2404 1402 ejus
2437 1325 2732 1385 mandato
2767 1344 2876 1405 per
2910 1325 3233 1385 Decanum

613 1447 1007 1509 convocetur,
1040 1446 1224 1512 atque
1260 1433 1321 1492 in
1354 1432 1547 1493 domo
1581 1431 1971 1494 habitationis
2002 1431 2284 1508 ejusdem
2319 1432 2628 1507 Praefecti,
2662 1448 2718 1492 et
2752 1452 2883 1493 non
2918 1431 3079 1508 alibi,
3115 1449 3233 1491 nec

613 1538 783 1599 aliter
833 1539 1180 1612 convocari,
1231 1554 1290 1601 et
1339 1538 1678 1601 coadunari
1728 1538 1942 1621 possit,
1995 1539 2110 1600 nisi
2155 1539 2231 1600 de
2278 1557 2564 1621 expresso
2611 1538 2888 1615 ejusdem
2939 1535 3229 1598 Praefecti

614 1664 944 1722 consensu,
977 1665 1046 1706 ac
1078 1646 1317 1707 licentia
1351 1647 1414 1707 in
1449 1646 1685 1727 scriptis
1715 1662 1958 1708 tantum
1993 1648 2372 1727 praestanda.

826 1763 856 1824 S
889 1775 947 1833 4.
995 1755 1306 1817 Volumus
1336 1771 1545 1816 autem
1578 1755 1916 1836 praefatum
1949 1755 2303 1833 Collegium
2338 1776 2371 1815 a
2406 1754 2588 1816 uobis
2620 1753 2968 1816 institutum
2989 1752 3226 1813 eisdem

614 1860 963 1943 privilegiiS,
996 1878 1052 1923 et
1085 1863 1583 1944 exemptionibus
1617 1863 1866 1944 perfrui,
1898 1882 1966 1923 ac
1999 1863 2202 1945 potiri,
2237 1862 2467 1943 quibus
2488 1879 2721 1924 caetera
2743 1860 3023 1942 Collegia
3044 1861 3223 1922 Prae-

610 1970 879 2032 latorum
914 1971 1234 2033 Romanae
1265 1972 1492 2034 Curiae
1525 1973 1866 2055 potiuntur,
1898 1988 1959 2034 et
1987 1974 2277 2054 gaudent.

827 2088 855 2148 S
899 2099 949 2158 5.
997 2080 1190 2141 Porro
1226 2079 1330 2158 illi,
1365 2080 1475 2160 qui
1507 2080 1567 2141 in
1600 2080 1886 2141 ordinem
1914 2079 2497 2142 Referendariorum
2528 2078 2802 2159 cooptari
2836 2093 3062 2158 petent,
3085 2093 3229 2137 ante

610 2164 823 2246 omnia
857 2188 1177 2263 curabunt,
1211 2202 1280 2247 ut
1311 2187 1494 2248 relata
1529 2188 1734 2265 nobis,
1766 2202 1825 2247 et
1858 2185 2314 2248 successoribus
2349 2185 2574 2246 nostris
2606 2207 2639 2246 a
2661 2183 2974 2246 Praefecto
3007 2183 3223 2265 Signa—

610 2305 780 2353 turae
828 2310 1046 2353 eorum
1092 2293 1379 2354 instantia
1424 2309 1727 2369 nostrum,
1760 2313 1831 2354 ac
1862 2311 2289 2354 successorum
2325 2292 2739 2374 praefatorum
2771 2290 3228 2372 beneplacitum

611 2399 961 2479 praecedat:
1016 2399 1252 2460 Deinde
1299 2415 1367 2460 ut
1416 2403 1491 2461 ab
1539 2401 1759 2461 eodem
1799 2400 2112 2462 Praefecto
2160 2419 2326 2460 unus
2359 2419 2431 2459 ex
2464 2397 2751 2459 Praelatis
2786 2396 3036 2479 praefati
3067 2396 3218 2458 Col—

610 2504 750 2584 legii
804 2505 1118 2584 delegetur
1167 2526 1279 2587 pro
1332 2505 1719 2568 conficiendo
1769 2526 2079 2588 processu,
2125 2507 2187 2568 in
2235 2525 2367 2587 quo
2417 2504 2830 2586 infrascriptae
2863 2504 3221 2565 instantium

611 2611 929 2691 qualitates
976 2612 1243 2691 legitime
1290 2612 1709 2692 justificentur.
1776 2614 1983 2675 Primo
2030 2613 2257 2675 scilicet
2289 2630 2359 2675 ut
2390 2632 2461 2673 ex
2494 2631 2662 2690 vero,
2696 2629 2753 2673 et
2785 2611 3062 2692 legitimo
3092 2630 3228 2671 ma·

607 2719 921 2797 trimoni0,
968 2736 1026 2781 et
1072 2721 1297 2802 probis,
1345 2742 1413 2782 ac
1460 2721 1732 2784 honestis
1764 2722 2121 2804 parentibus
2155 2721 2297 2797 nati,
2329 2736 2387 2782 et
2419 2720 2717 2802 procreati
2746 2720 2887 2798 sint,
2922 2738 2992 2780 ac
3023 2721 3221 2779 bonae

608 2826 852 2905 indolis,
887 2828 1063 2905 vitae,
1106 2848 1176 2890 ac
1209 2828 1403 2891 famae
1435 2849 1688 2912 prorsus
1720 2830 2066 2910 inculpatae
2097 2829 2344 2907 fuerint,
2378 2846 2562 2910 atque
2595 2829 2658 2890 in
2679 2828 2978 2907 vigesimo
2998 2829 3222 2908 quinto

612 2934 817 2994 aetatis
863 2954 1029 2996 anno
1077 2935 1421 3010 constituti;
1477 2937 1790 2998 Praeterea
1827 2937 1890 2997 in
1922 2936 2126 3017 aliqua
2161 2936 2405 3019 publica
2441 2935 2848 2999 Universitate
2882 2934 3099 2996 studiis
3129 2935 3215 2995 le—

606 3039 848 3119 galibus
895 3040 1108 3102 saltem
1156 3062 1263 3123 per
1294 3044 1804 3124 quinquennium
1837 3063 2092 3124 operam
2126 3044 2424 3119 dederint,
2456 3063 2525 3105 ac
2558 3043 2621 3104 in
2654 3043 2868 3104 eadem
2905 3040 3228 3122 utriusque

608 3145 756 3224 juris
789 3148 1016 3210 scilicet
1034 3149 1358 3227 Canonici,
1397 3164 1455 3210 et
1478 3150 1687 3212 Civilis
1723 3152 2021 3211 Lauream
2046 3151 2417 3212 Doctoratus
2448 3150 2709 3212 assecuti
2745 3149 2998 3211 fuerint:
3035 3164 3230 3228 atque.

607 3274 855 3315 annuos
906 3256 1087 3317 etiam
1139 3257 1413 3318 redditus
1463 3276 1773 3318 summam
1824 3273 2145 3318 scutorum
2191 3257 2359 3319 mille
2407 3258 2900 3338 quingentorum
2931 3271 3215 3316 monetae

605 3362 1052 3424 constituentes
1103 3384 1241 3425 vere
1292 3385 1361 3425 ac
1409 3365 1662 3440 realiter,
1710 3380 1769 3426 et
1814 3363 2062 3446 pacifice
2111 3365 2484 3445 possideant,
2518 3364 2613 3425 vel
2644 3386 2678 3425 a
2709 3362 3082 3446 parentibus,
3115 3376 3220 3422 aut

606 3470 980 3551 propinquis
1013 3470 1240 3533 fuerint
1271 3472 1387 3533 illis
1420 3472 1616 3533 valide
1648 3471 1975 3551 assignati:
2042 3478 2131 3532 Ac
2177 3472 2435 3532 demum
2469 3472 2532 3532 in
2565 3472 2677 3532 hac
2714 3471 2903 3533 Curia
2937 3470 3220 3532 Romana

602 3576 816 3637 saltem
871 3598 979 3659 per
1031 3579 1354 3641 biennium
1407 3580 1622 3641 versati
1673 3578 1917 3656 fuerint,
1970 3594 2030 3639 et
2075 3579 2284 3640 studio
2331 3597 2587 3660 praxeos
2619 3598 2809 3660 penes
2841 3578 3113 3658 aliquem
3148 3596 3229 3636 ex

604 3684 1013 3745 Auditoribus
1060 3687 1251 3747 Rotae
1298 3702 1560 3764 nostrae,
1609 3687 1703 3747 vel
1750 3686 1904 3746 alios
1950 3685 2276 3762 Praelatos,
2323 3684 2653 3762 OfficialeS,
2702 3705 2812 3746 seu
2864 3684 3214 3745 Advocatos

604 3788 884 3866 ejusdem
918 3792 1141 3853 Curiae
1172 3793 1393 3854 sedulo
1425 3793 1847 3854 incubuerint:
1897 3811 2084 3873 super
2115 3792 2343 3873 quibus
2376 3793 2710 3873 compilato
2733 3794 3053 3872 diligenter
3077 3809 3215 3871 pro·

604 3917 777 3959 cessu
816 3897 918 3958 fiat
949 3920 982 3959 a
1017 3899 1309 3979 Ponente,
1344 3920 1453 3961 seu
1487 3902 1767 3979 delegato
1802 3901 1965 3962 illius
1998 3901 2211 3962 relatio
2246 3901 2307 3962 in
2340 3900 2645 3980 Collegio,
2682 3901 2782 3961 cui
2814 3900 2864 3960 si
2897 3900 3224 3960 videantur

603 4006 855 4087 probata
889 4006 1262 4068 sufficienter
1295 4007 1646 4088 praemissa,
1685 4023 1835 4069 tunc
1873 4008 2098 4069 Orator
2129 4007 2489 4069 admittatur
2521 4007 2598 4068 ad
2632 4026 2909 4084 examen,
2943 4004 3210 4084 assigna-

602 4114 677 4175 tis
721 4114 803 4174 illi
859 4115 948 4189 (ut
994 4115 1185 4175 moris
1231 4116 1338 4192 est)
1387 4116 1628 4177 duabus
1674 4116 2248 4198 supplicationibus,
2282 4136 2394 4179 seu
2427 4115 2977 4178 commissionibus
3010 4131 3224 4173 coram

603 4222 739 4303 ipso
786 4223 1048 4305 collegio
1097 4226 1556 4306 proponendis:
1609 4227 1685 4287 Et
1732 4227 1996 4289 subinde
2045 4242 2290 4308 peracto
2327 4224 2607 4286 examine
2641 4224 2690 4283 si
2724 4222 3003 4300 ejusdem
3034 4221 3210 4282 Prae-

603 4332 762 4408 fecti,
797 4348 981 4411 atque
1016 4333 1296 4411 Collegii,
1329 4353 1606 4414 quorum
1640 4334 2082 4396 conscientiam
2114 4352 2467 4408 oneramus,
2518 4331 2697 4392 fuerit
2730 4329 3023 4392 concordi
3057 4326 3211 4407 judi-

604 4440 720 4517 ci0,
747 4438 841 4499 vel
873 4440 1088 4500 saltem
1123 4460 1229 4520 per
1261 4442 1413 4501 duas
1448 4463 1521 4502 ex
1553 4442 1749 4502 tribus
1783 4442 2055 4522 partibus
2088 4458 2400 4518 votorum,
2448 4460 2608 4521 quae
2641 4454 2876 4501 secreto
2909 4456 3018 4520 per
3049 4436 3213 4497 fabas

601 4547 785 4622 albaS,
836 4563 895 4607 et
946 4549 1149 4627 nigras
1199 4549 1456 4628 proferri
1507 4552 1800 4612 volumus
1852 4552 2256 4632 approbatus;
2326 4567 2472 4611 tunc
2523 4548 2869 4609 Praefectus
2919 4545 3210 4608 omnibus

600 4655 816 4733 Nobis,
850 4672 907 4716 et
940 4656 1395 4716 successoribus
1431 4657 1653 4717 nostris
1686 4656 1906 4734 relatis,
1946 4657 2121 4717 illum
2155 4658 2522 4719 auctoritate
2557 4670 2763 4715 nostra
2786 4650 3220 4735 pronunciabit

602 4763 1135 4839 Referendarium,
1166 4782 1235 4823 ac
1269 4764 1331 4824 in
1365 4762 1627 4824 aliorum
1658 4782 1995 4826 numerum
2027 4762 2285 4823 adscribi
2318 4761 2651 4839 mandabit,
2688 4759 2974 4841 praestito
3006 4773 3212 4818 tamen

601 4873 769 4954 prius
803 4873 867 4933 in
901 4872 1032 4951 ejus
1066 4872 1356 4933 manibus
1387 4872 1571 4932 solito
1604 4869 1976 4948 juramento,
