3684 5416
1610 425 1625 430 ³
1673 347 1956 419 Episcopi.
3021 350 3124 421 587

720 531 820 592 IX.
873 530 1281 611 Dispensandi
1328 533 1403 592 ad
1453 532 1794 612 petendum
1828 532 2107 593 debitum
2142 533 2468 614 conjugale
2500 553 2646 594 cum
2679 549 3125 614 transgressore

506 639 631 700 voti
666 638 951 699 castitatis
985 638 1263 719 privatim
1298 639 1503 701 emissi
1535 639 1644 719 qui
1679 640 2150 701 matrimonium
2190 660 2337 701 cum
2369 640 2532 701 dicto
2566 658 2713 703 voto
2746 644 3126 720 contraxerit,

504 743 872 823 hujusmodi
906 745 1330 826 poenitentem
1363 747 1682 807 monendo
1715 747 1921 827 ipsum
1957 747 2037 808 ad
2072 746 2237 808 idem
2269 763 2486 809 votum
2522 749 2896 809 servandum
2929 749 3122 810 teneri

502 867 626 913 tam
675 867 835 912 extra
880 851 1120 913 licitum
1166 852 1542 914 matrimonii
1593 873 1780 914 usum
1825 874 2016 934 quam
2061 853 2109 917 si
2158 855 2376 916 marito
2422 855 2517 916 vel
2566 856 2743 917 uxori
2792 856 3124 937 respective

426 985 449 1026 3
505 960 919 1041 supervixerit.

715 1068 790 1129 X.
843 1068 1255 1149 Dispensandi
1289 1087 1435 1129 cum
1467 1068 1824 1130 incestuoso
1859 1069 1952 1128 vel
1986 1069 2336 1130 incestuosa
2368 1070 2446 1130 ad
2480 1070 2820 1149 petendum
2843 1070 3122 1132 debitum

502 1173 845 1255 conjugale,
892 1174 1069 1251 cujus
1116 1173 1212 1252 jus
1244 1175 1442 1236 amisit
1474 1195 1547 1237 ex
1576 1175 2047 1257 superveniente
2081 1177 2318 1237 occulta
2351 1175 2640 1238 affinitate
2675 1197 2784 1259 per
2817 1180 3110 1259 copulam

503 1284 809 1343 carnalem
856 1283 1126 1343 habitam
1173 1301 1315 1343 cum
1368 1282 1829 1362 consanguinea
1878 1281 2002 1343 sive
2056 1283 2120 1343 in
2169 1283 2389 1364 primo,
2435 1284 2559 1344 sive
2594 1284 2659 1344 in
2696 1285 2898 1365 primo
2932 1301 2991 1347 et
3024 1307 3119 1347 se-

502 1391 733 1466 cund0‚
785 1390 909 1450 sive
961 1391 1027 1451 in
1074 1389 1353 1451 secundo
1404 1391 1600 1470 gradu
1648 1409 1794 1450 suae
1842 1389 2051 1450 uxoris
2099 1410 2210 1451 seu
2242 1391 2574 1471 respective
2607 1390 2837 1464 mariti;
2889 1411 3125 1455 remota

398 1515 451 1548 ιο
504 1497 826 1558 occasione
874 1496 1171 1578 peccandi
1217 1511 1274 1557 et
1308 1496 1585 1574 injuncta
1618 1497 1785 1576 gravi
1820 1497 2198 1577 poenitentia
2230 1497 2478 1557 salutari
2511 1512 2569 1557 et
2603 1499 2993 1561 confessione
3028 1522 3122 1560 sa·

501 1603 854 1665 eramentali
899 1603 1160 1683 singulis
1199 1604 1521 1664 mensibus
1556 1623 1663 1684 per
1695 1619 1942 1674 tempus
1976 1603 2225 1664 arbitrio
2260 1604 2670 1685 dispensantis
2704 1607 3121 1668 statuendum.

716 1711 812 1772 XI.
862 1709 1275 1790 Dispensandi
1320 1731 1505 1792 super
1551 1712 1796 1772 occulto
1844 1710 2292 1791 impedimento
2341 1712 2520 1791 primi
2568 1732 2816 1774 necnon
2851 1714 3029 1795 primi
3064 1731 3124 1776 et

502 1818 756 1879 secundi
803 1837 873 1878 ac
917 1818 1175 1879 secundi
1220 1833 1462 1879 tantum
1508 1819 1740 1897 gradus
1778 1817 2089 1878 affinitatis
2123 1837 2194 1877 ex
2227 1817 2429 1878 illicita
2463 1819 2685 1879 carnali
2719 1822 2941 1900 copula
2976 1841 3119 1902 pro-

502 1924 825 2001 venientiS,
868 1925 1125 2005 quando
1176 1942 1389 2005 agatur
1422 1926 1498 1986 de
1531 1925 1926 1986 matrimonio
1959 1944 2103 1985 cum
2130 1924 2294 1985 dicto
2325 1924 2777 2006 impedimento
2812 1927 2933 2005 jam
2968 1949 3120 1990 con-

397 2051 444 2094 15
500 2049 712 2110 tractO,
747 2047 824 2107 et,
856 2048 1160 2113 quatenus
1190 2049 1406 2113 agatur
1438 2034 1514 2094 de
1548 2033 1770 2113 copula
1803 2053 1946 2094 curn
1981 2054 2126 2094 suae
2161 2050 2403 2114 putatae
2437 2034 2648 2095 uxoris
2682 2051 2895 2112 matre,
2934 2038 3117 2098 dum-

502 2141 696 2202 modo
727 2140 829 2201 illa
862 2155 1067 2200 secuta
1102 2140 1283 2201 fuerit
1317 2155 1456 2220 post
1488 2139 1765 2218 ejusdem
1800 2156 2044 2222 putatae
2066 2141 2274 2202 uxoris
2298 2141 2671 2202 nativitatem
2693 2159 2750 2203 et
2773 2163 2902 2203 non
2922 2145 3115 2222 aliter,

502 2247 743 2308 monito
794 2246 1143 2328 poenitente
1195 2248 1271 2308 de
1317 2248 1653 2308 necesseria
1698 2264 1926 2308 secreta
1973 2247 2369 2309 renovatione
2418 2267 2761 2309 consensus
2810 2270 2954 2310 cum
3009 2271 3117 2312 sua

502 2369 707 2435 putata
762 2373 951 2414 uxore
1007 2369 1110 2415 aut
1155 2373 1273 2416 suo
1319 2369 1534 2436 putato
1579 2355 1822 2432 marito,
1872 2355 2193 2416 certiorato
2239 2375 2349 2415 seu
2385 2355 2699 2417 certiorata
2733 2356 2808 2416 de
2846 2356 3120 2417 nullitate

502 2462 724 2541 prioris
776 2480 1148 2535 consensus;
1200 2460 1306 2521 sed
1361 2461 1439 2521 ita
1486 2477 1660 2521 caute
1708 2476 1773 2520 ut
1821 2461 2014 2542 ipsius
2062 2460 2435 2542 poenitentis
2477 2461 2770 2521 delictum
2807 2482 3120 2543 nusquam

391 2595 447 2627 20
502 2569 847 2646 detegatur:
898 2582 955 2627 et
988 2582 1295 2647 quatenus
1328 2567 1479 2627 haec
1512 2566 1860 2628 certioratio
1891 2569 2125 2648 absque
2156 2568 2324 2647 gravi
2360 2568 2636 2648 periculo
2671 2568 2798 2630 fieri
2833 2587 3119 2651 nequeat,

499 2691 794 2738 renovato
829 2694 1135 2737 consensu
1170 2673 1332 2752 juxta
1367 2676 1609 2753 regulas
1642 2697 1672 2736 a
1709 2674 1981 2757 probatis
2014 2675 2368 2737 auctoribus
2403 2675 2679 2745 traditas:
2733 2693 2967 2738 remota
3002 2697 3110 2739 oc—

499 2784 744 2846 casione
778 2783 1072 2865 peccandi
1106 2802 1173 2843 ac
1207 2781 1482 2859 injuncta
1514 2782 1682 2863 gravi
1718 2782 2090 2863 poenitentia
2122 2783 2366 2842 salutari
2401 2799 2459 2843 et
2493 2782 2882 2844 confessione
2915 2804 3111 2846 sacra-

500 2891 750 2953 mentali
785 2891 974 2951 semel
1008 2890 1073 2950 in
1106 2910 1318 2951 mense
1352 2908 1460 2970 per
1490 2903 1737 2971 tempus
1770 2889 2177 2971 dispensantis
2211 2888 2459 2951 arbitrio
2494 2892 2915 2952 statuendum.

715 2999 865 3059 Item
916 2998 992 3058 de
1043 2996 1288 3078 speciali
1337 3012 1396 3057 et
1444 3016 1724 3076 expressa
1772 2996 2109 3077 apostolica
2156 2997 2510 3059 auctoritate
2558 2997 2732 3059 vobis
2765 2996 3114 3060 facultatem

392 3130 442 3174 25
499 3106 904 3168 concedimus
926 3104 1321 3186 dispensandi
1342 3123 1529 3184 super
1549 3104 1712 3165 dicto
1736 3103 1982 3165 occulto
2015 3104 2484 3184 impedimento,
2514 3125 2624 3165 seu
2659 3091 3117 3186 impedimentis

498 3212 807 3273 affinitatis
854 3233 925 3274 ex
971 3211 1194 3292 copula
1240 3210 1465 3288 illicita,
1512 3210 1696 3272 etiam
1730 3211 1790 3272 in
1824 3212 2234 3272 matrimoniis
2268 3213 2721 3287 contrahendiS‚
2755 3211 3115 3293 dispensan-

499 3319 687 3400 dique
736 3320 1083 3380 facultatem
1118 3317 1584 3395 subdelegandi‚
1634 3317 1817 3377 etiam
1853 3317 2257 3394 habitualiter‚
2291 3318 2573 3399 parochis
2606 3334 2838 3380 vestrae
2873 3321 3117 3381 dioece-

499 3427 598 3502 εἰς,
644 3426 898 3506 quando
945 3441 1153 3486 tamen
1200 3424 1413 3485 omnia
1461 3439 1668 3504 parata
1700 3423 1821 3483 sint
1856 3423 1930 3483 ad
1966 3424 2227 3504 nuptias,
2263 3444 2375 3484 nec
2410 3426 2878 3486 matrimonium
2916 3446 3114 3506 usque

499 3534 652 3596 dum
699 3536 773 3595 ab
809 3533 1162 3615 Apostolica
1199 3531 1357 3592 Sede
1402 3530 1661 3592 obtineri
1709 3531 1901 3610 possit
1933 3530 2304 3610 dispensatio
2337 3533 2572 3610 absque
2608 3531 2882 3611 periculo
2915 3535 3116 3611 gravis

391 3665 445 3711 30
498 3641 770 3703 scandali
803 3639 1001 3701 differi
1033 3653 1251 3721 queat:
1304 3654 1537 3699 remota
1569 3655 1813 3717 semper
1845 3637 2167 3698 occasione
2201 3638 2512 3717 peccandi,
2549 3652 2606 3697 et
2628 3638 2802 3698 firma
2827 3657 3115 3702 manente

497 3748 855 3808 conditione
903 3748 1076 3827 quod
1122 3746 1345 3825 copula
1395 3744 1598 3805 habita
1637 3763 1781 3805 cum
1818 3759 2007 3804 matre
2043 3744 2320 3803 mulieris
2352 3742 2540 3819 hujus
2573 3745 2942 3806 nativitatem
2981 3766 3113 3807 non

496 3855 842 3915 antecedat:
893 3852 1169 3932 injuncta
1204 3855 1264 3914 in
1297 3852 1579 3933 quolibet
1612 3872 1756 3912 casu
1789 3850 2159 3933 poenitentia
2192 3850 2459 3911 salutari.

711 3961 833 4023 XII.
884 3961 1298 4043 Dispensandi
1331 3979 1519 4041 super
1551 3959 1798 4020 occulto
1832 3957 2106 4019 criminis
2137 3957 2608 4038 impedimentO,
2654 3958 3005 4020 dummodo
3039 3960 3114 4020 sit

496 4069 730 4147 absque
763 4068 887 4128 ulla
922 4068 1376 4129 machinatione
1410 4081 1470 4127 et
1503 4083 1717 4148 agatur
1750 4067 1825 4126 de
1861 4062 2256 4126 matrimonio
2291 4063 2412 4141 jam
2445 4079 2792 4135 contracto;
2861 4067 3114 4127 monitis

390 4200 441 4245 35
500 4175 726 4255 putatis
760 4175 1133 4254 conjugibus
1169 4176 1244 4235 de
1278 4175 1616 4236 necessaria
1649 4194 1994 4235 consensus
2025 4186 2252 4232 secreta
2286 4171 2701 4234 renovatione.

709 4280 876 4361 [Item
931 4302 1002 4342 ex
1052 4283 1269 4342 eadem
1301 4282 1549 4363 speciali
1582 4298 1638 4342 et
1671 4301 1953 4361 expressa
1988 4279 2344 4361 Apostolica
2379 4278 2736 4339 auctoritate
2772 4279 2992 4360 pariter
3026 4280 3111 4340 fa-

494 4390 783 4449 cultatem
835 4389 1240 4450 concedimus
1292 4387 1686 4470 dispensandi
1738 4406 1927 4468 super
1976 4387 2201 4447 eodem
2254 4385 2720 4467 impedimento,
2763 4386 3120 4448 dummodo

493 4495 568 4557 sit
599 4499 833 4577 absque
870 4495 995 4557 ulla
1030 4496 1504 4571 machinatione,
1536 4495 1716 4556 etiam
1751 4493 1816 4555 in
1851 4493 2264 4554 matrimoniis
2297 4493 2756 4570 contrahendiS,
2789 4493 2849 4554 in
2871 4493 3120 4553 casibus

490 4618 700 4666 tamen
754 4603 1212 4685 urgentioribus
1260 4604 1323 4663 in
1372 4603 1600 4682 quibus
1645 4617 1892 4683 tempus
1925 4621 2057 4663 non
2090 4616 2374 4683 suppetat
2406 4601 2762 4663 recurrendi
2795 4601 2873 4661 ad
2907 4600 2966 4660 S.
3003 4600 3112 4660 Se-

381 4735 438 4775 40
493 4711 670 4787 dem;
721 4710 994 4788 injuncta
1055 4710 1121 4771 in
1170 4727 1437 4790 utroque
1486 4730 1629 4771 casu
1677 4710 1846 4790 gravi
1895 4708 2270 4790 poenitentia
2317 4708 2563 4769 salutari
2609 4722 2669 4769 et
2715 4707 3110 4768 confessione

491 4818 915 4879 sacramentali
962 4820 1153 4880 semel
1198 4816 1456 4897 singulis
1504 4816 1824 4878 mensibus
1859 4836 1966 4897 per
1999 4832 2245 4897 tempus
2278 4813 2680 4897 dispensantis
2712 4813 2960 4875 arbitrio
2993 4830 3120 4874 sta-

492 4927 821 4987 tuendum.
