3684 5416
311 1547 363 1580 10

308 2083 359 2128 ¹5

303 2617 364 2650 20

301 3152 359 3197 ²5

296 3685 361 3732 30

297 4219 358 4266 35

422 450 512 462 -
1060 381 1325 436 Potestas
1363 380 1742 438 ecclesiastica
1780 394 1839 437 et
1873 381 2178 452 imperium
2216 383 2392 441 civile.
2965 406 3037 476 92

416 563 591 626 uitet.
657 565 880 645 Neque
926 564 1078 625 haec
1120 585 1155 625 a
1199 579 1258 625 te
1303 564 1572 645 primum
1623 565 1722 627 lex
1768 566 2105 646 excogitata
2136 584 2260 630 est:
2313 568 2420 630 sed
2454 569 2726 650 aequalis
2758 586 2848 632 est
2880 570 3035 635 vitae

417 671 774 750 hominum,
824 686 882 732 et
927 670 1048 732 iam
1095 670 1238 732 inde
1285 690 1356 732 ex
1401 672 1688 734 omnium
1736 672 2126 736 saeculorum
2161 675 2514 737 aeternitate
2546 696 2581 738 a
2616 677 2751 739 Deo
2784 677 3033 740 sancita.

417 777 780 841 Informauit
816 779 986 840 enim
1017 778 1189 841 Deus
1220 778 1507 840 omnium
1540 793 1801 858 mentes,
1834 780 2128 861 quamuis
2160 780 2492 862 agrestium
2523 798 2582 843 et
2613 784 3035 864 barbarorum,

416 884 672 947 notione
704 885 834 947 sui:
897 885 1299 966 studiumque
1345 884 1581 966 pietatis
1626 885 1707 946 ita
1753 885 2050 947 omnibus
2081 886 2418 968 insculpsit,
2449 904 2513 950 vt
2545 908 2750 970 neque
2784 909 3033 972 persua-

416 991 647 1071 dendo,
684 1011 889 1072 neque
922 992 1225 1071 cogend0,
1268 1012 1344 1053 ex
1373 991 1597 1053 animis
1627 991 1771 1053 exui
1803 991 2016 1073 possit.
2084 993 2418 1056 Rationem
2447 1014 2595 1058 vero
2627 1011 2686 1057 et
2716 995 2881 1059 viam
2910 1016 3035 1080 qua

418 1098 537 1160 coli
569 1098 729 1176 velit,
764 1118 896 1160 non
928 1098 1334 1180 praescripsit,
1367 1098 1476 1159 sed
1507 1098 1810 1179 cuiusque
1844 1097 2075 1161 iudicio
2109 1114 2169 1160 et
2199 1100 2502 1162 voluntati
2522 1102 2816 1184 permisit.
2851 1102 3033 1180 Quo-

416 1205 573 1268 circa
606 1207 716 1287 qui
748 1206 872 1266 vim
905 1205 1172 1282 adhibet,
1203 1220 1439 1287 pugnat
1471 1224 1617 1267 cum
1650 1205 1767 1267 Dei
1800 1221 1860 1267 et
1893 1222 2144 1267 naturae
2176 1206 2345 1286 lege:
2397 1207 2505 1288 qui
2546 1228 2735 1290 quam
2768 1226 3032 1292 potesta-

417 1329 544 1375 tem
575 1312 938 1375 hominibus
970 1313 1143 1374 Deus
1173 1311 1401 1389 tribuit,
1433 1330 1572 1373 eam
1601 1328 1794 1374 tentet
1825 1313 2113 1377 adimere.
2160 1313 2543 1395 Quanquam
2578 1315 2795 1377 frustra
2829 1318 3034 1380 omnis

415 1421 591 1483 labor
633 1420 983 1501 suscipitur.
1044 1418 1271 1480 Stabile
1316 1418 1483 1481 enim
1529 1435 1589 1481 et
1627 1435 1828 1482 ratum
1866 1420 2023 1482 nihil
2056 1440 2187 1482 esse
2219 1436 2436 1502 potest,
2468 1424 2641 1503 quod
2674 1423 2751 1483 sit
2782 1441 3033 1487 naturae

417 1527 869 1600 aduersarium;
904 1527 981 1588 ad
1016 1526 1438 1606 exiguumque
1470 1541 1717 1609 tempus
1750 1527 2058 1588 eiusmodi
2090 1527 2274 1610 leges,
2306 1527 2356 1588 si
2387 1529 2583 1590 modo
2613 1529 2766 1609 legis
2796 1550 3032 1594 nomen

416 1633 739 1714 attingunt,
787 1634 1008 1695 durare
1054 1648 1334 1714 possunt,
1383 1653 1622 1714 suaque
1681 1649 1906 1715 sponte
1966 1635 2380 1696 extabescunt.
2443 1633 2637 1710 Quod
2687 1636 3032 1720 Cambysae

416 1754 477 1801 et
525 1740 788 1803 aliorum
843 1741 1263 1821 quorumdam
1315 1740 1560 1820 legibus
1605 1740 1896 1802 accidisse
1945 1739 2228 1823 legimus,
2272 1760 2431 1823 quae
2476 1742 2649 1824 quod
2684 1742 2799 1804 Dei
2830 1744 3031 1824 legem

415 1864 790 1909 conarentur
824 1866 1243 1929 perrumpere,
1278 1847 1376 1908 vix
1409 1847 1486 1909 ad
1521 1847 1823 1929 cuiusque
1855 1863 2134 1926 aetatem,
2168 1868 2200 1907 a
2226 1867 2354 1930 quo
2380 1866 2550 1911 erant
2569 1849 2742 1929 latae,
2761 1851 3032 1931 viguere.

418 1960 499 2015 At
531 1954 643 2017 Dei
697 1955 816 2032 lex,
862 1975 1022 2036 quae
1066 1956 1283 2016 eadem
1327 1970 1432 2017 tua
1478 1970 1588 2035 est,
1621 1954 1905 2037 abrogari
1938 1953 2275 2017 hominum
2305 1955 2487 2017 iussis
2518 1975 2650 2018 non
2683 1972 2921 2037 potest:
2973 1974 3033 2020 et

419 2078 552 2125 orta
599 2061 720 2123 iam
767 2061 912 2123 inde
958 2082 1029 2122 ex
1062 2061 1436 2139 aeternitate,
1469 2081 1577 2144 per
1609 2081 1954 2143 omnesque
1986 2061 2269 2124 nationes
2300 2062 2700 2143 aequabiliter
2734 2063 2888 2144 fusa,
2923 2064 3031 2126 de-

416 2167 628 2249 inceps
659 2167 738 2229 ad
770 2166 1074 2229 infinitam
1104 2167 1415 2229 venientis
1447 2167 1744 2249 temporis
1775 2183 2034 2228 aetatem
2069 2182 2275 2229 sancta
2309 2183 2366 2228 et
2399 2166 2694 2231 inuiolata
2727 2189 3029 2252 propaga-

419 2275 596 2337 bitur.
645 2275 752 2336 Est
783 2290 986 2336 autem
1021 2274 1137 2335 Dei
1170 2274 1283 2350 lex,
1316 2290 1377 2335 vt
1408 2273 1580 2335 nulla
1615 2273 1975 2335 necessitate
2008 2273 2357 2335 voluntates
2390 2290 2636 2336 nostrae
2667 2275 3028 2340 deuincian-

416 2397 535 2456 tur,
579 2402 710 2462 quo
743 2382 953 2443 minus
984 2380 1221 2444 solutae
1254 2400 1323 2442 ac
1354 2380 1576 2442 liberae
1611 2399 1803 2461 quam
1833 2380 2023 2441 velint
2055 2380 2218 2441 viam
2251 2379 2691 2459 ingrediantur,
2722 2368 3028 2446 aeternam

413 2488 586 2550 illam
634 2504 694 2549 et
743 2487 1329 2569 praestantissimam
1376 2503 1652 2549 mentem
1701 2503 1961 2567 anguste
2026 2502 2358 2568 sancteque
2422 2488 2771 2550 venerandi.
2848 2490 3028 2554 Hanc

419 2614 625 2676 neque
669 2595 952 2656 multatio
1012 2596 1328 2656 bonorum
1378 2613 1449 2654 ex
1499 2592 1733 2654 intimis
1782 2592 2139 2654 animorum
2188 2592 2472 2653 sensibus
2521 2594 2771 2676 eripere,
2823 2615 3027 2677 neque

418 2701 664 2784 equulei
702 2702 948 2784 palique
982 2700 1375 2784 perfringere,
1407 2720 1616 2782 neque
1648 2720 1826 2763 enses
1848 2699 2146 2782 ignesque
2166 2699 2515 2781 profligare,
2540 2721 2743 2783 neque
2762 2718 3028 2767 vetustas

416 2808 565 2891 ipsa,
601 2829 760 2889 quae
793 2825 1022 2871 caetera
1054 2807 1305 2870 conficit
1336 2808 1567 2887 omnia,
1601 2808 1805 2869 delere
1836 2823 2056 2890 potest.
2088 2807 2339 2888 Corpus
2373 2807 2627 2888 quidem
2662 2807 2866 2890 ipsum
2899 2811 3028 2894 rapi

415 2937 450 2977 a
482 2932 541 2977 te
572 2916 648 2977 ad
680 2916 1057 2997 supplicium
1088 2931 1147 2977 et
1177 2914 1446 2977 interimi
1493 2931 1723 2997 potest:
1784 2931 1845 2976 at
1874 2914 2138 2993 animus,
2171 2914 2280 2995 qui
2312 2915 2407 2975 vel
2440 2915 2610 2976 Dens
2642 2931 2750 2995 est,
2787 2915 2880 2977 vel
2913 2916 3028 2980 Dei

416 3036 549 3082 satu
599 3008 944 3101 generatuS‚
994 3041 1203 3102 neque
1253 3020 1514 3083 vinculis
1561 3020 1993 3082 verberibusve
2040 3020 2327 3099 coerceri,
2376 3039 2580 3102 neque
2626 3021 2749 3084 vita
2781 3022 3029 3086 multari

418 3143 650 3209 potest:
705 3128 812 3189 sed
859 3128 1099 3189 solutus
1144 3149 1178 3189 a
1225 3143 1282 3189 te
1330 3146 1631 3209 compage
1678 3127 1975 3210 corporis,
2019 3143 2080 3188 et
2116 3127 2306 3189 veluti
2340 3145 2571 3207 magno
2604 3127 2905 3192 beneficio
2937 3131 3027 3192 af-

418 3233 632 3313 fectus,
665 3234 862 3296 laetus
893 3250 952 3296 et
982 3234 1197 3312 alacer,
1230 3253 1376 3296 cum
1409 3233 1523 3296 Dei
1553 3234 1691 3316 lege
1720 3234 2061 3296 libertatem
2093 3253 2271 3295 suam
2305 3233 2763 3313 circumferens,
2793 3237 2872 3298 ad
2892 3257 3027 3299 cae-

414 3342 634 3403 lestem
678 3361 853 3402 oram
899 3341 1272 3420 subuolabit,
1314 3341 1417 3402 vbi
1464 3361 1671 3422 neque
1717 3357 2129 3423 tyrannorum
2162 3340 2386 3418 diritas,
2432 3359 2638 3421 neque
2670 3342 3027 3406 carnificum

415 3447 604 3529 gladii
652 3463 877 3509 terrere
925 3462 1233 3529 poterunt,
1286 3447 1630 3529 quominus
1677 3467 1743 3508 se
1797 3447 1862 3508 in
1907 3446 2285 3529 optatissima
2331 3445 2537 3527 quiete
2569 3449 2764 3528 iactet,
2795 3451 3030 3514 etiamsi

416 3556 627 3635 lingua
659 3574 912 3617 sensum
943 3556 1269 3636 explanare
1301 3575 1490 3619 suum
1524 3575 1654 3617 non
1687 3555 1922 3636 poterit.

630 3662 910 3724 Arbitror
938 3677 1165 3738 autem,
1216 3662 1570 3745 Imperator,
1616 3678 1676 3723 te
1706 3681 1820 3743 pro
1852 3678 1958 3723 tua
1988 3661 2283 3743 sapientia
2316 3660 2499 3723 etiam
2528 3680 2809 3723 caussam
2841 3664 3029 3726 huius

417 3769 666 3831 diuinae
698 3768 849 3850 legis
880 3770 1275 3851 perspexisse,
1309 3789 1574 3850 eamque
1608 3771 1690 3831 ob
1723 3787 2005 3829 caussam
2036 3767 2359 3848 diligenter
2389 3767 2521 3831 eius
2554 3768 2824 3849 vestigiis
2857 3771 3027 3832 insti-

414 3875 576 3938 tisse.
641 3875 862 3938 Vidisti
894 3876 1062 3937 enim
1097 3875 1396 3958 profecto,
1439 3876 1634 3938 iacere
1667 3876 1867 3937 solere
1900 3895 1969 3936 ea
2002 3895 2162 3956 quae
2195 3894 2326 3938 non
2359 3891 2502 3936 sunt
2535 3875 2865 3938 hominum
2898 3894 3027 3939 stu-

416 3982 533 4044 diis
563 3998 623 4045 et
654 3983 1155 4045 contentionibus
1200 3983 1469 4045 excitata.
1535 3990 1715 4045 Artes
1747 3982 2008 4063 quidem
2039 4001 2308 4063 quarum
2342 4002 2605 4062 magnus
2635 3982 2702 4043 in
2733 3983 2854 4046 vita
2882 4006 3029 4048 vsus

418 4105 475 4150 et
507 4089 829 4151 delectatio
861 4105 967 4161 est,
1015 4107 1344 4170 nunquam
1375 4090 1453 4150 ad
1485 4103 1718 4150 tantam
1748 4087 2193 4150 sublimitatem
2225 4103 2286 4150 et
2317 4088 2685 4167 elegantiam
2719 4090 3028 4171 pervenis-

417 4212 574 4274 sent,
623 4196 740 4256 nisi
787 4194 1091 4257 artificum
1137 4196 1296 4258 inter
1324 4195 1496 4277 ipsos
1528 4194 1935 4277 discrepantia
1966 4194 2361 4273 iudiciorum,
2393 4208 2452 4256 et
2485 4210 2793 4258 certamen
2825 4198 3030 4278 quod-

415 4302 559 4364 dam
591 4301 896 4364 extitisset.
932 4301 1184 4385 Quippe
1219 4302 1349 4385 ipsa
1382 4302 1780 4384 philosophia
1812 4318 2006 4364 mater
2025 4302 2313 4364 omnium
2331 4300 2787 4366 laudandarum
2805 4305 3029 4365 artium

415 4411 491 4470 ab
538 4409 776 4490 exiguis
822 4425 954 4471 orta
999 4409 1334 4492 principiis,
1383 4427 1599 4471 nonne
1630 4409 2133 4471 doctissimorum
2169 4408 2501 4470 hominum
2535 4409 2917 4473 dissensione
2947 4412 3030 4473 ita

416 4515 627 4593 creuit,
676 4532 743 4577 ut
788 4516 863 4577 ad
911 4515 1045 4578 eius
1075 4516 1531 4579 absolutionem
1562 4516 1719 4578 nihil
1753 4516 2085 4578 desiderari
2118 4515 2432 4578 videatur?
2496 4517 2780 4597 Denique
2811 4518 2903 4579 sic
2935 4537 3029 4580 res

417 4621 629 4682 habet:
693 4622 1060 4684 industriam
1105 4623 1268 4684 acuit
1312 4638 1371 4684 et
1416 4623 1694 4685 studium
1739 4622 2014 4685 incendit
2043 4622 2380 4684 hominum
2414 4623 2570 4685 inter
2601 4643 2665 4685 se
2697 4625 3030 4687 aemulatio

417 4743 601 4809 atque
633 4729 979 4806 contenti03
1017 4745 1355 4811 contraque
1384 4729 1753 4810 languorem
1786 4745 1845 4792 et
1876 4729 2185 4810 ignauiam
2219 4730 2409 4792 animi
2448 4729 2638 4809 affert,
2660 4730 2870 4793 omnia
2890 4752 3030 4794 om-

418 4834 600 4897 nibus
632 4835 931 4914 assentiri,
967 4835 1265 4917 nullaque
1297 4837 1376 4897 de
1408 4854 1471 4897 re
1505 4835 1823 4897 contrariis
1856 4834 2198 4897 rationibus
2230 4836 2585 4917 confligere.
2642 4842 2849 4918 Atque
2879 4839 3032 4901 haec

413 4960 508 5005 est
536 4943 635 5005 illa
670 4942 1007 5021 contentiO,
1053 4963 1242 5024 quam
1282 4941 1661 5004 vtilissimam
1695 4942 2029 5005 hominum
2063 4942 2217 5004 vitae
2253 4943 2724 5024 elegantissimis
2756 4944 3032 5008 versibus

2676 5043 2744 5116 7*
