3684 5416
589 990 613 1034 5

565 1533 613 1566 10

559 2066 605 2110 ¹5

553 2609 607 2642 20

551 3144 603 3189 25

551 3678 603 3723 30

553 4214 604 4258 35

548 4747 610 4787 40

688 357 784 411 166
1307 357 1570 411 Potestas
1610 356 1988 412 ecclesiastica
2029 368 2085 410 et
2121 352 2423 425 imperium
2463 349 2639 406 civile.

676 540 990 601 Antonius
1023 557 1081 602 et
1110 540 1479 603 Benedictus
1512 539 1818 601 miraculis
1852 538 2103 601 claruit?
2136 537 2295 612 Quis
2327 536 2494 598 enim
2514 535 2844 615 imperator
2862 546 2969 593 aut
2988 549 3091 591 rex
3113 541 3278 589 mor-³

675 663 818 708 tuos
851 648 1179 726 suscitavit,
1217 648 1496 729 leprosos
1540 648 1879 726 mundavit,
1932 667 2107 710 cecos
2154 645 2559 708 illuminavit?
2610 645 2766 706 Ecce
2798 636 3278 704 Constantinum

675 753 807 834 piae
852 755 1188 817 memoriae
1236 756 1686 837 imperatorem,
1729 755 2167 817 Theodosium
2213 770 2272 814 et
2303 747 2683 830 Honoriurn,
2730 748 3031 813 Carolum
3061 758 3121 804 et
3154 741 3277 802 Lo-

673 860 947 939 doicum,
992 862 1251 923 iustitiae
1283 879 1605 943 amatoreS,
1640 862 2001 924 christianae
2035 861 2345 942 religionis
2380 876 2836 943 propagatores
2882 853 3278 919 ecclesiarum

672 968 1050 1048 defensoreS,
1083 985 1291 1031 sancta
1322 969 1579 1050 quidem
1612 969 1865 1031 ecclesia
1897 970 2105 1031 laudat
2137 984 2195 1030 et
2225 982 2578 1042 veneratur;
2615 985 2745 1028 non
2777 981 2985 1027 tamen
3017 981 3125 1023 eos
3158 954 3274 1018 ful-
3342 969 3347 974 ’

668 1074 816 1136 sisse
865 1091 1029 1138 tanta
1076 1077 1521 1137 miraculorum
1566 1075 1758 1156 gloria
1805 1075 2046 1138 indicat.
2111 1075 2424 1137 Praeterea
2469 1076 2546 1136 ad
2583 1088 2738 1155 quot
2769 1072 3024 1134 nomina
3055 1080 3275 1148 regum

669 1182 765 1244 vel
797 1182 1246 1265 imperatorum
1278 1184 1552 1245 basilicas
1584 1202 1693 1245 seu
1725 1184 1932 1244 altaria
1966 1183 2248 1261 dedicari,
2280 1183 2375 1244 vel
2408 1183 2486 1244 ad
2506 1201 2726 1244 eorum
2747 1183 3054 1243 honorem
3074 1190 3271 1239 sancta

669 1291 920 1353 ecclesia
954 1291 1168 1353 missas
1201 1291 1404 1354 statuit
1437 1292 1763 1353 celebrari?
1795 1292 2087 1353 Timeant
2106 1310 2279 1372 reges
2299 1290 2523 1371 aliique
2544 1290 2874 1372 principes:
2909 1307 3007 1364 ne,
3043 1296 3270 1367 quanto

666 1418 730 1458 se
777 1398 990 1459 ceteris
1038 1398 1396 1461 hominibus
1441 1398 1506 1459 in
1552 1399 1666 1459 hac
1710 1398 1827 1460 vita
1878 1397 2161 1481 praeferri
2192 1397 2484 1476 gaudent,
2518 1411 2687 1458 tanto
2719 1395 2986 1477 amplius
3016 1389 3275 1455 aeternis

667 1505 965 1566 incendiis
997 1505 1389 1568 subiciantur.
1456 1505 1636 1567 Unde
1670 1506 1964 1587 scriptum
2000 1520 2119 1566 est:
2168 1505 2492 1566 «Potentes
2514 1511 2797 1586 potenter
2827 1507 3128 1564 tormenta
3145 1509 3271 1581 pa-

665 1613 948 1673 tientur.»
1020 1612 1113 1673 De
1158 1628 1248 1674 tot
1296 1611 1462 1672 enim
1509 1611 1869 1674 hominibus
1904 1612 2039 1674 Deo
2078 1611 2372 1673 reddituri
2404 1627 2550 1672 sunt
2580 1613 2902 1684 rationem,
2935 1625 3093 1690 quot
3124 1625 3266 1668 suae

666 1718 1077 1781 dominationi
1109 1719 1389 1781 subditos
1422 1718 1791 1780 habuerunt.
1825 1719 2071 1796 Quodsi
2104 1717 2284 1780 alicui
2315 1719 2601 1801 religioso
2636 1718 2869 1800 privato
2899 1737 3028 1780 non
3051 1733 3274 1798 parvus

660 1825 835 1887 labor
867 1842 972 1904 est,
1005 1845 1197 1887 unam
1229 1844 1406 1886 suam
1438 1825 1709 1886 animam
1742 1825 2070 1903 custodire,
2105 1841 2374 1905 quantus
2405 1826 2579 1887 labor
2598 1826 2876 1886 imminet
2901 1821 3275 1906 principibus

661 1953 847 2015 super
892 1933 1100 1996 multis
1146 1933 1393 1995 milibus
1438 1931 1799 1995 animarum.
1881 1932 2211 2010 Praeterea,
2256 1932 2306 1993 si
2353 1932 2647 1995 iudicium
2693 1947 2935 1993 sanctae
2985 1930 3270 1992 ecclesiae

660 2038 836 2101 valde
868 2041 1231 2119 constringit
1263 2054 1646 2121 peccatorem
1691 2057 1804 2120 pro
1837 2039 2025 2099 unius
2058 2039 2327 2101 hominis
2359 2039 2800 2115 interfectione,
2851 2039 3021 2119 quod
3056 2037 3166 2099 erit
3196 2038 3269 2097 de

660 2146 752 2224 iis,
796 2147 902 2228 qui
936 2148 1130 2209 multa
1162 2147 1328 2209 milia
1361 2146 1545 2208 morti
1576 2146 1827 2207 tradunt
1861 2165 1973 2227 pro
2005 2146 2192 2207 huius
2223 2147 2447 2208 mundi
2481 2149 2766 2209 honore?
2816 2146 2963 2224 Qui,
2994 2146 3132 2208 licet
3164 2165 3273 2207 ore

659 2253 992 2335 aliquando
1023 2255 1255 2317 dicant:
1297 2255 1484 2317 «Mea
1509 2254 1688 2334 culpa
1708 2260 1762 2314 ἔ»
1801 2273 1915 2335 pro
1948 2253 2290 2315 multorum
2324 2253 2652 2330 occisione,
2681 2269 2889 2315 tamen
2911 2253 3097 2316 corde
3116 2273 3267 2336 gau-

658 2360 805 2422 dent
836 2361 898 2423 in
932 2362 1027 2423 sui
1060 2361 1234 2443 quasi
1265 2360 1524 2423 honoris
1554 2359 1940 2434 extensione;
1978 2359 2328 2440 noluntque
2362 2378 2489 2420 non
2524 2360 2756 2437 fecisse,
2791 2360 2962 2441 quod
2986 2377 3268 2440 egerunt;

658 2489 860 2550 neque
895 2471 1125 2549 dolent,
1158 2470 1330 2551 quod
1363 2469 1573 2531 fratres
1605 2489 1753 2530 suos
1786 2468 1849 2530 in
1870 2468 2201 2529 Tartarum
2233 2468 2686 2550 compulerunt.
2723 2469 3016 2549 Cumque
3036 2489 3109 2530 ex
3129 2483 3261 2531 toto

658 2579 845 2639 corde
893 2598 1000 2639 eos
1046 2597 1174 2639 non
1222 2577 1449 2658 penitet
1495 2595 1696 2656 neque
1747 2576 1965 2638 volunt
2010 2574 2292 2636 humano
2336 2575 2638 2654 sanguine
2683 2575 2985 2657 adquisita
3027 2575 3121 2638 vel
3155 2577 3263 2637 de·

656 2700 820 2748 tenta
852 2686 1152 2765 omittere,
1187 2684 1436 2746 illorum
1457 2683 1831 2766 poenitentia
1859 2683 2022 2765 apud
2044 2682 2251 2745 Deum
2284 2683 2414 2746 sine
2444 2683 2637 2765 digno
2668 2685 3033 2767 penitentiae
3067 2682 3267 2746 fructu

658 2806 886 2853 manet.
949 2791 1134 2854 Unde
1186 2789 1460 2872 profecto
1511 2790 1685 2850 valde
1738 2806 1828 2850 est
1873 2790 2255 2864 timendum;
2310 2808 2490 2870 atque
2537 2790 2614 2851 ad
2646 2791 3015 2853 memoriam
3046 2809 3263 2852 eorum

659 2900 874 2959 crebro
907 2897 1362 2961 revocandum:
1415 2896 1605 2975 quod,
1637 2895 1792 2955 sicut
1825 2894 2072 2977 praefati
2105 2916 2340 2973 sumus,
2375 2917 2409 2958 a
2442 2897 2662 2959 mundi
2696 2898 2996 2980 principio
3030 2897 3265 2980 paucis-

659 3004 798 3066 simi
844 3023 950 3086 per
995 3004 1230 3065 diversa
1261 3020 1558 3064 terrarum
1591 3021 1780 3081 regna
1813 3021 1987 3081 reges
2017 3004 2207 3065 sancti
2239 3024 2310 3065 ex
2344 3005 2777 3067 innumerabili
2807 3025 3027 3068 eorum
3059 3005 3266 3067 multi-

658 3112 870 3174 tudine
918 3111 1331 3194 reperiuntur;
1386 3128 1529 3170 cum
1575 3109 1638 3169 in
1685 3128 1807 3170 una
1840 3125 2079 3171 tantum
2113 3111 2478 3191 pontificum
2510 3111 2774 3173 seriatim
2806 3112 3266 3175 succedentium

659 3219 819 3297 sede,
866 3218 1144 3280 videlicet
1178 3217 1480 3293 Romana,
1529 3236 1560 3277 a
1609 3231 1887 3297 tempore
1923 3215 2079 3277 beati
2113 3217 2273 3278 Petri
2304 3218 2567 3299 apostoli
2600 3217 2793 3279 ferme
2825 3236 3080 3281 centum
3112 3220 3269 3281 inter

659 3325 1072 3388 sanctissimos
1103 3339 1552 3406 computentur.
1615 3324 1745 3385 Cur
1776 3339 1985 3384 autern
2017 3324 2160 3402 hoc,
2194 3324 2310 3386 nisi
2342 3326 2487 3406 quia
2521 3346 2693 3405 reges
2725 3344 2919 3389 terrae
2954 3344 3013 3389 et
3045 3328 3262 3411 princi-

660 3452 784 3515 pes,
836 3451 993 3494 vana
1043 3431 1238 3513 gloria
1289 3430 1487 3507 illecti,
1533 3430 1686 3492 sicut
1736 3431 2141 3513 praelibatum
2187 3448 2295 3510 est,
2342 3453 2500 3512 quae
2533 3454 2643 3495 sua
2676 3452 2821 3496 sunt
2853 3436 3271 3516 spiritualibus

658 3543 844 3603 rebus
891 3541 1273 3623 praeferunt;
1337 3538 1603 3617 religiosi
1651 3555 1859 3601 autem
1907 3540 2245 3623 pontificeS‚
2297 3562 2516 3603 vanam
2548 3543 2810 3623 gloriam
2842 3544 3258 3627 despicienteS,

658 3670 818 3730 quae
853 3650 966 3711 Dei
1014 3665 1161 3712 sunt
1206 3646 1555 3708 carnalibus
1600 3650 1785 3709 rebus
1833 3665 2247 3731 praeponunt.
2313 3650 2402 3711 llli
2435 3650 2497 3713 in
2528 3672 2592 3713 se
2627 3652 3059 3733 delinquentes
3093 3650 3273 3715 facile

659 3756 947 3836 puniunt,
978 3757 1044 3818 in
1066 3756 1272 3817 Deum
1305 3771 1621 3835 peccantes
1655 3774 1858 3835 aequo
1890 3756 2100 3817 animo
2136 3756 2371 3829 ferunt;
2406 3756 2502 3819 isti
2534 3758 2599 3820 in
2631 3779 2695 3821 se
2730 3760 3126 3841 peccantibus
3146 3760 3265 3821 cito

659 3864 1012 3943 ignoscunt,
1048 3863 1257 3923 Deum
1308 3859 1768 3923 offendentibus
1819 3881 1949 3924 non
1998 3863 2210 3924 leviter
2254 3881 2527 3945 parcunt.
2589 3864 2698 3939 Illi,
2747 3868 3005 3928 terrenis
3037 3868 3266 3929 actibus

658 3970 927 4032 nimium
973 3969 1180 4047 dediti,
1228 3969 1561 4050 spiritualia
1596 3969 1765 4050 parvi
1800 3970 2117 4051 pendunt;
2167 3969 2281 4043 isti,
2316 3971 2598 4033 coelestia
2632 3973 2852 4035 sedulo
2885 3974 3265 4050 meditantes,

661 4097 821 4157 quae
852 4093 999 4140 sunt
1030 4093 1286 4151 terrena,
1318 4093 1745 4138 contemnunt.

875 4184 1274 4246 Admonendi
1325 4202 1473 4262 ergo
1523 4200 1671 4246 sunt
1722 4204 1944 4247 omnes
1994 4185 2322 4257 christiani,
2374 4186 2480 4266 qui
2529 4205 2675 4249 curn
2721 4187 2969 4251 Christo
3015 4208 3264 4271 regnare

661 4292 950 4373 cupiunt:
988 4310 1066 4352 ne
1099 4290 1436 4353 ambitione
1468 4292 1791 4353 saecularis
1812 4292 2123 4373 potestatis
2144 4312 2399 4372 regnare
2421 4293 2734 4372 affectent3
2769 4298 2875 4358 sed
2899 4297 3107 4379 potius
3129 4316 3267 4381 prae

661 4398 855 4462 oculis
902 4400 1186 4475 habeant,
1236 4399 1408 4478 quod
1443 4400 1656 4459 beatus
1690 4397 2029 4479 Gregorius
2064 4420 2217 4482 papa
2251 4401 2671 4465 sanctissimus
2703 4402 2765 4465 in
2797 4404 2955 4465 libro
2988 4404 3264 4487 pastorali

663 4506 975 4583 admonet,
1003 4505 1246 4565 dicens:
1290 4503 1499 4565 «Inter
1518 4505 1667 4567 haec
1686 4509 1891 4586 itaque
1909 4508 2063 4588 quid
2076 4508 2445 4588 sequendum
2466 4517 2576 4585 est,
2596 4512 2750 4593 quid
2766 4514 3112 4588 tenendum,
3145 4516 3275 4574 nisi

666 4620 735 4674 ut
777 4612 1109 4674 virtutibus
1140 4610 1390 4693 pollens
1434 4619 1679 4673 coactus
1724 4613 1808 4673 ad
1836 4615 2105 4693 regimen
2138 4617 2367 4689 veniat,
2401 4617 2731 4678 virtutibus
2762 4639 2987 4680 vacuus
3019 4641 3130 4681 nec
3160 4641 3262 4681 co-

666 4728 844 4809 actus
874 4719 1179 4781 accedat.»
1250 4717 1496 4793 Quodsi
1528 4720 1604 4780 ad
1637 4719 2038 4800 apostolicam
2073 4722 2305 4801 sedem,
2342 4722 2407 4784 in
2440 4744 2563 4805 qua
2597 4724 2707 4788 rite
2742 4726 3005 4788 ordinati
3039 4728 3262 4790 meritis

666 4827 824 4890 beati
843 4826 998 4887 Petri
1029 4825 1292 4906 apostoli
1325 4825 1609 4887 meliores
1641 4825 2011 4906 efficiuntur,
2044 4828 2151 4908 qui
2174 4831 2378 4892 Deum
2412 4831 2631 4893 timent
2661 4834 2851 4895 coacti
2873 4853 3017 4897 cum
3040 4853 3265 4917 magno

665 4935 887 4997 timore
920 4933 1208 5011 veniunt3
1244 4933 1319 4994 ad
1356 4933 1529 5014 regni
1561 4933 1788 4995 solium
1813 4954 1955 4995 cum
1980 4952 2214 5016 quanto
2235 4939 2455 5000 timore
2476 4959 2545 5000 ac
2564 4956 2828 5003 tremore
2850 4942 3267 5005 accedendum
