3684 5416
661 327 769 399 466
934 403 937 404 7
1797 329 2146 404 Cardinales,

664 516 943 593 nitatum,
974 535 1085 577 seu
1119 515 1383 576 aliorum
1417 528 1630 575 contra
1662 531 2069 594 quemquam,
2105 533 2249 574 cum
2283 516 2480 596 pretio
2514 511 2608 577 vel
2640 517 2787 594 sine,
2820 518 3097 599 partiales
3132 539 3278 600 pro-

662 638 940 702 tectores,
975 636 1081 682 aut
1112 622 1501 695 defensores;
1555 620 1663 681 sed
1709 620 1871 681 exuti
1905 639 2163 681 omnem
2197 622 2568 703 passionem,
2603 623 2667 683 in
2699 625 2988 687 sedandis
3020 645 3280 688 concor-

664 731 762 792 dia
794 731 888 791 vel
923 728 1145 808 justitia
1176 728 1383 790 litibus
1417 728 1615 808 Papae
1649 727 1946 789 assistant.
1986 727 2340 809 Principum
2374 745 2579 789 autem
2614 747 2671 791 et
2704 749 3275 814 quorumcumque,

664 837 1014 918 praesertim
1065 855 1406 919 pauperum
1442 854 1510 896 ac
1543 835 1993 914 religiosorum,
2039 836 2221 914 gratis
2268 853 2325 897 et
2369 837 2502 898 sine
2555 838 2686 900 ullo
2727 856 2990 920 quaestu
3024 860 3279 922 promo-

585 974 606 1017 5
662 966 801 1008 vere
848 945 1003 1024 justa
1053 946 1322 1027 negotia,
1368 960 1670 1024 tanquam
1719 944 1979 1006 caritatis
2025 965 2204 1027 opus,
2251 946 2575 1028 persuadet
2614 963 2820 1009 sancta
2861 947 3175 1031 Synodus‚
3209 964 3275 1010 et

663 1054 1076 1116 commendat.
1143 1054 1307 1115 Cum
1356 1051 1700 1113 affabilitate
1747 1068 1805 1113 et
1853 1052 2224 1132 benignitate
2257 1069 2501 1115 servent
2534 1054 2890 1116 Cardinales
2921 1055 3277 1134 gravitatem

662 1180 731 1221 ac
764 1160 1131 1221 modestiam
1166 1179 1327 1239 quae
1360 1159 1506 1220 huic
1539 1174 1893 1237 congruunt
1927 1159 2242 1238 dignitati:
2292 1160 2577 1241 pietatem
2611 1176 2839 1237 autern,
2862 1181 3017 1241 quae
3038 1161 3276 1236 (secun-

661 1269 814 1329 dum
849 1267 1241 1348 Apostolum)
1276 1267 1362 1326 ad
1385 1269 1591 1326 omnia
1622 1266 1796 1326 utilis
1828 1273 1941 1340 est,
1974 1282 2216 1328 servent
2247 1268 2324 1328 ad
2358 1287 2597 1331 omnes.
2631 1267 2868 1328 Affines
2902 1286 3069 1344 suOS,
3106 1288 3277 1349 prae-

661 1374 869 1434 sertim
915 1376 1073 1434 bene
1119 1373 1369 1454 meritos
1415 1393 1484 1435 ac
1530 1392 1850 1454 pauperes,
1895 1393 2278 1454 quamquam
2329 1374 2638 1456 negligere
2674 1394 2802 1436 non
2837 1375 3114 1450 debeant,
3145 1394 3274 1436 non

561 1513 609 1545 ιο
661 1495 869 1541 tamen
914 1480 1081 1559 ipsos
1127 1499 1320 1560 opum
1367 1494 1471 1540 aut
1517 1478 1960 1541 beneficiorum
2005 1480 2408 1541 multitudine
2459 1482 2869 1559 accumulent,
2902 1495 2971 1541 ut
3002 1481 3101 1542 alii
3133 1481 3275 1542 inde

661 1587 1022 1647 scandalum
1070 1585 1394 1666 patiantur.
1459 1586 1734 1648 Caveant
1779 1607 1857 1647 ne
1904 1590 2068 1648 bona
2115 1590 2191 1648 ab
2223 1587 2507 1648 Ecclesiis
2555 1587 2843 1669 profecta,
2894 1589 3049 1649 ultra
3084 1607 3274 1669 quam

663 1689 1031 1756 necessitatis
1077 1695 1229 1755 ratio
1276 1694 1561 1775 postulat,
1610 1694 1674 1754 in
1721 1712 1970 1755 carnem
2017 1711 2075 1755 et
2120 1694 2487 1773 sanguinem
2523 1693 2864 1755 effundant.
2928 1693 3093 1755 Cum
3124 1697 3272 1756 tales

662 1801 747 1862 sic
791 1802 1104 1862 ambulare
1151 1801 1214 1861 in
1263 1800 1502 1879 magnis
1536 1799 1816 1861 Pontifex
1860 1799 2207 1881 inspexerit,
2252 1814 2467 1877 arguat
2513 1815 2698 1879 atque
2731 1800 2952 1876 obviet,
2989 1815 3056 1860 ut
3088 1800 3276 1876 decet,

661 1926 867 1989 neque
899 1908 1066 1969 enim
1098 1909 1313 1989 culpae
1347 1907 1458 1968 erit
1489 1926 1724 1988 experS,
1760 1906 1810 1966 si
1842 1904 2004 1983 juxta
2038 1906 2317 1967 officium
2351 1926 2540 1967 suum
2574 1906 2934 1986 corrigenda
2971 1925 3101 1967 non
3133 1925 3270 1967 cor-

558 2046 603 2090 15
661 2015 830 2094 rigat.
895 2007 1168 2090 Familia,
1199 2032 1433 2090 mensa,
1463 2013 1740 2094 supellex
1774 2031 1979 2073 rerum
2017 2028 2076 2073 et
2109 2030 2420 2092 equorum
2452 2027 2579 2072 tam
2601 2012 2798 2093 Papae
2831 2031 3021 2091 quam
3055 2011 3270 2084 Cardi-

660 2123 917 2201 nalium,
966 2140 1082 2182 nec
1127 2120 1586 2199 numerositate,
1623 2139 1737 2180 nec
1770 2120 1943 2195 fastu,
1976 2135 2080 2180 aut
2112 2119 2377 2200 pompis»,
2412 2138 2617 2200 neque
2649 2120 2861 2200 aliquo
2894 2139 3145 2182 excessu
3180 2140 3274 2181 re-

659 2228 1088 2310 prehensibilis
1119 2228 1214 2289 sit.
1275 2227 1359 2288 Ita
1392 2227 1655 2289 domum
1689 2242 1746 2287 et
1779 2246 1937 2307 quae
1970 2226 2032 2287 in
2065 2227 2257 2287 domo
2290 2242 2433 2286 sunt
2465 2226 2780 2287 moderate
2812 2243 3169 2308 componat,
3209 2243 3274 2287 ut

656 2337 759 2398 'alii
805 2356 935 2397 non
981 2335 1362 2414 scandalum,
1412 2334 1521 2394 sed
1566 2333 1924 2412 frugalitatis
1959 2353 2174 2414 capere
2208 2333 2565 2415 exemplum
2598 2334 2849 2416 possint.
2909 2334 3070 2395 Tam
3103 2353 3271 2394 sum-

658 2463 801 2505 mus
832 2443 1117 2504 Pontifex
1150 2457 1207 2503 et
1237 2440 1616 2519 Cardinales,
1652 2458 1844 2520 quam
1879 2440 2059 2500 ceteri
2081 2439 2386 2522 Episcopi,
2409 2439 2912 2502 constitutionem
2933 2440 3093 2501 beati
3116 2439 3269 2500 Gre-

551 2580 607 2614 ιο
655 2550 815 2632 gorii
850 2550 911 2610 in
945 2549 1235 2611 Generali
1268 2548 1526 2629 Synodo
1560 2549 1787 2608 editam
1820 2567 2058 2608 servare
2093 2548 2397 2623 studeant,
2433 2545 2611 2623 cujus
2632 2562 2807 2608 tenor
2827 2547 2925 2607 hic
2948 2562 3055 2624 est,
3076 2565 3267 2627 quam

659 2659 808 2720 haec
841 2672 1044 2719 sancta
1077 2656 1372 2739 Synodus
1404 2656 1679 2719 innovat.

874 2766 1039 2827 Cum
1088 2764 1347 2847 pastoris
1385 2763 1505 2825 vita
1538 2764 1823 2845 exemplo
1858 2763 2075 2823 debeat
2106 2781 2235 2823 esse
2271 2761 2608 2842 discipulis,
2645 2760 3015 2842 plerumque
3049 2761 3268 2839 clerici,

658 2872 859 2952 qualis
909 2872 971 2932 in
1021 2885 1255 2932 secreto
1300 2871 1376 2931 sit
1419 2868 1539 2931 vita
1586 2871 1683 2930 sui
1730 2868 2045 2931 Pontificis
2091 2869 2392 2946 nesciunt,
2444 2887 2633 2949 quam
2679 2882 2889 2928 tamen
2921 2867 3258 2928 saeculares

660 2978 832 3059 pueri
881 2978 1118 3038 sciunt:
1168 2977 1245 3037 de
1291 2995 1414 3056 qua
1447 2996 1509 3037 re
1544 2976 1849 3056 praesenti
1883 2976 2129 3036 decreto
2161 2974 2507 3051 statuimuS,
2542 2989 2610 3034 ut
2643 2972 2898 3054 quidam
2931 2993 3005 3033 ex
3039 2973 3265 3035 clericis

552 3114 601 3157 25
659 3084 751 3144 vel
787 3084 968 3145 etiam
1001 3102 1073 3143 ex
1105 3083 1430 3144 monachis
1462 3082 1652 3160 electi,
1686 3082 1751 3142 in
1787 3081 2130 3143 ministerio
2151 3081 2440 3141 cubiculo
2463 3079 2802 3141 Pontificali
2823 3082 3267 3161 obsequantur,

658 3207 725 3251 ut
759 3190 808 3250 is
841 3190 948 3270 qui
983 3189 1046 3250 in
1078 3189 1218 3249 loco
1251 3188 1567 3266 regiminis
1599 3204 1706 3266 est,
1750 3187 1900 3248 tales
1933 3188 2152 3248 habeat
2181 3202 2364 3248 testes
2396 3186 2507 3267 qui
2536 3207 2743 3248 veram
2775 3185 2908 3264 ejus
2940 3185 3000 3247 in
3034 3201 3266 3248 secreto

656 3296 1189 3359 conversationem
1232 3295 1498 3373 videant,
1545 3310 1605 3356 et
1652 3314 1721 3355 ex
1754 3294 1968 3355 sedula
2001 3294 2237 3355 visione
2271 3294 2625 3375 exemplum
2659 3293 2969 3374 profectus
3001 3308 3267 3355 sumant.

869 3402 1131 3465 Pascalis
1181 3402 1363 3464 etiam
1396 3404 1594 3484 Papae
1641 3404 1823 3464 verba
1877 3402 2191 3462 advertant
2238 3400 2525 3462 dicentis:
2577 3400 2868 3481 Episcopi
2914 3398 3166 3460 lectioni
3211 3413 3268 3459 et

655 3511 920 3573 orationi
951 3525 1186 3589 vacent,
1222 3526 1279 3570 et
1311 3528 1554 3591 semper
1587 3511 1975 3591 presbyteros
2008 3522 2066 3568 et
2099 3507 2413 3585 diaconOS,
2446 3523 2550 3568 aut
2583 3506 2735 3567 alios
2757 3507 2907 3566 boni
2929 3505 3266 3568 testimonii

547 3649 600 3692 030
655 3620 906 3680 clericos
953 3619 1236 3696 habeant,
1286 3632 1352 3678 ut
1399 3616 1744 3677 secundum
1779 3614 2180 3696 Apostolum,
2213 3630 2270 3676 et
2302 3629 2658 3676 sanctorum
2693 3629 2941 3695 patrum
2972 3612 3264 3690 instituta,

657 3726 892 3807 possint
924 3723 1481 3807 irreprehensibiles
1515 3722 1792 3784 inveniri.
1830 3723 1978 3783 Non
2013 3722 2253 3803 expedit
2284 3721 2676 3802 reipublicae,
2712 3736 2781 3782 ut
2813 3720 3264 3798 CardinalibuS,

655 3852 817 3913 quos
862 3833 1044 3894 rebus
1091 3830 1298 3891 arduis
1344 3829 1705 3890 universalis
1739 3828 2046 3890 Ecclesiae
2095 3828 2366 3888 intentos
2399 3826 2529 3889 fore
2562 3843 2826 3908 oportet,
2863 3827 3012 3888 aliae
3046 3846 3262 3888 causae

654 3961 846 4021 quam
891 3939 1267 4000 electionum
1299 3938 1714 3998 Ecclesiarum
1761 3935 2225 4015 cathedralium,
2259 3949 2366 3995 aut
2397 3936 2937 4010 monasteriorum,
2970 3934 3066 3994 vel
3099 3933 3268 4014 prin-

653 4047 884 4128 cipum,
933 4063 1038 4106 aut
1082 4044 1570 4121 universitatum,
1619 4063 1729 4103 seu
1778 4042 2026 4121 similes,
2075 4061 2184 4124 per
2217 4042 2445 4122 Papam
2494 4055 2600 4101 aut
2631 4040 3056 4102 cancellariam
3096 4040 3263 4100 dele·

546 4179 596 4223 35
653 4169 893 4233 gentur.
957 4152 1231 4214 Minores
1279 4151 1467 4232 igitur
1512 4150 1811 4232 litigiosae
1863 4169 2078 4211 causae
2125 4148 2187 4209 in
2234 4148 2542 4209 auditorio
2576 4149 2793 4227 Rotae,
2829 4146 3002 4228 quod
3037 4147 3114 4207 ad
3148 4147 3268 4207 hoc

652 4260 1002 4320 institutum
1053 4275 1160 4338 est,
1215 4257 1696 4319 committantur.
1783 4258 2003 4338 Neque
2055 4256 2239 4337 Papa,
2288 4274 2494 4336 neque
2541 4254 2898 4317 Cardinales
2945 4254 3268 4314 familiares

651 4386 819 4443 suOS,
872 4364 1049 4444 quasi
1095 4383 1356 4425 munera
1402 4379 1781 4445 accepturOS,
1831 4364 1911 4424 ad
1958 4361 2353 4423 confirmatos
2399 4361 2496 4421 vel
2528 4361 2810 4443 provisos
2841 4359 3152 4422 Praelatos
3185 4360 3264 4422 de

651 4487 853 4533 cetero
903 4471 1157 4542 mittant,
1210 4490 1306 4548 ne,
1357 4470 1529 4550 quod
1576 4489 1682 4550 per
1728 4490 1792 4530 se
1826 4469 2022 4530 facere
2055 4487 2186 4529 non
2220 4469 2412 4545 decet,
2446 4486 2556 4548 per
2588 4466 2742 4528 alios
2777 4467 2904 4529 fieri
2938 4468 3265 4549 patiantur.

650 4577 844 4655 Quod
879 4578 1215 4659 aliquando
1248 4576 1473 4637 factum
1511 4592 1616 4654 est,
1669 4591 1737 4636 ut
1771 4595 1884 4657 pro
1918 4576 2150 4636 annulo
2185 4575 2251 4635 in
2283 4574 2698 4653 assignatione
2731 4575 2888 4637 tituli
2920 4575 3266 4637 Cardinali-

541 4712 593 4752 ⁴0
649 4689 764 4747 bus
796 4686 1018 4747 tradito
1066 4699 1205 4766 post
1251 4699 1517 4746 mortem
1552 4681 1685 4760 ejus
1717 4682 1924 4763 aliqua
1956 4681 2255 4763 pecuniae
2290 4701 2534 4742 summa
2567 4682 2664 4742 vel
2696 4702 2790 4743 res
2823 4683 2938 4744 alia
2972 4683 3049 4743 de
3086 4682 3264 4743 bonis

646 4793 774 4855 suis
797 4792 1134 4874 arripiatur,
1161 4793 1236 4853 de
1263 4807 1464 4852 cetero
1491 4809 1622 4851 non
1650 4789 1770 4867 fiat,
1804 4809 1945 4850 cum
1982 4789 2221 4851 labores
2255 4809 2474 4851 eorum
2508 4809 2622 4871 pro
2644 4789 2978 4871 reipublica
2999 4788 3262 4873 impensi

645 4900 950 4981 exequiaS,
984 4900 1035 4960 si
1066 4918 1367 4982 pauperes
1389 4898 1608 4976 forent,
1631 4897 1839 4977 potius
1857 4896 1932 4957 de
1952 4895 2202 4977 publico
2225 4911 2591 4957 mereantur.
2630 4895 2687 4975 [l.
2709 4915 2757 4956 c.
2780 4916 2838 4977 p.
2873 4916 2892 4957 r
2917 4916 2937 4957 1
2954 4898 2990 4958 6
3008 4930 3076 4938 -—
3100 4917 3119 4957 1
3146 4894 3261 4975 19.]
