3684 5416
376 1536 427 1568 10

376 2075 423 2118 ¹⁵

373 2612 429 2644 20

372 3147 425 3191 25

375 3686 430 3731 30

377 4220 428 4264 35

1113 367 1379 421 Potestas
1417 367 1798 424 ecclesiastica
1837 381 1894 424 et
1931 368 2232 428 imperium
2272 368 2457 424 civile.
2981 381 3086 436 249

476 548 600 624 nio,
644 548 759 610 illis
807 569 975 628 vero,
1023 551 1132 632 qui
1171 568 1309 632 post
1341 553 1559 614 Pacem
1593 552 1968 634 publicatam
2000 553 2393 632 Religionem
2427 566 2687 629 mutant,
2721 569 2851 611 non
2882 549 3086 610 minor

477 655 759 732 triennio,
810 656 929 717 nisi
979 671 1225 738 tempus
1274 658 1470 737 magis
1520 658 1729 720 laxum
1778 674 1837 719 et
1886 658 2226 740 spatiosum
2273 659 2596 741 impetrare
2642 655 2975 739 potuerint,
3010 655 3085 715 ad

474 762 905 841 emigrandum
958 763 1346 844 praefigatur,
1399 784 1603 845 neque
1651 766 1778 828 sive
1829 766 2174 828 voluntarie
2219 767 2346 827 sive
2378 780 2587 827 coacte
2619 762 3086 840 emigrantibus,

480 867 823 944 nativitatis,
854 867 1267 948 ingenuitatis,
1302 870 1829 946 manumissionis,
1864 871 1996 933 noti
2028 871 2273 954 opificii,
2305 873 2598 933 honestae
2630 871 2789 931 vitae
2809 868 3086 929 testimo-

478 975 578 1036 nia
623 977 1023 1056 denegentur,
1066 992 1170 1038 aut
1217 977 1403 1039 iidem
1450 979 1855 1041 reversalibus
1900 979 2198 1041 inusitatis
2242 979 2337 1040 vel
2383 978 2896 1041 decimationibus
2943 978 3088 1037 sub-

475 1083 726 1144 stantiae
775 1102 988 1145 secum
1035 1100 1383 1165 exportatae
1416 1084 1556 1167 plus
1588 1104 1791 1167 aequo
1823 1085 2087 1148 extensis
2121 1103 2612 1166 praegraventur,
2647 1083 2849 1146 multo
2881 1082 3088 1144 minus

474 1206 878 1270 spontaneam
925 1191 1405 1272 suscipientibus
1450 1192 1918 1273 emigrationem
1964 1192 2267 1254 servitutis
2313 1208 2418 1253 aut
2463 1191 2593 1252 ullo
2624 1191 2744 1252 alio
2777 1204 3088 1272 praetextu

479 1296 995 1376 impedimentum
1028 1298 1340 1360 inferatur.

691 1411 718 1473 S
758 1407 857 1483 38.
920 1404 1068 1466 Xlll.
1132 1404 1382 1467 Silesiae
1414 1405 1598 1467 etiam
1633 1405 1945 1488 Principes
1976 1412 2379 1487 Augustanae
2411 1403 2813 1468 Confessioni
2844 1403 3088 1483 addicti,

481 1510 682 1570 Duces
731 1511 956 1574 scilicet
1005 1512 1070 1573 in
1124 1512 1321 1594 Brieg,
1372 1511 1670 1591 Liegnitz,
1725 1515 2161 1595 Monsterberg
2209 1530 2268 1575 et
2314 1512 2464 1575 Oels
2510 1513 2850 1591 itemquem
2883 1511 3090 1574 civitas

480 1616 962 1678 Vratislaviensis
992 1617 1056 1678 in
1088 1618 1285 1680 libero
1318 1637 1576 1679 suorum
1612 1634 1754 1680 ante
1786 1619 2022 1680 bellum
2053 1621 2454 1681 obtentorum
2495 1618 2726 1681 iurium
2759 1633 2817 1679 et
2850 1617 3091 1699 privile-

477 1722 747 1804 giorum,
796 1744 911 1786 nec
958 1745 1087 1787 non
1122 1730 1522 1808 Augustanae
1557 1726 1987 1788 Confessionis
2033 1725 2319 1787 exercitio
2364 1746 2434 1787 ex
2481 1725 2669 1806 gratia
2700 1725 2996 1787 Caesarea
3031 1740 3092 1787 et

481 1830 671 1910 Regia
703 1831 853 1911 ipsis
883 1850 1181 1892 concesso
1213 1835 1798 1894 manutenebuntur.

694 1946 723 2006 S
761 1958 859 2019 39.
923 1937 1117 2014 Quod
1161 1959 1308 2001 vero
1344 1941 1422 2000 ad
1454 1940 1754 2017 Comites,
1789 1941 2080 2018 Barones,
2115 1939 2372 2001 Nobiles
2404 1958 2753 2020 eorumque
2786 1940 3090 2016 subditos,

479 2045 545 2104 in
576 2044 832 2124 reliquis
865 2045 1114 2107 Silesiae
1146 2045 1486 2124 ducatibus,
1520 2046 1627 2126 qui
1661 2045 2014 2107 immediate
2047 2048 2123 2108 ad
2155 2046 2484 2108 Cameram
2508 2047 2766 2124 Regiam
2799 2062 3089 2127 spectant,

479 2166 616 2212 tum
660 2150 841 2212 etiam
888 2153 965 2214 de
1012 2152 1312 2234 praesenti
1358 2152 1420 2214 in
1456 2152 1701 2214 Austria
1748 2153 2026 2214 Inferiori
2075 2153 2369 2235 degentes
2401 2153 2701 2230 Comites,
2739 2155 3006 2215 Barones
3038 2169 3097 2214 et

481 2259 735 2320 Nobiles
783 2259 1010 2340 attinet,
1060 2261 1346 2343 quamvis
1397 2261 1732 2323 Caesareae
1784 2261 2116 2323 Maiestatis
2165 2262 2262 2323 ius
2313 2259 2690 2323 reformandi
2739 2261 3093 2321 exercitium

483 2364 823 2445 Religionis
872 2384 1002 2427 non
1049 2367 1280 2444 minus,
1314 2385 1508 2447 quam
1552 2365 1684 2427 aliis
1716 2366 1991 2447 Regibus
2024 2383 2080 2428 et
2114 2365 2502 2447 Principibus
2534 2380 2859 2446 competat,
2889 2382 3097 2428 tamen

483 2491 612 2533 non
646 2471 899 2552 quidem
932 2492 1004 2533 ex
1037 2489 1216 2555 pacto
1248 2474 1413 2535 iuxta
1447 2472 1913 2558 dispositionem
1946 2473 2361 2555 praecedentis
2392 2471 2703 2533 versiculi:
2739 2471 2936 2532 Pacta
2971 2493 3088 2532 au-

481 2585 596 2638 tem
648 2592 781 2656 etc„
833 2579 940 2641 sed
991 2580 1068 2641 ad
1119 2578 1637 2641 interventionem
1690 2578 1920 2659 Regiae
1966 2578 2297 2640 Maiestatis
2342 2578 2619 2654 Sueciae,
2654 2593 2712 2638 et
2743 2576 2809 2638 in
2840 2577 3096 2658 gratiam

480 2685 992 2749 intercedentium
1037 2691 1436 2768 Augustanae
1489 2686 1919 2750 Confessionis
1969 2686 2255 2749 statuum
2307 2685 2617 2770 permittit,
2668 2700 2735 2747 ut
2784 2684 3095 2747 eiusmodi

484 2794 781 2868 ComiteS,
827 2796 1099 2856 Barones
1149 2811 1207 2855 et
1259 2795 1515 2856 Nobiles
1566 2795 1945 2876 illorumque
1994 2794 2058 2855 in
2110 2794 2433 2876 praedictis
2477 2793 2725 2855 Silesiae
2760 2791 3098 2854 Ducatibus

483 2902 713 2962 subditi
763 2905 846 2964 ob
898 2902 1348 2984 professionem
1383 2908 1788 2983 Augustanae
1837 2901 2258 2963 Confessionis
2308 2901 2448 2963 loco
2499 2916 2605 2962 aut
2656 2901 2838 2961 bonis
2883 2899 3098 2960 cedere

483 3025 587 3069 aut
634 3008 930 3087 emigrare
975 3029 1106 3071 non
1154 3025 1496 3089 teneantur,
1557 3030 1670 3072 nec
1715 3008 1899 3070 etiam
1947 3008 2388 3090 prohibeantur
2432 3008 2626 3070 dictae
2672 3007 3100 3069 Confessionis

483 3113 838 3176 exercitium
882 3114 951 3175 in
994 3115 1149 3177 locis
1194 3115 1413 3177 vicinis
1458 3131 1623 3178 extra
1667 3114 2040 3177 territorium
2075 3114 2484 3195 frequentare,
2522 3114 2714 3176 modo
2747 3114 2813 3175 in
2845 3113 3096 3194 reliquis

485 3219 817 3302 tranquille
865 3236 925 3283 et
970 3222 1222 3304 pacifice
1267 3222 1490 3300 vivant,
1521 3242 1710 3303 seque
1743 3222 1892 3283 tales
1924 3236 2248 3303 praestent,
2283 3222 2500 3302 quales
2533 3240 2673 3300 erga
2705 3241 2892 3284 suum
2927 3239 3100 3282 sum-

484 3349 657 3391 mum
693 3330 1039 3411 Principem
1074 3331 1262 3391 decet.
1305 3329 1369 3391 Si
1400 3349 1548 3390 vero
1581 3349 1690 3390 sua
1724 3346 1945 3411 sponte
1978 3328 2407 3409 emigraverint
2439 3343 2496 3389 et
2528 3331 2693 3389 bona
2725 3344 2836 3386 sua
2869 3325 3097 3386 immo-

485 3436 620 3497 bilia
655 3437 922 3497 vendere
953 3436 1049 3497 vel
1080 3438 1281 3498 nolint
1311 3437 1406 3498 vel
1441 3437 1772 3498 commode
1806 3455 1937 3496 non
1965 3435 2218 3515 possint,
2238 3435 2389 3496 liber
2410 3434 2480 3495 iis
2501 3434 2701 3494 aditus
2721 3449 2931 3493 rerum
2951 3450 3094 3490 sua-

485 3564 621 3606 rum
662 3544 1185 3626 inspiciendarum
1219 3561 1276 3605 et
1308 3543 1723 3605 curandarum
1755 3563 1936 3604 causa
1969 3561 2298 3604 concessus
2329 3560 2478 3603 esto,

697 3661 726 3721 s
760 3670 864 3732 40.
927 3653 1170 3712 Praeter
1214 3653 1364 3713 haec
1408 3665 1633 3729 autem,
1683 3670 1844 3731 quae
1890 3669 2073 3731 supra
2120 3650 2196 3711 de
2241 3649 2416 3710 dictis
2447 3646 2694 3709 Silesiae
2730 3645 3094 3721 Ducatibus,

485 3760 592 3840 qui
639 3759 993 3820 immediate
1040 3758 1115 3818 ad
1147 3758 1477 3820 Cameram
1511 3757 1767 3836 Regiam
1798 3772 2093 3837 spectant,
2141 3753 2438 3837 disposita
2470 3768 2632 3827 sunt,
2666 3753 2845 3813 Sacra
2877 3751 3100 3811 Caesa-

486 3887 585 3927 rea
619 3866 903 3927 Maiestas
951 3865 1202 3927 ulterius
1250 3867 1593 3948 pollicetur,
1645 3885 1709 3926 se
1756 3865 1896 3937 illis,
1945 3865 2057 3946 qui
2105 3863 2168 3925 in
2203 3864 2298 3923 his
2331 3862 2671 3923 Ducatibus
2703 3866 3101 3939 Augustanae

486 3974 881 4037 Confessioni
934 3974 1158 4036 addicti
1207 3991 1369 4053 sunt,
1424 3995 1539 4056 pro
1592 3976 1780 4037 huius
1831 3972 2259 4036 Confessionis
2310 3968 2597 4031 exercitio
2648 3983 2770 4028 tres
2821 3965 3103 4028 ecclesias

488 4083 747 4164 propriis
799 4101 1021 4144 eorum
1073 4081 1423 4163 sumptibus
1468 4097 1632 4142 extra
1681 4081 1950 4142 civitates
1982 4079 2375 4154 Schweinitz,
2411 4078 2585 4138 Iauer
2617 4091 2678 4137 et
2708 4074 3101 4153 Glogavium,

489 4209 680 4272 prope
731 4189 995 4266 moenia,
1040 4188 1190 4250 locis
1237 4190 1312 4250 ad
1362 4189 1481 4250 hoc
1528 4188 1878 4249 commodis
1924 4188 2095 4249 iussu
2143 4205 2290 4247 suae
2322 4184 2650 4247 Maiestatis
2694 4181 3104 4263 designandiS,

489 4314 625 4378 post
673 4298 890 4357 Pacem
939 4294 1288 4356 confectam
1333 4295 1765 4373 aedificandaS,
1829 4294 2295 4376 quamprimum
2343 4292 2404 4352 id
2456 4290 2907 4372 postulaverint,
2954 4307 3103 4349 con-

487 4422 818 4467 cessuram.

702 4520 731 4580 s
765 4531 867 4590 4¹·
931 4511 1008 4571 Et
1053 4528 1197 4570 cum
1243 4509 1321 4570 de
1368 4509 1602 4569 maiore
1637 4507 1980 4588 Religionis
2011 4507 2285 4568 libertate
2319 4521 2378 4565 et
2408 4503 2692 4566 exercitio
2732 4502 2793 4563 in
2826 4499 3104 4582 supradi-

488 4620 595 4681 ctis
640 4635 698 4679 et
739 4617 991 4699 reliquis
1024 4617 1357 4679 Caesareae
1394 4616 1724 4677 Maiestatis
1771 4630 1830 4677 et
1864 4616 2108 4675 Domus
2140 4613 2495 4674 Austriacae
2528 4610 2729 4691 regnis
2761 4626 2820 4671 et
2852 4610 3104 4690 provin-

490 4727 595 4789 ciis
641 4725 1046 4787 concedendo
1093 4723 1158 4784 in
1206 4722 1504 4805 praesenti
1547 4737 1800 4784 tractatu
1848 4722 2011 4781 varie
2057 4736 2261 4782 actum
2306 4719 2398 4798 sit,
2446 4738 2560 4778 nec
2592 4733 2799 4778 tamen
2832 4717 2914 4776 ob
2947 4713 3105 4775 Cae-

494 4852 894 4896 sareanorum
932 4830 1614 4913 Plenipotentiariorum
1667 4827 2183 4890 contradictiones
2230 4825 2545 4887 conveniri
2593 4823 2879 4906 potuerit,
2914 4820 3106 4899 Regia

494 4943 778 5004 Maiestas
811 4939 1064 5000 Sueciae
1098 4955 1156 4999 et
1188 4944 1591 5017 Augustanae
1624 4935 2056 4997 Confessionis
2076 4934 2350 4996 Ordines
2386 4931 2732 4993 facultatem
2766 4929 2879 4991 sibi
2914 4930 3107 4990 reser-
