<?xml version="1.0" encoding="UTF-8"?>
<!DOCTYPE html PUBLIC "-//W3C//DTD XHTML 1.0 Transitional//EN"
    "http://www.w3.org/TR/xhtml1/DTD/xhtml1-transitional.dtd">
<html xmlns="http://www.w3.org/1999/xhtml" xml:lang="en" lang="en">
 <head>
  <title>
</title>
<meta http-equiv="Content-Type" content="text/html;charset=utf-8" />
  <meta name='ocr-system' content='tesseract 3.04.00' />
  <meta name='ocr-capabilities' content='ocr_page ocr_carea ocr_par ocr_line ocrx_word'/>
</head>
<body>
  <div class='ocr_page' id='page_1' title='image "./fontesiuriscano00unkngoog_0220.png"; bbox 0 0 3684 5416; ppageno 0'>
   <div class='ocr_carea' id='block_1_1' title="bbox 631 1537 678 1567">
    <p class='ocr_par' dir='ltr' id='par_1_1' title="bbox 631 1537 678 1567">
     <span class='ocr_line' id='line_1_1' title="bbox 631 1537 678 1567; baseline 0 0"><span class='ocrx_word' id='word_1_1' title='bbox 631 1537 678 1567; x_wconf 78' lang='lat'>10</span> 
     </span>
    </p>
   </div>
   <div class='ocr_carea' id='block_1_2' title="bbox 634 2071 680 2112">
    <p class='ocr_par' dir='ltr' id='par_1_2' title="bbox 634 2071 680 2112">
     <span class='ocr_line' id='line_1_2' title="bbox 634 2071 680 2112; baseline 0 0"><span class='ocrx_word' id='word_1_2' title='bbox 634 2071 680 2112; x_wconf 79' lang='lat'>¹5</span> 
     </span>
    </p>
   </div>
   <div class='ocr_carea' id='block_1_3' title="bbox 627 2783 678 2813">
    <p class='ocr_par' dir='ltr' id='par_1_3' title="bbox 627 2783 678 2813">
     <span class='ocr_line' id='line_1_3' title="bbox 627 2783 678 2813; baseline -0.039 0"><span class='ocrx_word' id='word_1_3' title='bbox 627 2783 678 2813; x_wconf 81' lang='lat'>20</span> 
     </span>
    </p>
   </div>
   <div class='ocr_carea' id='block_1_4' title="bbox 625 4316 671 4359">
    <p class='ocr_par' dir='ltr' id='par_1_4' title="bbox 625 4316 671 4359">
     <span class='ocr_line' id='line_1_4' title="bbox 625 4316 671 4359; baseline 0 0"><span class='ocrx_word' id='word_1_4' title='bbox 625 4316 671 4359; x_wconf 74' lang='lat'>35</span> 
     </span>
    </p>
   </div>
   <div class='ocr_carea' id='block_1_5' title="bbox 625 4852 677 4890">
    <p class='ocr_par' dir='ltr' id='par_1_5' title="bbox 625 4852 677 4890">
     <span class='ocr_line' id='line_1_5' title="bbox 625 4852 677 4890; baseline 0.038 -11"><span class='ocrx_word' id='word_1_5' title='bbox 625 4852 677 4890; x_wconf 71' lang='lat'>40</span> 
     </span>
    </p>
   </div>
   <div class='ocr_carea' id='block_1_6' title="bbox 737 352 2690 425">
    <p class='ocr_par' dir='ltr' id='par_1_6' title="bbox 737 352 2690 425">
     <span class='ocr_line' id='line_1_6' title="bbox 737 352 2690 425; baseline -0.001 -15"><span class='ocrx_word' id='word_1_6' title='bbox 737 352 834 410; x_wconf 76' lang='lat'>180</span> <span class='ocrx_word' id='word_1_7' title='bbox 1353 353 1618 408; x_wconf 87' lang='lat' dir='ltr'>Potestas</span> <span class='ocrx_word' id='word_1_8' title='bbox 1658 352 2037 409; x_wconf 62' lang='lat' dir='ltr'>eccleziastica</span> <span class='ocrx_word' id='word_1_9' title='bbox 2078 367 2134 409; x_wconf 92' lang='lat' dir='ltr'>et</span> <span class='ocrx_word' id='word_1_10' title='bbox 2172 353 2474 425; x_wconf 89' lang='lat' dir='ltr'>imperium</span> <span class='ocrx_word' id='word_1_11' title='bbox 2513 354 2690 411; x_wconf 80' lang='lat' dir='ltr'>civile.</span> 
     </span>
    </p>
   </div>
   <div class='ocr_carea' id='block_1_7' title="bbox 729 554 3337 2137">
    <p class='ocr_par' dir='ltr' id='par_1_7' title="bbox 729 554 3337 2137">
     <span class='ocr_line' id='line_1_7' title="bbox 729 554 3331 637; baseline 0.002 -21"><span class='ocrx_word' id='word_1_12' title='bbox 729 556 919 617; x_wconf 89' lang='lat' dir='ltr'>sancti</span> <span class='ocrx_word' id='word_1_13' title='bbox 952 554 1246 637; x_wconf 80' lang='lat' dir='ltr'><strong>episcopi,</strong></span> <span class='ocrx_word' id='word_1_14' title='bbox 1281 573 1597 635; x_wconf 89' lang='lat' dir='ltr'>quamque</span> <span class='ocrx_word' id='word_1_15' title='bbox 1629 554 2008 616; x_wconf 87' lang='lat' dir='ltr'>venerabiles</span> <span class='ocrx_word' id='word_1_16' title='bbox 2041 555 2437 635; x_wconf 89' lang='lat' dir='ltr'>imperatores</span> <span class='ocrx_word' id='word_1_17' title='bbox 2469 557 2815 634; x_wconf 76' lang='lat' dir='ltr'><strong>habuerint,</strong></span> <span class='ocrx_word' id='word_1_18' title='bbox 2850 576 2909 619; x_wconf 94' lang='lat' dir='ltr'>et</span> <span class='ocrx_word' id='word_1_19' title='bbox 2941 559 3331 621; x_wconf 85' lang='lat' dir='ltr'>insolentiam</span> 
     </span>
     <span class='ocr_line' id='line_1_8' title="bbox 729 661 3319 744; baseline 0.002 -22"><span class='ocrx_word' id='word_1_20' title='bbox 729 665 1136 743; x_wconf 89' lang='lat' dir='ltr'>superborum</span> <span class='ocrx_word' id='word_1_21' title='bbox 1186 662 1598 741; x_wconf 86' lang='lat' dir='ltr'>compriment</span> <span class='ocrx_word' id='word_1_22' title='bbox 1644 676 1702 722; x_wconf 90' lang='lat' dir='ltr'>et</span> <span class='ocrx_word' id='word_1_23' title='bbox 1736 661 1799 722; x_wconf 90' lang='lat' dir='ltr'>in</span> <span class='ocrx_word' id='word_1_24' title='bbox 1832 680 1982 742; x_wconf 92' lang='lat' dir='ltr'>pace</span> <span class='ocrx_word' id='word_1_25' title='bbox 2014 663 2360 742; x_wconf 88' lang='lat' dir='ltr'>quiescent;</span> <span class='ocrx_word' id='word_1_26' title='bbox 2415 662 2543 744; x_wconf 89' lang='lat' dir='ltr'>ipsa</span> <span class='ocrx_word' id='word_1_27' title='bbox 2576 682 2723 724; x_wconf 85' lang='lat' dir='ltr'>vero</span> <span class='ocrx_word' id='word_1_28' title='bbox 2756 665 3045 726; x_wconf 89' lang='lat' dir='ltr'>aecclesia</span> <span class='ocrx_word' id='word_1_29' title='bbox 3078 685 3319 728; x_wconf 88' lang='lat' dir='ltr'>concor·</span> 
     </span>
     <span class='ocr_line' id='line_1_9' title="bbox 729 767 3331 854; baseline 0.002 -23"><span class='ocrx_word' id='word_1_30' title='bbox 729 771 858 832; x_wconf 91' lang='lat' dir='ltr'>dari</span> <span class='ocrx_word' id='word_1_31' title='bbox 905 786 962 831; x_wconf 91' lang='lat' dir='ltr'>et</span> <span class='ocrx_word' id='word_1_32' title='bbox 1007 767 1266 831; x_wconf 88' lang='lat' dir='ltr'>adunari</span> <span class='ocrx_word' id='word_1_33' title='bbox 1310 769 1374 829; x_wconf 90' lang='lat' dir='ltr'>in</span> <span class='ocrx_word' id='word_1_34' title='bbox 1423 787 1569 849; x_wconf 90' lang='lat' dir='ltr'>pace</span> <span class='ocrx_word' id='word_1_35' title='bbox 1601 769 1829 830; x_wconf 84' lang='lat' dir='ltr'>Christi</span> <span class='ocrx_word' id='word_1_36' title='bbox 1878 768 2070 830; x_wconf 89' lang='lat' dir='ltr'>taliter</span> <span class='ocrx_word' id='word_1_37' title='bbox 2105 770 2237 831; x_wconf 87' lang='lat' dir='ltr'>Deo</span> <span class='ocrx_word' id='word_1_38' title='bbox 2286 770 2607 832; x_wconf 78' lang='lat' dir='ltr'>auxiliante</span> <span class='ocrx_word' id='word_1_39' title='bbox 2642 787 2855 852; x_wconf 90' lang='lat' dir='ltr'>potest.</span> <span class='ocrx_word' id='word_1_40' title='bbox 2922 773 3213 854; x_wconf 84' lang='lat' dir='ltr'>Episcopi</span> <span class='ocrx_word' id='word_1_41' title='bbox 3246 775 3331 835; x_wconf 82' lang='lat' dir='ltr'>vel</span> 
     </span>
     <span class='ocr_line' id='line_1_10' title="bbox 729 875 3333 957; baseline 0 -19"><span class='ocrx_word' id='word_1_42' title='bbox 729 877 949 952; x_wconf 85' lang='lat' dir='ltr'>clerici,</span> <span class='ocrx_word' id='word_1_43' title='bbox 998 876 1106 957; x_wconf 92' lang='lat' dir='ltr'>qui</span> <span class='ocrx_word' id='word_1_44' title='bbox 1152 897 1185 936; x_wconf 91' lang='lat' dir='ltr'>a</span> <span class='ocrx_word' id='word_1_45' title='bbox 1222 892 1427 936; x_wconf 86' lang='lat' dir='ltr'>sancta</span> <span class='ocrx_word' id='word_1_46' title='bbox 1464 875 1744 937; x_wconf 88' lang='lat' dir='ltr'>Romana</span> <span class='ocrx_word' id='word_1_47' title='bbox 1777 893 1835 937; x_wconf 90' lang='lat' dir='ltr'>et</span> <span class='ocrx_word' id='word_1_48' title='bbox 1868 876 2164 937; x_wconf 87' lang='lat' dir='ltr'>catholica</span> <span class='ocrx_word' id='word_1_49' title='bbox 2196 877 2484 938; x_wconf 90' lang='lat' dir='ltr'>aecclesia</span> <span class='ocrx_word' id='word_1_50' title='bbox 2517 877 2926 939; x_wconf 88' lang='lat' dir='ltr'>aberraverint</span> <span class='ocrx_word' id='word_1_51' title='bbox 2957 893 3017 939; x_wconf 83' lang='lat' dir='ltr'>et</span> <span class='ocrx_word' id='word_1_52' title='bbox 3050 900 3123 939; x_wconf 87' lang='lat' dir='ltr'>ex</span> <span class='ocrx_word' id='word_1_53' title='bbox 3155 881 3333 940; x_wconf 89' lang='lat' dir='ltr'>corde</span> 
     </span>
     <span class='ocr_line' id='line_1_11' title="bbox 731 983 3333 1067; baseline 0.001 -23"><span class='ocrx_word' id='word_1_54' title='bbox 731 985 1114 1066; x_wconf 87' lang='lat' dir='ltr'>poenitentes</span> <span class='ocrx_word' id='word_1_55' title='bbox 1146 984 1223 1043; x_wconf 91' lang='lat' dir='ltr'>ad</span> <span class='ocrx_word' id='word_1_56' title='bbox 1255 1003 1392 1044; x_wconf 88' lang='lat' dir='ltr'>eam</span> <span class='ocrx_word' id='word_1_57' title='bbox 1425 983 1661 1063; x_wconf 79' lang='lat' dir='ltr'>regredi</span> <span class='ocrx_word' id='word_1_58' title='bbox 1694 983 2021 1060; x_wconf 82' lang='lat' dir='ltr'>voluerint,</span> <span class='ocrx_word' id='word_1_59' title='bbox 2053 1003 2196 1045; x_wconf 91' lang='lat' dir='ltr'>cum</span> <span class='ocrx_word' id='word_1_60' title='bbox 2230 985 2491 1046; x_wconf 88' lang='lat' dir='ltr'>consilio</span> <span class='ocrx_word' id='word_1_61' title='bbox 2524 1001 2880 1047; x_wconf 91' lang='lat' dir='ltr'>sanctorum</span> <span class='ocrx_word' id='word_1_62' title='bbox 2904 987 3333 1067; x_wconf 86' lang='lat' dir='ltr'>episcoporum</span> 
     </span>
     <span class='ocr_line' id='line_1_12' title="bbox 730 1089 3333 1174; baseline -0 -21"><span class='ocrx_word' id='word_1_63' title='bbox 730 1091 1115 1173; x_wconf 87' lang='lat' dir='ltr'>recipiantur,</span> <span class='ocrx_word' id='word_1_64' title='bbox 1147 1106 1204 1150; x_wconf 88' lang='lat' dir='ltr'>et</span> <span class='ocrx_word' id='word_1_65' title='bbox 1236 1090 1521 1170; x_wconf 89' lang='lat' dir='ltr'>quamvis</span> <span class='ocrx_word' id='word_1_66' title='bbox 1554 1089 1733 1151; x_wconf 92' lang='lat' dir='ltr'>multi</span> <span class='ocrx_word' id='word_1_67' title='bbox 1767 1109 1841 1151; x_wconf 86' lang='lat' dir='ltr'>ex</span> <span class='ocrx_word' id='word_1_68' title='bbox 1861 1090 1945 1150; x_wconf 90' lang='lat' dir='ltr'>eis</span> <span class='ocrx_word' id='word_1_69' title='bbox 1965 1090 2240 1171; x_wconf 81' lang='lat' dir='ltr'>exigente</span> <span class='ocrx_word' id='word_1_70' title='bbox 2263 1091 2486 1152; x_wconf 89' lang='lat' dir='ltr'>iustitia</span> <span class='ocrx_word' id='word_1_71' title='bbox 2509 1091 2662 1153; x_wconf 92' lang='lat' dir='ltr'>iuste</span> <span class='ocrx_word' id='word_1_72' title='bbox 2685 1093 3111 1174; x_wconf 77' lang='lat' dir='ltr'>repudientur,</span> <span class='ocrx_word' id='word_1_73' title='bbox 3134 1108 3333 1154; x_wconf 87' lang='lat' dir='ltr'>tamen</span> 
     </span>
     <span class='ocr_line' id='line_1_13' title="bbox 730 1197 3333 1280; baseline 0 -21"><span class='ocrx_word' id='word_1_74' title='bbox 730 1198 1146 1259; x_wconf 88' lang='lat' dir='ltr'>misericordia</span> <span class='ocrx_word' id='word_1_75' title='bbox 1196 1198 1679 1278; x_wconf 77' lang='lat' dir='ltr'>superexaltante</span> <span class='ocrx_word' id='word_1_76' title='bbox 1730 1197 2051 1273; x_wconf 88' lang='lat' dir='ltr'>iudicium,</span> <span class='ocrx_word' id='word_1_77' title='bbox 2101 1198 2152 1258; x_wconf 91' lang='lat' dir='ltr'>si</span> <span class='ocrx_word' id='word_1_78' title='bbox 2203 1218 2276 1258; x_wconf 82' lang='lat' dir='ltr'>ex</span> <span class='ocrx_word' id='word_1_79' title='bbox 2328 1214 2461 1260; x_wconf 88' lang='lat' dir='ltr'>toto</span> <span class='ocrx_word' id='word_1_80' title='bbox 2500 1200 2686 1260; x_wconf 91' lang='lat' dir='ltr'>corde</span> <span class='ocrx_word' id='word_1_81' title='bbox 2723 1215 3192 1274; x_wconf 78' lang='lat' dir='ltr'>convertuntur,</span> <span class='ocrx_word' id='word_1_82' title='bbox 3227 1219 3333 1280; x_wconf 92' lang='lat' dir='ltr'>pro</span> 
     </span>
     <span class='ocr_line' id='line_1_14' title="bbox 732 1304 3337 1387; baseline -0.001 -20"><span class='ocrx_word' id='word_1_83' title='bbox 732 1306 962 1367; x_wconf 89' lang='lat' dir='ltr'>unitate</span> <span class='ocrx_word' id='word_1_84' title='bbox 996 1320 1054 1366; x_wconf 90' lang='lat' dir='ltr'>et</span> <span class='ocrx_word' id='word_1_85' title='bbox 1085 1304 1418 1366; x_wconf 90' lang='lat' dir='ltr'>concordia</span> <span class='ocrx_word' id='word_1_86' title='bbox 1450 1320 1692 1365; x_wconf 89' lang='lat' dir='ltr'>sanctae</span> <span class='ocrx_word' id='word_1_87' title='bbox 1727 1305 1935 1365; x_wconf 88' lang='lat' dir='ltr'>matris</span> <span class='ocrx_word' id='word_1_88' title='bbox 1965 1306 2288 1366; x_wconf 81' lang='lat' dir='ltr'>aecclesiae</span> <span class='ocrx_word' id='word_1_89' title='bbox 2322 1307 2564 1366; x_wconf 88' lang='lat' dir='ltr'>bonum</span> <span class='ocrx_word' id='word_1_90' title='bbox 2593 1321 2700 1384; x_wconf 81' lang='lat' dir='ltr'>est,</span> <span class='ocrx_word' id='word_1_91' title='bbox 2734 1322 2801 1369; x_wconf 94' lang='lat' dir='ltr'>ut</span> <span class='ocrx_word' id='word_1_92' title='bbox 2820 1307 2883 1368; x_wconf 91' lang='lat' dir='ltr'>in</span> <span class='ocrx_word' id='word_1_93' title='bbox 2903 1307 3030 1368; x_wconf 91' lang='lat' dir='ltr'>suis</span> <span class='ocrx_word' id='word_1_94' title='bbox 3050 1307 3337 1387; x_wconf 80' lang='lat' dir='ltr'>gradibus</span> 
     </span>
     <span class='ocr_line' id='line_1_15' title="bbox 733 1411 3336 1495; baseline 0 -21"><span class='ocrx_word' id='word_1_95' title='bbox 733 1413 1118 1494; x_wconf 88' lang='lat' dir='ltr'>recipiantur.</span> <span class='ocrx_word' id='word_1_96' title='bbox 1179 1411 1247 1472; x_wconf 90' lang='lat' dir='ltr'>ln</span> <span class='ocrx_word' id='word_1_97' title='bbox 1291 1413 1379 1474; x_wconf 89' lang='lat' dir='ltr'>eis</span> <span class='ocrx_word' id='word_1_98' title='bbox 1424 1432 1570 1473; x_wconf 84' lang='lat' dir='ltr'>vero</span> <span class='ocrx_word' id='word_1_99' title='bbox 1603 1413 1772 1488; x_wconf 86' lang='lat' dir='ltr'>locis,</span> <span class='ocrx_word' id='word_1_100' title='bbox 1809 1413 1914 1473; x_wconf 91' lang='lat' dir='ltr'>ubi</span> <span class='ocrx_word' id='word_1_101' title='bbox 1949 1412 2230 1474; x_wconf 87' lang='lat' dir='ltr'>catholici</span> <span class='ocrx_word' id='word_1_102' title='bbox 2264 1414 2535 1495; x_wconf 89' lang='lat' dir='ltr'>episcopi</span> <span class='ocrx_word' id='word_1_103' title='bbox 2571 1431 2628 1475; x_wconf 90' lang='lat' dir='ltr'>et</span> <span class='ocrx_word' id='word_1_104' title='bbox 2662 1413 2986 1476; x_wconf 80' lang='lat' dir='ltr'>scismatici</span> <span class='ocrx_word' id='word_1_105' title='bbox 3021 1430 3210 1491; x_wconf 76' lang='lat' dir='ltr'>erant,</span> <span class='ocrx_word' id='word_1_106' title='bbox 3242 1433 3336 1475; x_wconf 86' lang='lat' dir='ltr'>ca·</span> 
     </span>
     <span class='ocr_line' id='line_1_16' title="bbox 731 1518 3336 1602; baseline -0 -21"><span class='ocrx_word' id='word_1_107' title='bbox 731 1518 945 1581; x_wconf 87' lang='lat' dir='ltr'>tholici</span> <span class='ocrx_word' id='word_1_108' title='bbox 976 1519 1191 1580; x_wconf 89' lang='lat' dir='ltr'>sedem</span> <span class='ocrx_word' id='word_1_109' title='bbox 1221 1520 1611 1601; x_wconf 86' lang='lat' dir='ltr'>episcopatus</span> <span class='ocrx_word' id='word_1_110' title='bbox 1644 1519 1984 1596; x_wconf 87' lang='lat' dir='ltr'>obtineant,</span> <span class='ocrx_word' id='word_1_111' title='bbox 2019 1519 2341 1580; x_wconf 87' lang='lat' dir='ltr'>scismatici</span> <span class='ocrx_word' id='word_1_112' title='bbox 2373 1540 2522 1582; x_wconf 87' lang='lat' dir='ltr'>vero</span> <span class='ocrx_word' id='word_1_113' title='bbox 2557 1522 2894 1602; x_wconf 89' lang='lat' dir='ltr'>presbyteri</span> <span class='ocrx_word' id='word_1_114' title='bbox 2929 1522 3170 1583; x_wconf 87' lang='lat' dir='ltr'>honore</span> <span class='ocrx_word' id='word_1_115' title='bbox 3201 1520 3336 1581; x_wconf 87' lang='lat' dir='ltr'>fun·</span> 
     </span>
     <span class='ocr_line' id='line_1_17' title="bbox 732 1626 3337 1711; baseline -0 -22"><span class='ocrx_word' id='word_1_116' title='bbox 732 1642 976 1708; x_wconf 86' lang='lat' dir='ltr'>gantur.</span> <span class='ocrx_word' id='word_1_117' title='bbox 1038 1628 1290 1689; x_wconf 87' lang='lat' dir='ltr'>Factum</span> <span class='ocrx_word' id='word_1_118' title='bbox 1339 1642 1428 1687; x_wconf 89' lang='lat' dir='ltr'>est</span> <span class='ocrx_word' id='word_1_119' title='bbox 1474 1626 1636 1688; x_wconf 88' lang='lat' dir='ltr'>istud</span> <span class='ocrx_word' id='word_1_120' title='bbox 1668 1643 1950 1708; x_wconf 88' lang='lat' dir='ltr'>tempore</span> <span class='ocrx_word' id='word_1_121' title='bbox 1982 1628 2173 1689; x_wconf 87' lang='lat' dir='ltr'>sancti</span> <span class='ocrx_word' id='word_1_122' title='bbox 2206 1629 2389 1710; x_wconf 89' lang='lat' dir='ltr'>patris</span> <span class='ocrx_word' id='word_1_123' title='bbox 2420 1630 2759 1711; x_wconf 81' lang='lat' dir='ltr'>Augustini</span> <span class='ocrx_word' id='word_1_124' title='bbox 2793 1630 2868 1691; x_wconf 93' lang='lat' dir='ltr'>de</span> <span class='ocrx_word' id='word_1_125' title='bbox 2904 1630 3252 1702; x_wconf 83' lang='lat' dir='ltr'>Donatistis,</span> <span class='ocrx_word' id='word_1_126' title='bbox 3281 1645 3337 1690; x_wconf 90' lang='lat' dir='ltr'>et</span> 
     </span>
     <span class='ocr_line' id='line_1_18' title="bbox 733 1733 3336 1819; baseline 0 -24"><span class='ocrx_word' id='word_1_127' title='bbox 733 1734 1024 1795; x_wconf 89' lang='lat' dir='ltr'>aecclesia</span> <span class='ocrx_word' id='word_1_128' title='bbox 1070 1750 1275 1795; x_wconf 90' lang='lat' dir='ltr'>sancta</span> <span class='ocrx_word' id='word_1_129' title='bbox 1323 1734 1493 1794; x_wconf 89' lang='lat' dir='ltr'>unita</span> <span class='ocrx_word' id='word_1_130' title='bbox 1539 1749 1648 1795; x_wconf 90' lang='lat' dir='ltr'>est.</span> <span class='ocrx_word' id='word_1_131' title='bbox 1713 1733 1794 1795; x_wconf 89' lang='lat' dir='ltr'>Ita</span> <span class='ocrx_word' id='word_1_132' title='bbox 1841 1749 1899 1796; x_wconf 90' lang='lat' dir='ltr'>et</span> <span class='ocrx_word' id='word_1_133' title='bbox 1945 1735 2060 1796; x_wconf 89' lang='lat' dir='ltr'>isto</span> <span class='ocrx_word' id='word_1_134' title='bbox 2092 1752 2370 1818; x_wconf 89' lang='lat' dir='ltr'>tempore</span> <span class='ocrx_word' id='word_1_135' title='bbox 2403 1737 2450 1798; x_wconf 91' lang='lat' dir='ltr'>si</span> <span class='ocrx_word' id='word_1_136' title='bbox 2483 1754 2714 1819; x_wconf 84' lang='lat' dir='ltr'>agatur,</span> <span class='ocrx_word' id='word_1_137' title='bbox 2746 1738 3053 1798; x_wconf 90' lang='lat' dir='ltr'>credimus</span> <span class='ocrx_word' id='word_1_138' title='bbox 3086 1739 3150 1799; x_wconf 91' lang='lat' dir='ltr'>in</span> <span class='ocrx_word' id='word_1_139' title='bbox 3182 1737 3336 1799; x_wconf 85' lang='lat' dir='ltr'>illius</span> 
     </span>
     <span class='ocr_line' id='line_1_19' title="bbox 735 1841 3336 1925; baseline 0.001 -23"><span class='ocrx_word' id='word_1_140' title='bbox 735 1841 1171 1917; x_wconf 87' lang='lat' dir='ltr'>misericordia,</span> <span class='ocrx_word' id='word_1_141' title='bbox 1227 1842 1335 1922; x_wconf 91' lang='lat' dir='ltr'>qui</span> <span class='ocrx_word' id='word_1_142' title='bbox 1396 1842 1556 1903; x_wconf 90' lang='lat' dir='ltr'>duos</span> <span class='ocrx_word' id='word_1_143' title='bbox 1615 1841 1890 1903; x_wconf 83' lang='lat' dir='ltr'>diversos</span> <span class='ocrx_word' id='word_1_144' title='bbox 1951 1843 2214 1921; x_wconf 85' lang='lat' dir='ltr'>angulos</span> <span class='ocrx_word' id='word_1_145' title='bbox 2261 1843 2324 1904; x_wconf 89' lang='lat' dir='ltr'>in</span> <span class='ocrx_word' id='word_1_146' title='bbox 2375 1864 2439 1906; x_wconf 91' lang='lat' dir='ltr'>se</span> <span class='ocrx_word' id='word_1_147' title='bbox 2490 1845 2771 1924; x_wconf 86' lang='lat' dir='ltr'>angulari</span> <span class='ocrx_word' id='word_1_148' title='bbox 2822 1845 3022 1925; x_wconf 91' lang='lat' dir='ltr'>lapide</span> <span class='ocrx_word' id='word_1_149' title='bbox 3072 1846 3336 1905; x_wconf 89' lang='lat' dir='ltr'>adunare</span> 
     </span>
     <span class='ocr_line' id='line_1_20' title="bbox 735 1947 3335 2030; baseline 0 -22"><span class='ocrx_word' id='word_1_150' title='bbox 735 1948 1025 2028; x_wconf 84' lang='lat' dir='ltr'>dignatus</span> <span class='ocrx_word' id='word_1_151' title='bbox 1074 1964 1182 2022; x_wconf 68' lang='lat' dir='ltr'>est,</span> <span class='ocrx_word' id='word_1_152' title='bbox 1231 1949 1376 2029; x_wconf 89' lang='lat' dir='ltr'>quia</span> <span class='ocrx_word' id='word_1_153' title='bbox 1426 1947 1710 2009; x_wconf 60' lang='lat' dir='ltr'>aecclesia</span> <span class='ocrx_word' id='word_1_154' title='bbox 1759 1963 1965 2009; x_wconf 83' lang='lat' dir='ltr'>sancta</span> <span class='ocrx_word' id='word_1_155' title='bbox 2012 1950 2315 2029; x_wconf 88' lang='lat' dir='ltr'>praesenti</span> <span class='ocrx_word' id='word_1_156' title='bbox 2361 1948 2666 2011; x_wconf 90' lang='lat' dir='ltr'>discordia</span> <span class='ocrx_word' id='word_1_157' title='bbox 2715 1951 2941 2011; x_wconf 87' lang='lat' dir='ltr'>carebit</span> <span class='ocrx_word' id='word_1_158' title='bbox 2986 1965 3046 2011; x_wconf 90' lang='lat' dir='ltr'>et</span> <span class='ocrx_word' id='word_1_159' title='bbox 3088 1951 3151 2011; x_wconf 89' lang='lat' dir='ltr'>in</span> <span class='ocrx_word' id='word_1_160' title='bbox 3197 1969 3335 2030; x_wconf 84' lang='lat' dir='ltr'>pace</span> 
     </span>
     <span class='ocr_line' id='line_1_21' title="bbox 736 2052 2438 2137; baseline 0 -21"><span class='ocrx_word' id='word_1_161' title='bbox 736 2054 1026 2135; x_wconf 55' lang='lat' dir='ltr'>quiescet.</span> <span class='ocrx_word' id='word_1_162' title='bbox 1087 2054 1181 2131; x_wconf 85' lang='lat' dir='ltr'>(cf.</span> <span class='ocrx_word' id='word_1_163' title='bbox 1226 2074 1276 2116; x_wconf 85' lang='lat' dir='ltr'>i.</span> <span class='ocrx_word' id='word_1_164' title='bbox 1314 2056 1465 2115; x_wconf 88' lang='lat' dir='ltr'>Petr.</span> <span class='ocrx_word' id='word_1_165' title='bbox 1505 2074 1561 2131; x_wconf 84' lang='lat'>2,</span> <span class='ocrx_word' id='word_1_166' title='bbox 1595 2056 1652 2116; x_wconf 87' lang='lat'>6.</span> <span class='ocrx_word' id='word_1_167' title='bbox 1686 2055 1768 2132; x_wconf 87' lang='lat'>7.)</span> <span class='ocrx_word' id='word_1_168' title='bbox 1832 2052 1890 2134; x_wconf 89' lang='lat'>[1.</span> <span class='ocrx_word' id='word_1_169' title='bbox 1925 2075 1972 2119; x_wconf 91' lang='lat' dir='ltr'>c.</span> <span class='ocrx_word' id='word_1_170' title='bbox 2006 2055 2070 2119; x_wconf 92' lang='lat'>11.</span> <span class='ocrx_word' id='word_1_171' title='bbox 2103 2074 2236 2136; x_wconf 76' lang='lat' dir='ltr'>pag.</span> <span class='ocrx_word' id='word_1_172' title='bbox 2272 2055 2438 2137; x_wconf 85' lang='lat'>615.]</span> 
     </span>
    </p>
   </div>
   <div class='ocr_carea' id='block_1_8' title="bbox 731 2333 3337 2407">
    <p class='ocr_par' dir='ltr' id='par_1_8' title="bbox 731 2333 3337 2407">
     <span class='ocr_line' id='line_1_22' title="bbox 731 2333 3337 2407; baseline 0 -17"><span class='ocrx_word' id='word_1_173' title='bbox 731 2335 825 2391; x_wconf 71' lang='lat'>58.</span> <span class='ocrx_word' id='word_1_174' title='bbox 863 2336 1022 2390; x_wconf 63' lang='lat' dir='ltr'>Pax</span> <span class='ocrx_word' id='word_1_175' title='bbox 1050 2334 1629 2391; x_wconf 73' lang='lat' dir='ltr'>woRmA&#39;rIENsls</span> <span class='ocrx_word' id='word_1_176' title='bbox 1656 2335 1795 2389; x_wconf 77' lang='lat'>1122</span> <span class='ocrx_word' id='word_1_177' title='bbox 1820 2333 1990 2407; x_wconf 72' lang='lat' dir='ltr'>Sept.</span> <span class='ocrx_word' id='word_1_178' title='bbox 2017 2335 2089 2390; x_wconf 79' lang='lat'>28</span> <span class='ocrx_word' id='word_1_179' title='bbox 2126 2336 2569 2405; x_wconf 72' lang='lat' dir='ltr'><strong>(HEINRICUS</strong></span> <span class='ocrx_word' id='word_1_180' title='bbox 2597 2336 2665 2392; x_wconf 75' lang='lat' dir='ltr'>V.</span> <span class='ocrx_word' id='word_1_181' title='bbox 2694 2337 2790 2391; x_wconf 70' lang='lat' dir='ltr'>m*</span> <span class='ocrx_word' id='word_1_182' title='bbox 2816 2336 3198 2393; x_wconf 74' lang='lat' dir='ltr'>CALIXTUS</span> <span class='ocrx_word' id='word_1_183' title='bbox 3223 2337 3337 2404; x_wconf 81' lang='lat'>11.)</span> 
     </span>
    </p>
   </div>
   <div class='ocr_carea' id='block_1_9' title="bbox 713 2515 3333 3151">
    <p class='ocr_par' dir='ltr' id='par_1_9' title="bbox 713 2515 3333 3151">
     <span class='ocr_line' id='line_1_23' title="bbox 946 2515 3333 2588; baseline -0.002 -18"><span class='ocrx_word' id='word_1_184' title='bbox 946 2516 977 2544; x_wconf 73' lang='lat'>⁸</span> <span class='ocrx_word' id='word_1_185' title='bbox 1033 2517 1274 2570; x_wconf 76' lang='lat' dir='ltr'>Monum-</span> <span class='ocrx_word' id='word_1_186' title='bbox 1313 2517 1650 2570; x_wconf 80' lang='lat' dir='ltr'>Germaniae</span> <span class='ocrx_word' id='word_1_187' title='bbox 1685 2515 1847 2580; x_wconf 79' lang='lat' dir='ltr'>hist.;</span> <span class='ocrx_word' id='word_1_188' title='bbox 1886 2516 2298 2570; x_wconf 70' lang='lat' dir='ltr'>Constitutrbnes</span> <span class='ocrx_word' id='word_1_189' title='bbox 2348 2521 2405 2570; x_wconf 84' lang='lat' dir='ltr'>et</span> <span class='ocrx_word' id='word_1_190' title='bbox 2436 2521 2561 2569; x_wconf 81' lang='lat' dir='ltr'>acta</span> <span class='ocrx_word' id='word_1_191' title='bbox 2590 2519 2808 2588; x_wconf 80' lang='lat' dir='ltr'>publica</span> <span class='ocrx_word' id='word_1_192' title='bbox 2848 2518 3242 2588; x_wconf 76' lang='lat' dir='ltr'>Imperatorum</span> <span class='ocrx_word' id='word_1_193' title='bbox 3278 2520 3333 2567; x_wconf 85' lang='lat' dir='ltr'>et</span> 
     </span>
     <span class='ocr_line' id='line_1_24' title="bbox 735 2595 3333 2667; baseline -0.002 -17"><span class='ocrx_word' id='word_1_194' title='bbox 735 2614 948 2666; x_wconf 77' lang='lat' dir='ltr'>regum.</span> <span class='ocrx_word' id='word_1_195' title='bbox 988 2596 1077 2651; x_wconf 90' lang='lat' dir='ltr'>ed.</span> <span class='ocrx_word' id='word_1_196' title='bbox 1107 2595 1483 2658; x_wconf 88' lang='lat' dir='ltr'>Weiland‚</span> <span class='ocrx_word' id='word_1_197' title='bbox 1537 2596 1707 2650; x_wconf 87' lang='lat' dir='ltr'>Tom.</span> <span class='ocrx_word' id='word_1_198' title='bbox 1736 2596 1773 2650; x_wconf 89' lang='lat'>1.</span> <span class='ocrx_word' id='word_1_199' title='bbox 1802 2612 1856 2666; x_wconf 88' lang='lat' dir='ltr'>p.</span> <span class='ocrx_word' id='word_1_200' title='bbox 1893 2596 2184 2667; x_wconf 59' lang='lat'>159—162.</span> <span class='ocrx_word' id='word_1_201' title='bbox 2255 2595 2654 2656; x_wconf 85' lang='lat' dir='ltr'>Baronius‚</span> <span class='ocrx_word' id='word_1_202' title='bbox 2694 2599 2935 2650; x_wconf 75' lang='lat' dir='ltr'>Annales</span> <span class='ocrx_word' id='word_1_203' title='bbox 2972 2597 3333 2650; x_wconf 50' lang='lat' dir='ltr'>ecclesiastici.</span> 
     </span>
     <span class='ocr_line' id='line_1_25' title="bbox 736 2673 3332 2751; baseline -0.003 -17"><span class='ocrx_word' id='word_1_204' title='bbox 736 2678 926 2734; x_wconf 84' lang='lat' dir='ltr'>Lucae</span> <span class='ocrx_word' id='word_1_205' title='bbox 971 2677 1341 2751; x_wconf 73' lang='lat'>1738-1746.</span> <span class='ocrx_word' id='word_1_206' title='bbox 1379 2676 1551 2732; x_wconf 87' lang='lat' dir='ltr'>Tom.</span> <span class='ocrx_word' id='word_1_207' title='bbox 1591 2676 1705 2731; x_wconf 86' lang='grc' dir='ltr'>ΧΠ.</span> <span class='ocrx_word' id='word_1_208' title='bbox 1745 2693 1801 2748; x_wconf 86' lang='lat' dir='ltr'>p.</span> <span class='ocrx_word' id='word_1_209' title='bbox 1834 2693 1947 2748; x_wconf 86' lang='lat'><strong>¹5¹·</strong></span> <span class='ocrx_word' id='word_1_210' title='bbox 2017 2676 2448 2740; x_wconf 88' lang='lat' dir='ltr'>Duchesne,</span> <span class='ocrx_word' id='word_1_211' title='bbox 2489 2678 2643 2731; x_wconf 77' lang='lat' dir='ltr'>Liber</span> <span class='ocrx_word' id='word_1_212' title='bbox 2688 2676 3036 2749; x_wconf 64' lang='lat' dir='ltr'>Pontificaltk.</span> <span class='ocrx_word' id='word_1_213' title='bbox 3075 2675 3243 2730; x_wconf 89' lang='lat' dir='ltr'>Tom.</span> <span class='ocrx_word' id='word_1_214' title='bbox 3272 2673 3332 2729; x_wconf 86' lang='grc' dir='ltr'>ΙΙ.</span> 
     </span>
     <span class='ocr_line' id='line_1_26' title="bbox 732 2755 3330 2832; baseline -0.002 -20"><span class='ocrx_word' id='word_1_215' title='bbox 732 2777 786 2831; x_wconf 91' lang='lat' dir='ltr'>p.</span> <span class='ocrx_word' id='word_1_216' title='bbox 817 2758 933 2832; x_wconf 84' lang='lat'>378.</span> <span class='ocrx_word' id='word_1_217' title='bbox 999 2758 1427 2821; x_wconf 85' lang='lat' dir='ltr'>Bernheim‚</span> <span class='ocrx_word' id='word_1_218' title='bbox 1455 2760 1569 2811; x_wconf 84' lang='lat' dir='ltr'>Zur</span> <span class='ocrx_word' id='word_1_219' title='bbox 1605 2757 1937 2811; x_wconf 76' lang='lat' dir='ltr'>Geschiclnte</span> <span class='ocrx_word' id='word_1_220' title='bbox 1973 2758 2067 2810; x_wconf 83' lang='lat' dir='ltr'>des</span> <span class='ocrx_word' id='word_1_221' title='bbox 2104 2757 2389 2811; x_wconf 85' lang='lat' dir='ltr'>Wormser</span> <span class='ocrx_word' id='word_1_222' title='bbox 2416 2758 2801 2812; x_wconf 83' lang='lat' dir='ltr'>Concordates.</span> <span class='ocrx_word' id='word_1_223' title='bbox 2841 2757 3156 2827; x_wconf 75' lang='lat' dir='ltr'>thtingen</span> <span class='ocrx_word' id='word_1_224' title='bbox 3189 2755 3330 2827; x_wconf 78' lang='lat'>1878.</span> 
     </span>
     <span class='ocr_line' id='line_1_27' title="bbox 735 2836 3330 2906; baseline -0.002 -14"><span class='ocrx_word' id='word_1_225' title='bbox 735 2839 962 2903; x_wconf 85' lang='lat' dir='ltr'>Idem,</span> <span class='ocrx_word' id='word_1_226' title='bbox 1002 2840 1289 2894; x_wconf 78' lang='lat' dir='ltr'>Investitur</span> <span class='ocrx_word' id='word_1_227' title='bbox 1326 2839 1442 2892; x_wconf 84' lang='lat' dir='ltr'>und</span> <span class='ocrx_word' id='word_1_228' title='bbox 1474 2838 1932 2906; x_wconf 69' lang='lat' dir='ltr'>Bischqfswahlen</span> <span class='ocrx_word' id='word_1_229' title='bbox 1970 2840 2045 2891; x_wconf 83' lang='lat' dir='ltr'>im</span> <span class='ocrx_word' id='word_1_230' title='bbox 2083 2838 2174 2893; x_wconf 87' lang='lat' dir='ltr'>XI.</span> <span class='ocrx_word' id='word_1_231' title='bbox 2206 2839 2322 2891; x_wconf 82' lang='lat' dir='ltr'>und</span> <span class='ocrx_word' id='word_1_232' title='bbox 2355 2839 2474 2892; x_wconf 84' lang='lat' dir='ltr'>XII.</span> <span class='ocrx_word' id='word_1_233' title='bbox 2500 2837 2888 2906; x_wconf 82' lang='lat' dir='ltr'>Jahrlmndert</span> <span class='ocrx_word' id='word_1_234' title='bbox 2934 2837 3010 2900; x_wconf 86' lang='lat' dir='ltr'>(in</span> <span class='ocrx_word' id='word_1_235' title='bbox 3052 2836 3330 2905; x_wconf 62' lang='lat' dir='ltr'>Zei’tshrg&#39;ft</span> 
     </span>
     <span class='ocr_line' id='line_1_28' title="bbox 713 2916 3329 2990; baseline -0.002 -17"><span class='ocrx_word' id='word_1_236' title='bbox 713 2922 834 2990; x_wconf 65' lang='lat' dir='ltr'>fiir</span> <span class='ocrx_word' id='word_1_237' title='bbox 860 2918 1420 2990; x_wconf 45' lang='lat' dir='ltr'>lorehengeschichte.</span> <span class='ocrx_word' id='word_1_238' title='bbox 1448 2917 1620 2971; x_wconf 86' lang='lat' dir='ltr'>Tom.</span> <span class='ocrx_word' id='word_1_239' title='bbox 1641 2917 1759 2970; x_wconf 90' lang='lat' dir='ltr'>Vll.</span> <span class='ocrx_word' id='word_1_240' title='bbox 1788 2935 1841 2988; x_wconf 91' lang='lat' dir='ltr'>p.</span> <span class='ocrx_word' id='word_1_241' title='bbox 1872 2934 2173 2990; x_wconf 84' lang='lat'>303—333.</span> <span class='ocrx_word' id='word_1_242' title='bbox 2210 2916 2331 2972; x_wconf 88' lang='lat' dir='ltr'>Sic</span> <span class='ocrx_word' id='word_1_243' title='bbox 2350 2918 2384 2970; x_wconf 86' lang='lat' dir='ltr'>k</span> <span class='ocrx_word' id='word_1_244' title='bbox 2404 2918 2468 2972; x_wconf 87' lang='lat' dir='ltr'>el</span> <span class='ocrx_word' id='word_1_245' title='bbox 2507 2934 2563 2971; x_wconf 92' lang='lat' dir='ltr'>u.</span> <span class='ocrx_word' id='word_1_246' title='bbox 2605 2918 2648 2970; x_wconf 85' lang='lat' dir='ltr'>B</span> <span class='ocrx_word' id='word_1_247' title='bbox 2669 2918 2982 2986; x_wconf 79' lang='lat' dir='ltr'>resslau‚</span> <span class='ocrx_word' id='word_1_248' title='bbox 3007 2919 3111 2971; x_wconf 77' lang='lat' dir='ltr'>Dic</span> <span class='ocrx_word' id='word_1_249' title='bbox 3133 2919 3329 2969; x_wconf 72' lang='lat' dir='ltr'>kaiser·</span> 
     </span>
     <span class='ocr_line' id='line_1_29' title="bbox 730 2996 3332 3071; baseline -0.002 -17"><span class='ocrx_word' id='word_1_250' title='bbox 730 3001 868 3054; x_wconf 66' lang='lat' dir='ltr'>leche</span> <span class='ocrx_word' id='word_1_251' title='bbox 906 3001 1314 3071; x_wconf 62' lang='lat' dir='ltr'>Ans-fertrgmng</span> <span class='ocrx_word' id='word_1_252' title='bbox 1365 3000 1457 3052; x_wconf 80' lang='lat' dir='ltr'>des</span> <span class='ocrx_word' id='word_1_253' title='bbox 1507 2999 1790 3052; x_wconf 81' lang='lat' dir='ltr'>Wormser</span> <span class='ocrx_word' id='word_1_254' title='bbox 1829 2998 2169 3052; x_wconf 83' lang='lat' dir='ltr'>Concordats</span> <span class='ocrx_word' id='word_1_255' title='bbox 2219 2996 2304 3063; x_wconf 80' lang='lat' dir='ltr'>(in</span> <span class='ocrx_word' id='word_1_256' title='bbox 2355 2998 2771 3068; x_wconf 72' lang='lat' dir='ltr'>Mifflreilungen</span> <span class='ocrx_word' id='word_1_257' title='bbox 2822 2999 2917 3051; x_wconf 83' lang='lat' dir='ltr'>des</span> <span class='ocrx_word' id='word_1_258' title='bbox 2955 2998 3200 3051; x_wconf 83' lang='lat' dir='ltr'>Instituts</span> <span class='ocrx_word' id='word_1_259' title='bbox 3216 2996 3332 3065; x_wconf 59' lang='lat' dir='ltr'>far</span> 
     </span>
     <span class='ocr_line' id='line_1_30' title="bbox 731 3077 3333 3151; baseline -0.003 -17"><span class='ocrx_word' id='word_1_260' title='bbox 731 3087 929 3136; x_wconf 63' lang='lat' dir='ltr'>&amp;sterr-</span> <span class='ocrx_word' id='word_1_261' title='bbox 967 3079 1686 3150; x_wconf 57' lang='lat' dir='ltr'>Geschichtfforschungen.</span> <span class='ocrx_word' id='word_1_262' title='bbox 1737 3078 1883 3148; x_wconf 82' lang='lat'>1885.</span> <span class='ocrx_word' id='word_1_263' title='bbox 1938 3096 1990 3149; x_wconf 89' lang='lat' dir='ltr'>p.</span> <span class='ocrx_word' id='word_1_264' title='bbox 2041 3081 2361 3151; x_wconf 84' lang='lat'>105—139).</span> <span class='ocrx_word' id='word_1_265' title='bbox 2440 3077 2751 3140; x_wconf 87' lang='lat' dir='ltr'>Omont,</span> <span class='ocrx_word' id='word_1_266' title='bbox 2805 3077 2860 3131; x_wconf 90' lang='lat' dir='ltr'>in</span> <span class='ocrx_word' id='word_1_267' title='bbox 2898 3078 3221 3147; x_wconf 63' lang='lat' dir='ltr'>Bibliotique</span> <span class='ocrx_word' id='word_1_268' title='bbox 3268 3077 3333 3128; x_wconf 82' lang='lat' dir='ltr'>de</span> 
     </span>
    </p>
   </div>
   <div class='ocr_carea' id='block_1_10' title="bbox 658 3149 3333 3230">
    <p class='ocr_par' dir='ltr' id='par_1_10' title="bbox 658 3149 3333 3230">
     <span class='ocr_line' id='line_1_31' title="bbox 658 3149 3333 3230; baseline -0.003 -15"><span class='ocrx_word' id='word_1_269' title='bbox 658 3176 675 3203; x_wconf 53' lang='grc' dir='ltr'><strong>ς</strong></span> <span class='ocrx_word' id='word_1_270' title='bbox 731 3149 942 3215; x_wconf 70' lang='grc' dir='ltr'>ΙἘι-οῖε</span> <span class='ocrx_word' id='word_1_271' title='bbox 991 3163 1058 3214; x_wconf 82' lang='lat' dir='ltr'>de</span> <span class='ocrx_word' id='word_1_272' title='bbox 1108 3161 1344 3214; x_wconf 76' lang='lat' dir='ltr'>chortes.</span> <span class='ocrx_word' id='word_1_273' title='bbox 1388 3177 1469 3230; x_wconf 85' lang='lat'>59.</span> <span class='ocrx_word' id='word_1_274' title='bbox 1510 3177 1556 3230; x_wconf 87' lang='grc'>5.</span> <span class='ocrx_word' id='word_1_275' title='bbox 1628 3158 2001 3222; x_wconf 83' lang='lat' dir='ltr'>OrlandO,</span> <span class='ocrx_word' id='word_1_276' title='bbox 2053 3176 2096 3213; x_wconf 94' lang='lat' dir='ltr'>s.</span> <span class='ocrx_word' id='word_1_277' title='bbox 2152 3176 2203 3212; x_wconf 92' lang='lat' dir='ltr'>v.</span> <span class='ocrx_word' id='word_1_278' title='bbox 2250 3159 2653 3213; x_wconf 72' lang='lat' dir='ltr'>«Concordato»</span> <span class='ocrx_word' id='word_1_279' title='bbox 2710 3157 2766 3212; x_wconf 91' lang='lat' dir='ltr'>in</span> <span class='ocrx_word' id='word_1_280' title='bbox 2814 3158 3042 3228; x_wconf 44' lang='lat' dir='ltr'>Digesto</span> <span class='ocrx_word' id='word_1_281' title='bbox 3093 3158 3333 3211; x_wconf 76' lang='lat' dir='ltr'>[taliano.</span> 
     </span>
    </p>
   </div>
   <div class='ocr_carea' id='block_1_11' title="bbox 733 3236 3331 3394">
    <p class='ocr_par' dir='ltr' id='par_1_11' title="bbox 733 3236 3331 3394">
     <span class='ocr_line' id='line_1_32' title="bbox 733 3236 3331 3312; baseline -0.003 -15"><span class='ocrx_word' id='word_1_282' title='bbox 733 3243 908 3299; x_wconf 82' lang='lat' dir='ltr'>Tum.</span> <span class='ocrx_word' id='word_1_283' title='bbox 940 3241 1075 3295; x_wconf 86' lang='lat' dir='ltr'>V111.</span> <span class='ocrx_word' id='word_1_284' title='bbox 1103 3259 1155 3312; x_wconf 89' lang='lat' dir='ltr'>p.</span> <span class='ocrx_word' id='word_1_285' title='bbox 1188 3258 1284 3312; x_wconf 84' lang='lat'>322</span> <span class='ocrx_word' id='word_1_286' title='bbox 1315 3258 1432 3311; x_wconf 91' lang='lat' dir='ltr'>seq.</span> <span class='ocrx_word' id='word_1_287' title='bbox 1485 3238 1851 3294; x_wconf 88' lang='lat' dir='ltr'>Hinschiu</span> <span class='ocrx_word' id='word_1_288' title='bbox 1871 3257 1895 3293; x_wconf 91' lang='lat' dir='ltr'>s</span> <span class='ocrx_word' id='word_1_289' title='bbox 1915 3281 1927 3302; x_wconf 90' lang='lat'>,</span> <span class='ocrx_word' id='word_1_290' title='bbox 1968 3240 2378 3294; x_wconf 80' lang='lat' dir='ltr'>Kircltenrecht.</span> <span class='ocrx_word' id='word_1_291' title='bbox 2416 3239 2588 3293; x_wconf 87' lang='lat' dir='ltr'>Tom.</span> <span class='ocrx_word' id='word_1_292' title='bbox 2619 3238 2679 3292; x_wconf 91' lang='lat'>11.</span> <span class='ocrx_word' id='word_1_293' title='bbox 2710 3256 2761 3309; x_wconf 90' lang='lat' dir='ltr'>p.</span> <span class='ocrx_word' id='word_1_294' title='bbox 2792 3236 2895 3309; x_wconf 86' lang='lat'>558</span> <span class='ocrx_word' id='word_1_295' title='bbox 2921 3255 3039 3309; x_wconf 83' lang='lat' dir='ltr'>seq.</span> <span class='ocrx_word' id='word_1_296' title='bbox 3092 3236 3331 3292; x_wconf 77' lang='lat' dir='ltr'>Fried-</span> 
     </span>
     <span class='ocr_line' id='line_1_33' title="bbox 735 3319 2387 3394; baseline -0.002 -16"><span class='ocrx_word' id='word_1_297' title='bbox 735 3326 769 3378; x_wconf 91' lang='lat' dir='ltr'>b</span> <span class='ocrx_word' id='word_1_298' title='bbox 788 3340 819 3379; x_wconf 90' lang='lat' dir='ltr'>e</span> <span class='ocrx_word' id='word_1_299' title='bbox 836 3342 862 3378; x_wconf 91' lang='lat' dir='ltr'>r</span> <span class='ocrx_word' id='word_1_300' title='bbox 879 3341 944 3394; x_wconf 87' lang='lat' dir='ltr'>g,</span> <span class='ocrx_word' id='word_1_301' title='bbox 983 3322 1281 3377; x_wconf 75' lang='lat' dir='ltr'>Lehrbuch.</span> <span class='ocrx_word' id='word_1_302' title='bbox 1307 3322 1341 3389; x_wconf 69' lang='grc' dir='ltr'>ξ</span> <span class='ocrx_word' id='word_1_303' title='bbox 1365 3319 1453 3390; x_wconf 82' lang='grc'>48.</span> <span class='ocrx_word' id='word_1_304' title='bbox 1505 3319 1545 3377; x_wconf 89' lang='lat' dir='ltr'>S</span> <span class='ocrx_word' id='word_1_305' title='bbox 1565 3333 1585 3374; x_wconf 93' lang='lat' dir='ltr'>t</span> <span class='ocrx_word' id='word_1_306' title='bbox 1603 3338 1636 3375; x_wconf 93' lang='lat' dir='ltr'>u</span> <span class='ocrx_word' id='word_1_307' title='bbox 1655 3333 1676 3374; x_wconf 92' lang='lat' dir='ltr'>t</span> <span class='ocrx_word' id='word_1_308' title='bbox 1692 3338 1721 3373; x_wconf 88' lang='lat' dir='ltr'>z</span> <span class='ocrx_word' id='word_1_309' title='bbox 1740 3361 1752 3383; x_wconf 84' lang='lat'>‚</span> <span class='ocrx_word' id='word_1_310' title='bbox 1793 3320 2202 3376; x_wconf 79' lang='lat' dir='ltr'>Kirchenrecht.</span> <span class='ocrx_word' id='word_1_311' title='bbox 2240 3321 2277 3390; x_wconf 65' lang='grc' dir='ltr'>ξ</span> <span class='ocrx_word' id='word_1_312' title='bbox 2305 3337 2387 3390; x_wconf 76' lang='lat'>24</span> 
     </span>
    </p>
   </div>
   <div class='ocr_carea' id='block_1_12' title="bbox 1483 3485 2590 3567">
    <p class='ocr_par' dir='ltr' id='par_1_12' title="bbox 1483 3485 2590 3567">
     <span class='ocr_line' id='line_1_34' title="bbox 1483 3485 2590 3567; baseline 0.002 -21"><span class='ocrx_word' id='word_1_313' title='bbox 1483 3485 2004 3566; x_wconf 82' lang='lat' dir='ltr'>Privilegium</span> <span class='ocrx_word' id='word_1_314' title='bbox 2057 3485 2590 3567; x_wconf 79' lang='lat' dir='ltr'>Imperatoris.</span> 
     </span>
    </p>
   </div>
   <div class='ocr_carea' id='block_1_13' title="bbox 728 3646 3335 5015">
    <p class='ocr_par' dir='ltr' id='par_1_13' title="bbox 728 3646 3335 5015">
     <span class='ocr_line' id='line_1_35' title="bbox 908 3646 3335 3727; baseline -0.002 -16"><span class='ocrx_word' id='word_1_315' title='bbox 908 3649 973 3711; x_wconf 92' lang='lat' dir='ltr'>ln</span> <span class='ocrx_word' id='word_1_316' title='bbox 1019 3648 1277 3711; x_wconf 89' lang='lat' dir='ltr'>nomine</span> <span class='ocrx_word' id='word_1_317' title='bbox 1313 3664 1554 3708; x_wconf 90' lang='lat' dir='ltr'>sanctae</span> <span class='ocrx_word' id='word_1_318' title='bbox 1589 3661 1645 3707; x_wconf 91' lang='lat' dir='ltr'>et</span> <span class='ocrx_word' id='word_1_319' title='bbox 1691 3646 2046 3708; x_wconf 84' lang='lat' dir='ltr'>individuae</span> <span class='ocrx_word' id='word_1_320' title='bbox 2077 3646 2412 3711; x_wconf 88' lang='lat' dir='ltr'>Trinitatis.</span> <span class='ocrx_word' id='word_1_321' title='bbox 2477 3648 2608 3727; x_wconf 83' lang='lat' dir='ltr'>Ego</span> <span class='ocrx_word' id='word_1_322' title='bbox 2643 3647 2971 3710; x_wconf 83' lang='lat' dir='ltr'>Heinricus</span> <span class='ocrx_word' id='word_1_323' title='bbox 3009 3647 3119 3709; x_wconf 89' lang='lat' dir='ltr'>Dei</span> <span class='ocrx_word' id='word_1_324' title='bbox 3150 3647 3335 3727; x_wconf 87' lang='lat' dir='ltr'>gratia</span> 
     </span>
     <span class='ocr_line' id='line_1_36' title="bbox 735 3753 3333 3836; baseline -0.002 -17"><span class='ocrx_word' id='word_1_325' title='bbox 735 3759 1167 3819; x_wconf 88' lang='lat' dir='ltr'>Romanorum</span> <span class='ocrx_word' id='word_1_326' title='bbox 1200 3756 1532 3836; x_wconf 88' lang='lat' dir='ltr'>imperator</span> <span class='ocrx_word' id='word_1_327' title='bbox 1561 3767 1863 3833; x_wconf 86' lang='lat' dir='ltr'>augustus</span> <span class='ocrx_word' id='word_1_328' title='bbox 1886 3772 1997 3834; x_wconf 91' lang='lat' dir='ltr'>pro</span> <span class='ocrx_word' id='word_1_329' title='bbox 2029 3773 2240 3816; x_wconf 87' lang='lat' dir='ltr'>amore</span> <span class='ocrx_word' id='word_1_330' title='bbox 2265 3755 2376 3815; x_wconf 88' lang='lat' dir='ltr'>Dei</span> <span class='ocrx_word' id='word_1_331' title='bbox 2410 3771 2467 3816; x_wconf 89' lang='lat' dir='ltr'>et</span> <span class='ocrx_word' id='word_1_332' title='bbox 2499 3771 2743 3817; x_wconf 88' lang='lat' dir='ltr'>sanctae</span> <span class='ocrx_word' id='word_1_333' title='bbox 2765 3756 3088 3816; x_wconf 85' lang='lat' dir='ltr'>Romanae</span> <span class='ocrx_word' id='word_1_334' title='bbox 3110 3753 3333 3815; x_wconf 88' lang='lat' dir='ltr'>aeccle-</span> 
     </span>
     <span class='ocr_line' id='line_1_37' title="bbox 729 3859 3334 3942; baseline -0.003 -16"><span class='ocrx_word' id='word_1_335' title='bbox 729 3863 850 3928; x_wconf 87' lang='lat' dir='ltr'>siae</span> <span class='ocrx_word' id='word_1_336' title='bbox 897 3881 956 3926; x_wconf 89' lang='lat' dir='ltr'>et</span> <span class='ocrx_word' id='word_1_337' title='bbox 1000 3861 1241 3924; x_wconf 89' lang='lat' dir='ltr'>domini</span> <span class='ocrx_word' id='word_1_338' title='bbox 1286 3880 1476 3942; x_wconf 90' lang='lat' dir='ltr'>papae</span> <span class='ocrx_word' id='word_1_339' title='bbox 1510 3859 1726 3922; x_wconf 85' lang='lat' dir='ltr'>Calixti</span> <span class='ocrx_word' id='word_1_340' title='bbox 1774 3874 1831 3920; x_wconf 91' lang='lat' dir='ltr'>et</span> <span class='ocrx_word' id='word_1_341' title='bbox 1880 3879 1990 3940; x_wconf 93' lang='lat' dir='ltr'>pro</span> <span class='ocrx_word' id='word_1_342' title='bbox 2037 3860 2310 3922; x_wconf 89' lang='lat' dir='ltr'>remedio</span> <span class='ocrx_word' id='word_1_343' title='bbox 2356 3861 2598 3923; x_wconf 88' lang='lat' dir='ltr'>animae</span> <span class='ocrx_word' id='word_1_344' title='bbox 2634 3880 2804 3922; x_wconf 87' lang='lat' dir='ltr'>meae</span> <span class='ocrx_word' id='word_1_345' title='bbox 2838 3861 3082 3922; x_wconf 89' lang='lat' dir='ltr'>dimitto</span> <span class='ocrx_word' id='word_1_346' title='bbox 3119 3862 3247 3921; x_wconf 90' lang='lat' dir='ltr'>Deo</span> <span class='ocrx_word' id='word_1_347' title='bbox 3278 3876 3334 3920; x_wconf 89' lang='lat' dir='ltr'>et</span> 
     </span>
     <span class='ocr_line' id='line_1_38' title="bbox 729 3966 3329 4050; baseline -0.002 -18"><span class='ocrx_word' id='word_1_348' title='bbox 729 3972 948 4033; x_wconf 89' lang='lat' dir='ltr'>sanctis</span> <span class='ocrx_word' id='word_1_349' title='bbox 970 3971 1085 4031; x_wconf 92' lang='lat' dir='ltr'>Dei</span> <span class='ocrx_word' id='word_1_350' title='bbox 1116 3968 1409 4050; x_wconf 88' lang='lat' dir='ltr'>apostolis</span> <span class='ocrx_word' id='word_1_351' title='bbox 1443 3968 1621 4029; x_wconf 87' lang='lat' dir='ltr'>Petro</span> <span class='ocrx_word' id='word_1_352' title='bbox 1654 3983 1711 4027; x_wconf 91' lang='lat' dir='ltr'>et</span> <span class='ocrx_word' id='word_1_353' title='bbox 1741 3966 1936 4029; x_wconf 90' lang='lat' dir='ltr'>Paulo</span> <span class='ocrx_word' id='word_1_354' title='bbox 1968 3983 2333 4048; x_wconf 84' lang='lat' dir='ltr'>sanctaeque</span> <span class='ocrx_word' id='word_1_355' title='bbox 2365 3968 2695 4029; x_wconf 89' lang='lat' dir='ltr'>catholicae</span> <span class='ocrx_word' id='word_1_356' title='bbox 2727 3968 3050 4030; x_wconf 88' lang='lat' dir='ltr'>aecclesiae</span> <span class='ocrx_word' id='word_1_357' title='bbox 3083 3985 3329 4028; x_wconf 88' lang='lat' dir='ltr'>omnem</span> 
     </span>
     <span class='ocr_line' id='line_1_39' title="bbox 729 4074 3322 4158; baseline -0.002 -19"><span class='ocrx_word' id='word_1_358' title='bbox 729 4078 1148 4140; x_wconf 87' lang='lat' dir='ltr'>investituram</span> <span class='ocrx_word' id='word_1_359' title='bbox 1202 4096 1308 4158; x_wconf 90' lang='lat' dir='ltr'>per</span> <span class='ocrx_word' id='word_1_360' title='bbox 1354 4075 1611 4137; x_wconf 85' lang='lat' dir='ltr'>anulum</span> <span class='ocrx_word' id='word_1_361' title='bbox 1657 4091 1714 4136; x_wconf 89' lang='lat' dir='ltr'>et</span> <span class='ocrx_word' id='word_1_362' title='bbox 1768 4075 2084 4153; x_wconf 89' lang='lat' dir='ltr'>baculum,</span> <span class='ocrx_word' id='word_1_363' title='bbox 2132 4091 2189 4136; x_wconf 91' lang='lat' dir='ltr'>et</span> <span class='ocrx_word' id='word_1_364' title='bbox 2233 4077 2511 4138; x_wconf 91' lang='lat' dir='ltr'>concedo</span> <span class='ocrx_word' id='word_1_365' title='bbox 2559 4076 2623 4138; x_wconf 87' lang='lat' dir='ltr'>in</span> <span class='ocrx_word' id='word_1_366' title='bbox 2668 4077 2959 4138; x_wconf 90' lang='lat' dir='ltr'>omnibus</span> <span class='ocrx_word' id='word_1_367' title='bbox 3006 4074 3322 4144; x_wconf 80' lang='lat' dir='ltr'>aecclesiis,</span> 
     </span>
     <span class='ocr_line' id='line_1_40' title="bbox 731 4183 3333 4265; baseline -0.002 -19"><span class='ocrx_word' id='word_1_368' title='bbox 731 4206 887 4265; x_wconf 86' lang='lat' dir='ltr'>quae</span> <span class='ocrx_word' id='word_1_369' title='bbox 921 4187 984 4246; x_wconf 87' lang='lat' dir='ltr'>in</span> <span class='ocrx_word' id='word_1_370' title='bbox 1018 4203 1210 4263; x_wconf 87' lang='lat' dir='ltr'>regno</span> <span class='ocrx_word' id='word_1_371' title='bbox 1243 4183 1337 4244; x_wconf 85' lang='lat' dir='ltr'>vel</span> <span class='ocrx_word' id='word_1_372' title='bbox 1370 4183 1632 4264; x_wconf 87' lang='lat' dir='ltr'>imperio</span> <span class='ocrx_word' id='word_1_373' title='bbox 1667 4201 1808 4245; x_wconf 89' lang='lat' dir='ltr'>meo</span> <span class='ocrx_word' id='word_1_374' title='bbox 1840 4199 2006 4261; x_wconf 89' lang='lat' dir='ltr'>sunt,</span> <span class='ocrx_word' id='word_1_375' title='bbox 2040 4184 2398 4245; x_wconf 89' lang='lat' dir='ltr'>canonicam</span> <span class='ocrx_word' id='word_1_376' title='bbox 2435 4183 2564 4245; x_wconf 88' lang='lat' dir='ltr'>fieri</span> <span class='ocrx_word' id='word_1_377' title='bbox 2595 4184 2957 4245; x_wconf 89' lang='lat' dir='ltr'>electionem</span> <span class='ocrx_word' id='word_1_378' title='bbox 2993 4199 3052 4245; x_wconf 90' lang='lat' dir='ltr'>et</span> <span class='ocrx_word' id='word_1_379' title='bbox 3086 4184 3333 4244; x_wconf 86' lang='lat' dir='ltr'>liberam</span> 
     </span>
     <span class='ocr_line' id='line_1_41' title="bbox 731 4288 3334 4372; baseline -0 -18"><span class='ocrx_word' id='word_1_380' title='bbox 731 4292 1275 4354; x_wconf 87' lang='lat' dir='ltr'>consecrationem.</span> <span class='ocrx_word' id='word_1_381' title='bbox 1341 4288 1423 4369; x_wconf 86' lang='lat'>[2]</span> <span class='ocrx_word' id='word_1_382' title='bbox 1473 4290 1898 4355; x_wconf 77' lang='lat' dir='ltr'>possessiones</span> <span class='ocrx_word' id='word_1_383' title='bbox 1943 4307 2000 4352; x_wconf 91' lang='lat' dir='ltr'>et</span> <span class='ocrx_word' id='word_1_384' title='bbox 2045 4292 2267 4372; x_wconf 86' lang='lat' dir='ltr'>regalia</span> <span class='ocrx_word' id='word_1_385' title='bbox 2308 4292 2469 4352; x_wconf 88' lang='lat' dir='ltr'>beati</span> <span class='ocrx_word' id='word_1_386' title='bbox 2521 4292 2699 4367; x_wconf 87' lang='lat' dir='ltr'>Petri,</span> <span class='ocrx_word' id='word_1_387' title='bbox 2748 4311 2907 4372; x_wconf 88' lang='lat' dir='ltr'>quae</span> <span class='ocrx_word' id='word_1_388' title='bbox 2955 4313 2989 4352; x_wconf 90' lang='lat' dir='ltr'>a</span> <span class='ocrx_word' id='word_1_389' title='bbox 3036 4289 3334 4372; x_wconf 84' lang='lat' dir='ltr'>principio</span> 
     </span>
     <span class='ocr_line' id='line_1_42' title="bbox 730 4396 3332 4480; baseline -0.001 -21"><span class='ocrx_word' id='word_1_390' title='bbox 730 4399 916 4461; x_wconf 90' lang='lat' dir='ltr'>huius</span> <span class='ocrx_word' id='word_1_391' title='bbox 961 4397 1300 4459; x_wconf 91' lang='lat' dir='ltr'>discordiae</span> <span class='ocrx_word' id='word_1_392' title='bbox 1346 4417 1544 4478; x_wconf 89' lang='lat' dir='ltr'>usque</span> <span class='ocrx_word' id='word_1_393' title='bbox 1591 4398 1668 4458; x_wconf 91' lang='lat' dir='ltr'>ad</span> <span class='ocrx_word' id='word_1_394' title='bbox 1716 4397 2082 4459; x_wconf 88' lang='lat' dir='ltr'>hodiernam</span> <span class='ocrx_word' id='word_1_395' title='bbox 2129 4397 2292 4458; x_wconf 89' lang='lat' dir='ltr'>diem</span> <span class='ocrx_word' id='word_1_396' title='bbox 2340 4397 2464 4458; x_wconf 88' lang='lat' dir='ltr'>sive</span> <span class='ocrx_word' id='word_1_397' title='bbox 2506 4413 2781 4479; x_wconf 89' lang='lat' dir='ltr'>ternpore</span> <span class='ocrx_word' id='word_1_398' title='bbox 2815 4398 2997 4480; x_wconf 89' lang='lat' dir='ltr'>patris</span> <span class='ocrx_word' id='word_1_399' title='bbox 3043 4397 3164 4459; x_wconf 91' lang='lat' dir='ltr'>mei</span> <span class='ocrx_word' id='word_1_400' title='bbox 3212 4396 3332 4457; x_wconf 84' lang='lat' dir='ltr'>sive</span> 
     </span>
     <span class='ocr_line' id='line_1_43' title="bbox 729 4503 3332 4587; baseline -0.001 -21"><span class='ocrx_word' id='word_1_401' title='bbox 729 4505 911 4566; x_wconf 88' lang='lat' dir='ltr'>etiam</span> <span class='ocrx_word' id='word_1_402' title='bbox 948 4522 1090 4567; x_wconf 87' lang='lat' dir='ltr'>meo</span> <span class='ocrx_word' id='word_1_403' title='bbox 1123 4505 1319 4587; x_wconf 87' lang='lat' dir='ltr'>ablata</span> <span class='ocrx_word' id='word_1_404' title='bbox 1352 4520 1510 4580; x_wconf 90' lang='lat' dir='ltr'>sunt,</span> <span class='ocrx_word' id='word_1_405' title='bbox 1545 4524 1701 4584; x_wconf 89' lang='lat' dir='ltr'>quae</span> <span class='ocrx_word' id='word_1_406' title='bbox 1735 4505 1956 4578; x_wconf 78' lang='lat' dir='ltr'>habeo,</span> <span class='ocrx_word' id='word_1_407' title='bbox 1987 4504 2184 4566; x_wconf 88' lang='lat' dir='ltr'>eidem</span> <span class='ocrx_word' id='word_1_408' title='bbox 2219 4521 2456 4566; x_wconf 88' lang='lat' dir='ltr'>sanctae</span> <span class='ocrx_word' id='word_1_409' title='bbox 2480 4506 2796 4567; x_wconf 88' lang='lat' dir='ltr'>Romanae</span> <span class='ocrx_word' id='word_1_410' title='bbox 2826 4505 3148 4567; x_wconf 89' lang='lat' dir='ltr'>aecclesiae</span> <span class='ocrx_word' id='word_1_411' title='bbox 3170 4503 3332 4565; x_wconf 88' lang='lat' dir='ltr'>resti-</span> 
     </span>
     <span class='ocr_line' id='line_1_44' title="bbox 728 4611 3333 4693; baseline -0.002 -20"><span class='ocrx_word' id='word_1_412' title='bbox 728 4628 856 4682; x_wconf 79' lang='lat' dir='ltr'>tuo,</span> <span class='ocrx_word' id='word_1_413' title='bbox 891 4632 1012 4693; x_wconf 90' lang='lat' dir='ltr'>que</span> <span class='ocrx_word' id='word_1_414' title='bbox 1044 4625 1249 4673; x_wconf 87' lang='lat' dir='ltr'>autem</span> <span class='ocrx_word' id='word_1_415' title='bbox 1284 4632 1410 4675; x_wconf 91' lang='lat' dir='ltr'>non</span> <span class='ocrx_word' id='word_1_416' title='bbox 1447 4613 1665 4689; x_wconf 88' lang='lat' dir='ltr'>habe0‚</span> <span class='ocrx_word' id='word_1_417' title='bbox 1704 4629 1769 4674; x_wconf 93' lang='lat' dir='ltr'>ut</span> <span class='ocrx_word' id='word_1_418' title='bbox 1799 4612 2197 4674; x_wconf 88' lang='lat' dir='ltr'>restituantur</span> <span class='ocrx_word' id='word_1_419' title='bbox 2229 4612 2486 4674; x_wconf 90' lang='lat' dir='ltr'>fideliter</span> <span class='ocrx_word' id='word_1_420' title='bbox 2518 4613 2759 4675; x_wconf 85' lang='lat' dir='ltr'>iuvabo.</span> <span class='ocrx_word' id='word_1_421' title='bbox 2795 4611 2875 4693; x_wconf 88' lang='lat'>[3]</span> <span class='ocrx_word' id='word_1_422' title='bbox 2914 4612 3333 4674; x_wconf 82' lang='lat' dir='ltr'>Possessiones</span> 
     </span>
     <span class='ocr_line' id='line_1_45' title="bbox 729 4719 3333 4802; baseline -0.002 -20"><span class='ocrx_word' id='word_1_423' title='bbox 729 4721 911 4782; x_wconf 89' lang='lat' dir='ltr'>etiam</span> <span class='ocrx_word' id='word_1_424' title='bbox 942 4719 1198 4781; x_wconf 89' lang='lat' dir='ltr'>aliarum</span> <span class='ocrx_word' id='word_1_425' title='bbox 1230 4719 1520 4781; x_wconf 89' lang='lat' dir='ltr'>omnium</span> <span class='ocrx_word' id='word_1_426' title='bbox 1550 4720 1984 4781; x_wconf 89' lang='lat' dir='ltr'>aecclesiarum</span> <span class='ocrx_word' id='word_1_427' title='bbox 2004 4736 2061 4781; x_wconf 89' lang='lat' dir='ltr'>et</span> <span class='ocrx_word' id='word_1_428' title='bbox 2083 4721 2432 4802; x_wconf 88' lang='lat' dir='ltr'>principum</span> <span class='ocrx_word' id='word_1_429' title='bbox 2455 4735 2512 4781; x_wconf 91' lang='lat' dir='ltr'>et</span> <span class='ocrx_word' id='word_1_430' title='bbox 2545 4720 2805 4782; x_wconf 89' lang='lat' dir='ltr'>aliorum</span> <span class='ocrx_word' id='word_1_431' title='bbox 2829 4736 2953 4780; x_wconf 90' lang='lat' dir='ltr'>tam</span> <span class='ocrx_word' id='word_1_432' title='bbox 2973 4719 3333 4781; x_wconf 85' lang='lat' dir='ltr'>clericorum</span> 
     </span>
     <span class='ocr_line' id='line_1_46' title="bbox 730 4823 3331 4907; baseline -0.002 -20"><span class='ocrx_word' id='word_1_433' title='bbox 730 4846 916 4907; x_wconf 88' lang='lat' dir='ltr'>quam</span> <span class='ocrx_word' id='word_1_434' title='bbox 968 4826 1284 4901; x_wconf 85' lang='lat' dir='ltr'>laicorum,</span> <span class='ocrx_word' id='word_1_435' title='bbox 1335 4846 1494 4906; x_wconf 89' lang='lat' dir='ltr'>quae</span> <span class='ocrx_word' id='word_1_436' title='bbox 1538 4826 1602 4887; x_wconf 92' lang='lat' dir='ltr'>in</span> <span class='ocrx_word' id='word_1_437' title='bbox 1651 4846 1846 4888; x_wconf 89' lang='lat' dir='ltr'>werra</span> <span class='ocrx_word' id='word_1_438' title='bbox 1892 4828 2000 4887; x_wconf 90' lang='lat' dir='ltr'>ista</span> <span class='ocrx_word' id='word_1_439' title='bbox 2046 4826 2302 4888; x_wconf 91' lang='lat' dir='ltr'>amissae</span> <span class='ocrx_word' id='word_1_440' title='bbox 2348 4842 2507 4901; x_wconf 86' lang='lat' dir='ltr'>sunt,</span> <span class='ocrx_word' id='word_1_441' title='bbox 2553 4826 2812 4891; x_wconf 89' lang='lat' dir='ltr'>consilio</span> <span class='ocrx_word' id='word_1_442' title='bbox 2860 4827 3208 4907; x_wconf 90' lang='lat' dir='ltr'>principum</span> <span class='ocrx_word' id='word_1_443' title='bbox 3238 4823 3331 4885; x_wconf 83' lang='lat' dir='ltr'>vel</span> 
     </span>
     <span class='ocr_line' id='line_1_47' title="bbox 728 4931 3331 5015; baseline -0.002 -19"><span class='ocrx_word' id='word_1_444' title='bbox 728 4935 978 5013; x_wconf 87' lang='lat' dir='ltr'>iusticia,</span> <span class='ocrx_word' id='word_1_445' title='bbox 1031 4956 1190 5015; x_wconf 88' lang='lat' dir='ltr'>quae</span> <span class='ocrx_word' id='word_1_446' title='bbox 1236 4937 1455 5011; x_wconf 88' lang='lat' dir='ltr'>habeo,</span> <span class='ocrx_word' id='word_1_447' title='bbox 1504 4936 1777 5012; x_wconf 87' lang='lat' dir='ltr'>reddam,</span> <span class='ocrx_word' id='word_1_448' title='bbox 1825 4955 1985 5015; x_wconf 90' lang='lat' dir='ltr'>quae</span> <span class='ocrx_word' id='word_1_449' title='bbox 2032 4954 2162 4996; x_wconf 88' lang='lat' dir='ltr'>non</span> <span class='ocrx_word' id='word_1_450' title='bbox 2210 4935 2430 5012; x_wconf 78' lang='lat' dir='ltr'>habeo,</span> <span class='ocrx_word' id='word_1_451' title='bbox 2473 4951 2538 4995; x_wconf 94' lang='lat' dir='ltr'>ut</span> <span class='ocrx_word' id='word_1_452' title='bbox 2585 4936 2924 4997; x_wconf 90' lang='lat' dir='ltr'>reddantur</span> <span class='ocrx_word' id='word_1_453' title='bbox 2956 4932 3208 4994; x_wconf 87' lang='lat' dir='ltr'>fideliter</span> <span class='ocrx_word' id='word_1_454' title='bbox 3239 4931 3331 4992; x_wconf 89' lang='lat' dir='ltr'>iu-</span> 
     </span>
    </p>
   </div>
  </div>
 </body>
</html>
