3684 5416
353 1553 400 1584 10

353 2106 398 2149 ¹5

352 2642 403 2673 20

350 3177 400 3220 25

354 3708 406 3751 30

354 4260 403 4303 35

1326 350 1574 406 Ordines
1613 363 1670 405 et
1708 350 2210 421 congregationes.
2961 355 3067 427 657

455 552 721 612 quarum
754 533 943 594 Sedes
976 533 1329 614 Apostolica
1377 533 1471 593 vel
1504 533 1669 612 leges
1703 536 2063 612 recognovit
2094 537 2189 597 vel
2223 536 2572 598 institutum
2609 539 3067 599 commendavit

454 654 560 699 aut
592 640 969 720 approbavit.

666 745 870 828 Caput
905 746 1177 827 primum
1212 747 1361 807 haec
1396 749 1578 808 habet
1609 749 1943 810 servanda:

668 870 703 930 1.
756 870 1043 951 Episcopi
1081 885 1169 930 est
1201 871 1543 949 quamlibet
1575 890 1784 932 recens
1819 888 2022 932 natam
2057 873 2440 934 sodalitatem
2466 893 2593 934 non
2618 875 2787 954 prius
2809 874 2871 934 in
2893 875 3066 935 dioe-

457 976 642 1041 cesim
677 979 963 1059 recipere,
999 998 1190 1058 quam
1224 979 1390 1057 leges
1423 978 1554 1039 eius
1588 978 2184 1060 constitutionesque
2219 982 2504 1061 cognorit
2537 982 2808 1063 itemque
2844 985 3065 1062 proba-

453 1084 557 1145 rit:
609 1084 658 1145 si
708 1085 983 1146 videlicet
1029 1106 1235 1166 neque
1284 1086 1427 1146 fidei
1463 1087 1840 1148 honestative
1874 1107 2142 1162 morum,
2178 1108 2382 1169 neque
2414 1088 2597 1150 sacris
2629 1090 2974 1150 canonibus
3008 1104 3066 1149 et

455 1191 827 1252 Pontificum
860 1193 1115 1254 decretis
1148 1193 1562 1270 adversentur,
1595 1209 1652 1255 et
1683 1194 1732 1255 si
1768 1209 1906 1275 apte
1940 1210 2167 1255 statuto
2203 1194 2311 1255 fini
2344 1197 2733 1256 conveniant.

666 1316 732 1377 11.
783 1317 1026 1378 Domus
1060 1316 1229 1378 nulla
1266 1336 1569 1379 novarum
1605 1318 1998 1379 sodalitatum
2035 1319 2198 1378 iusto
2232 1318 2365 1380 iure
2398 1319 2776 1396 fundabitur,
2811 1321 2925 1381 nisi
2948 1341 3059 1381 an-

456 1439 681 1483 nuente
716 1426 1012 1504 probante
1060 1425 1385 1507 Episcopo.
1450 1425 1800 1506 Episcopus
1832 1445 1979 1486 vero
2015 1425 2317 1487 fundandi
2350 1427 2592 1488 veniam
2631 1448 2707 1488 ne
2742 1428 3064 1508 impertiat,

456 1529 570 1590 nisi
604 1529 1002 1610 inquisitione
1036 1531 1357 1610 diligenter
1388 1548 1516 1592 acta
1550 1532 1764 1611 quales
1796 1532 1918 1593 sint
1950 1533 2057 1612 qui
2093 1533 2152 1593 id
2187 1549 2473 1614 poscant:
2524 1554 2601 1594 an
2651 1551 2807 1595 recte
2841 1537 3065 1616 probe-

455 1656 578 1716 que
629 1637 908 1715 sentiant,
960 1657 1040 1698 an
1088 1638 1408 1720 prudentia
1458 1639 1731 1719 praediti,
1780 1660 1857 1701 an
1904 1640 2112 1701 studio
2144 1639 2385 1700 divinae
2419 1641 2669 1719 gloriae,
2705 1661 2977 1722 suaeque
3009 1657 3068 1702 et

455 1744 688 1804 alienae
722 1744 932 1806 salutis
966 1746 1290 1826 praecipue
1325 1746 1512 1808 ducti.

668 1865 759 1927 111.
809 1866 1113 1949 Episcopi,
1145 1869 1352 1948 quoad
1387 1868 1513 1929 fieri
1548 1869 1759 1951 possit,
1797 1868 2005 1950 potius
2036 1889 2227 1949 quam
2263 1887 2490 1930 novam
2525 1870 2589 1931 in
2609 1870 2820 1951 aliquo
2839 1890 3065 1950 genere

456 1975 840 2036 sodalitatem
891 1977 1162 2036 condant
1211 1975 1305 2037 vel
1357 1979 1697 2059 approbent
1748 1976 1958 2038 utilius
2008 1996 2200 2038 unam
2249 1977 2585 2065 quamdam
2619 1979 2957 2039 adsciscent
2989 1979 3066 2039 de

457 2081 576 2141 iam
610 2082 977 2163 approbatis,
1012 2102 1170 2162 quae
1203 2083 1457 2145 actionis
1477 2084 1831 2145 institutum
1852 2084 2211 2166 profiteatur
2231 2083 2526 2161 adsimile.
2564 2118 2649 2127 --
2682 2084 2898 2144 Nullae
2923 2084 3064 2159 fere,

457 2190 520 2249 ni
572 2189 724 2250 sorte
777 2191 838 2251 in
873 2191 1248 2251 Missionum
1298 2192 1674 2272 regionibus,
1726 2196 2074 2273 probentur
2105 2192 2473 2267 sodalitates,
2509 2210 2687 2271 quae,
2724 2207 2889 2251 certo
2923 2211 3065 2271 pro-

455 2298 713 2378 prioque
732 2296 852 2357 fine
873 2316 1001 2358 nou
1024 2297 1403 2378 praestitum,
1420 2299 1672 2379 quaevis
1692 2300 2010 2360 universae
2039 2299 2275 2379 pietatis
2294 2318 2363 2359 ac
2384 2297 2839 2359 beneficientiae
2862 2316 3069 2378 opera,

455 2404 687 2465 etiamsi
725 2404 969 2484 penitus
1001 2403 1156 2464 inter
1185 2424 1250 2465 se
1284 2405 1603 2483 disiuncta,
1637 2406 1970 2467 exercenda
2004 2405 2467 2486 amplectantur.

674 2510 960 2592 Episcopi
1005 2510 1387 2572 sodalitatem
1436 2513 1617 2573 condi
1670 2514 1861 2573 ullam
1895 2533 1972 2573 ne
2004 2512 2281 2589 sinerint,
2317 2531 2476 2592 quae
2510 2512 2844 2572 redditibus
2876 2526 3069 2571 careat

457 2618 531 2678 ad
577 2617 885 2678 sodalium
934 2618 1164 2678 victum
1215 2619 1589 2679 necessariis.
1638 2654 1724 2661 —-
1772 2618 2084 2696 Sodalitia,
2119 2639 2278 2699 quae
2313 2620 2466 2699 stipe
2500 2618 2796 2679 collaticia
2831 2618 3064 2691 vivan13

457 2725 600 2786 item
655 2726 985 2785 muliebres
1038 2725 1313 2800 familias,
1360 2746 1519 2807 quae
1566 2726 1849 2803 aegrotiS,
1899 2727 2069 2787 domi
2118 2726 2415 2807 ipsorum,
2449 2725 2714 2789 interdiu
2751 2743 3065 2806 noctuque

458 2831 678 2905 adsint,
729 2830 1092 2907 cautissime,
1140 2831 1293 2910 quin
1340 2831 1522 2892 etiam
1571 2829 1902 2892 difficulter
1946 2834 2370 2913 comprobent.
2421 2865 2508 2874 —-
2558 2832 2620 2892 Si
2669 2851 2827 2912 quae
2861 2847 3067 2892 autem

458 2956 617 2997 nova
652 2936 1025 2998 feminarum
1056 2937 1343 2997 sodalitas
1376 2957 1452 2998 eo
1484 2953 1712 3018 spectet
1748 2954 1813 2999 ut
1845 2939 1972 2999 suis
2005 2939 2067 2999 in
2098 2939 2351 2999 aedibus
2385 2939 2822 3000 valetudinaria
2841 2939 3067 3019 aperiat

457 3044 601 3104 viris
634 3030 1002 3125 >promiscue
1050 3042 1491 3105 mulieribusve
1544 3044 1949 3125 excipiendis;
2013 3046 2108 3107 vel
2160 3046 2390 3107 similes
2442 3048 2666 3107 domos
2700 3046 3070 3127 excipiendis

456 3152 895 3228 sacerdotibuS,
930 3152 1037 3232 qui
1060 3151 1361 3212 Sororum
1398 3171 1541 3212 cura
1573 3167 1758 3232 atque
1788 3171 1974 3232 opera
1996 3167 2382 3231 aegrotantes
2402 3151 2714 3228 leventur3
2766 3152 3071 3213 eiusmodi

458 3256 769 3336 proposita
806 3257 1090 3338 Episcopi
1126 3276 1204 3318 ne
1236 3260 1519 3338 probent,
1553 3257 1671 3317 nisi
1706 3273 1950 3319 maturo
1983 3257 2256 3319 adhibito
2289 3277 2629 3339 severoque
2664 3258 2938 3322 consili0.
2992 3293 3062 3302 —

460 3364 771 3423 Praeterea
805 3364 1092 3445 Episcopi
1139 3363 1564 3443 religiosarum
1611 3364 1861 3440 domuS,
1914 3364 2015 3424 ubi
2065 3365 2205 3425 viris
2253 3364 2570 3425 feminisve
2604 3384 2854 3445 peregre
2887 3365 3069 3426 adve-

462 3466 769 3526 nientibus
803 3469 1138 3548 hospitium
1173 3470 1490 3549 victusque
1522 3484 1770 3550 accepto
1802 3468 2000 3549 pretio
2035 3470 2478 3551 suppeditetur,
2512 3491 2912 3551 nequaquam
2934 3491 3070 3552 per-

464 3572 722 3634 mittant.

673 3682 774 3743 lv.
824 3681 1123 3743 Sodalitas
1157 3684 1411 3763 quaevis
1445 3684 1808 3744 dioecesana
1842 3685 1917 3744 ad
1953 3684 2267 3744 dioeceses
2299 3683 2443 3743 alias
2478 3703 2552 3743 ne
2575 3685 3069 3764 transgrediatur,

462 3787 577 3848 nisi
625 3789 1049 3850 consentiente
1100 3807 1367 3871 utroque
1417 3790 1744 3872 Episcop0,
1798 3805 1931 3852 tum
1967 3789 2086 3850 loci
2120 3789 2285 3851 unde
2319 3792 2586 3867 excedat,
2618 3806 2754 3851 tum
2787 3791 2905 3852 loci
2940 3808 3070 3872 quo

459 3894 601 3954 velit
634 3897 1059 3975 commigrare.

675 4021 747 4081 V.
795 4021 1195 4082 Sodalitatem
1242 4022 1675 4084 dioecesanam
1720 4024 1768 4084 si
1819 4025 1896 4085 ad
1945 4024 2256 4085 dioeceses
2289 4023 2433 4084 alias
2467 4024 2788 4104 propagari
2820 4025 3070 4097 accidat,

462 4129 617 4188 nihil
650 4129 726 4188 de
760 4128 954 4208 ipsius
986 4145 1201 4189 natura
1235 4145 1293 4189 et
1326 4129 1566 4208 legibus
1601 4130 1820 4190 mutari
1853 4130 2047 4206 liceat,
2068 4131 2183 4190 nisi
2204 4130 2595 4208 singulorum
2619 4131 3070 4210 Episcoporum

462 4253 792 4312 consensu,
829 4254 1103 4315 quorum
1137 4235 1199 4295 in
1233 4236 1624 4297 dioecesibus
1658 4238 1836 4297 aedes
1872 4239 2104 4298 habeat.

675 4360 774 4421 Vl.
836 4360 1041 4421 Semel
1088 4362 1460 4441 approbatae
1508 4362 1857 4422 sodalitates
1904 4381 1980 4422 ne
2028 4361 2479 4440 extinguantur,
2527 4361 2640 4421 nisi
2677 4361 2964 4440 gravibus
2996 4362 3072 4422 de

463 4467 678 4544 causis,
716 4482 773 4527 et
807 4468 1333 4529 consentientibus
1369 4469 1708 4550 EpiscopiS,
1745 4488 2020 4549 quorum
2054 4470 2120 4529 in
2154 4469 2387 4529 ditione
2424 4467 2667 4528 suerint.
2722 4467 3074 4547 Singulares

459 4589 665 4633 tamen
702 4574 929 4635 domos
963 4575 1302 4655 EpiscopiS,
1335 4575 1397 4636 in
1431 4597 1541 4637 sua
1575 4576 1800 4656 cuique
1836 4577 2122 4648 dioecesi,
2157 4575 2367 4636 tollere
2406 4576 2490 4635 fas
2524 4590 2630 4636 est.

678 4700 801 4762 VII.
844 4701 935 4760 De
970 4700 1187 4781 puellis
1222 4700 1497 4760 habitum
1532 4700 1893 4779 religiosum
1930 4701 2296 4781 petentibuS,
2329 4701 2471 4762 item
2506 4703 2581 4761 de
2616 4701 2684 4761 iis
2716 4720 2894 4781 quae,
2929 4720 3073 4780 pro-

464 4805 712 4867 batione
745 4807 998 4888 expleta,
1033 4807 1363 4867 emissurae
1398 4807 1519 4867 sint
1551 4823 1710 4883 vota,
1750 4807 2089 4888 Episcopus
2121 4807 2478 4885 singulatim
2500 4808 2720 4868 certior
2740 4807 2873 4876 fiat:
2910 4807 3071 4867 eius-

468 4914 610 4974 dem
646 4915 757 4982 erit
790 4914 919 4976 illas
954 4930 1010 4975 et
1044 4914 1118 4973 de
1153 4932 1324 4973 more
1358 4913 1672 4993 explorare
1707 4930 1784 4992 et,
1821 4915 1974 4974 nihil
2007 4915 2054 4974 si
2089 4918 2308 4992 obstet,
2340 4915 2676 4977 admittere.

570 5034 609 5075 G
626 5046 650 5075 a
668 5035 679 5076 l
695 5046 719 5075 a
737 5046 765 5075 n
783 5041 800 5076 t
816 5046 866 5077 e:
916 5035 1080 5077 Fontes
1110 5033 1189 5084 jur.
1219 5045 1315 5075 can.
2753 5036 2820 5085 42
