3684 5416
494 1474 540 1503 ¹0

495 2012 539 2054 ¹5

499 3615 551 3656 ¹30

591 300 624 354 8
1552 299 1804 354 Ecclesia
1832 299 2244 371 antiquissima.

594 482 632 560 ἡ
681 480 856 555 δόξα
901 481 1013 543 καὶ
1060 482 1099 560 ἡ
1147 480 1429 564 δύναμις
1477 481 1592 545 διὰ
1642 482 1869 560 Ἰησοῦ
1927 484 2186 560 actione,
2220 483 2337 544 nisi
2371 484 2478 564 qui
2511 483 2795 565 baptizati
2826 498 2968 544 sunt
3001 482 3063 544 in
3085 503 3200 544 uo-

595 589 897 667 Χριστοῦ
919 590 1015 666 εἰς
1036 587 1197 666 τοὺς
1218 591 1489 666 αἰῶνας.
1534 614 1586 672 5.
1610 587 1872 668 Μηδεὶς
1929 591 2093 651 mine
2142 591 2308 663 lesu;
2363 591 2439 652 de
2472 592 2593 652 hoc
2626 590 2861 651 etenim
2893 590 3044 651 dixit
3072 590 3202 650 Do-

594 693 675 756 δὲ
707 695 979 776 φαγέτω
1014 695 1183 778 μηδὲ
1216 698 1412 759 :tu-irco
1446 696 1582 760 ἀπὸ
1616 699 1735 776 τῆς
1770 696 1869 758 εὐ·
1931 699 2168 759 minus:
2204 700 2295 760 Ne
2327 700 2466 759 date
2496 705 2774 759 sanctum
2809 698 3082 760 canibus.

590 802 940 881 χαριστίας
972 803 1172 885 ὑμῶν,
1205 805 1348 866 ἀλλ’
1384 805 1445 865 oi
1484 804 1869 889 βαπτισθέν-

593 930 705 987 τες
739 912 835 987 εἰς
870 909 1090 993 ὄνομα
1120 910 1393 989 κυρίου·
1428 911 1540 973 καὶ
1562 912 1699 990 γὰρ
1719 911 1869 989 περὶ

593 1017 835 1079 τούτου
871 1017 1142 1097 εἴρηκεν
1173 1019 1214 1081 ὁ
1246 1018 1512 1096 κύριος·
1552 1018 1662 1097 Μὴ
1697 1017 1872 1081 δῶτε

592 1124 668 1186 τὸ
705 1126 901 1203 ἅγιον
933 1130 1074 1201 τοῖς
1103 1125 1278 1187 κυσί.

681 1236 755 1295 X.
779 1233 971 1294 Μετὰ
987 1231 1067 1294 δὲ
1084 1231 1159 1294 τὸ
1179 1234 1637 1314 ἐμπλησθῆναι
1654 1232 1873 1310 οὕτως

2019 1235 2093 1297 X.
2143 1236 2475 1315 Postquam
2525 1251 2732 1295 autern
2779 1232 3011 1314 impleti
3046 1233 3206 1303 estis»,

597 1339 1163 1419 εὐχαριστήσατε·
1230 1364 1285 1404 2.
1324 1341 1875 1421 Εὐχαριστοῦμέν
1929 1343 2016 1403 sic
2047 1342 2264 1420 gratias
2312 1340 2501 1420 agite:
2570 1361 2624 1402 2.
2672 1340 2907 1403 Gratias
2938 1341 3045 1402 tibi
3079 1342 3207 1421 agi-

595 1462 725 1518 σοι,
777 1447 989 1525 πάτερ
1041 1449 1211 1524 ἅγιε,
1267 1446 1435 1525 ὑπὲρ
1487 1449 1608 1509 τοῦ
1673 1446 1874 1526 ἁγίου
1936 1469 2093 1525 mm,
2127 1464 2297 1532 pater
2327 1464 2549 1525 sancte,
2584 1467 2694 1529 pro
2715 1465 2929 1509 sancto
2949 1447 3206 1509 nomine

594 1552 933 1636 ὀνόματός
966 1569 1116 1628 σου,
1149 1552 1233 1616 οὑ
1252 1554 1781 1633 κατεσκήνωσας
1803 1556 1878 1616 ἐν
1932 1573 2063 1634 ιιιο,
2112 1556 2283 1635 quod
2332 1555 2520 1616 fecisti
2558 1570 2622 1616 ut
2656 1554 2886 1615 habitet
2915 1554 2979 1616 in
3008 1555 3208 1616 cordi-

594 1665 741 1738 ταῖς
783 1660 1100 1738 καρδίαις
1146 1662 1346 1742 ἡμῶν,
1394 1662 1505 1723 καὶ
1555 1660 1724 1740 ὑπὲρ
1758 1665 1879 1739 τῆς

596 1766 918 1845 γνώσεως
964 1768 1075 1829 καὶ
1124 1769 1410 1846 πίστεως
1456 1768 1569 1831 καὶ
1624 1770 1876 1831 ἀθανα-

596 1874 771 1952 σίας,
808 1872 887 1952 ἧς
920 1872 1299 1952 ἐγνώρισας
1332 1876 1481 1956 ἡμῖν
1514 1873 1628 1937 διὰ
1649 1877 1876 1953 Ἰησοῦ

595 1983 717 2044 τοῦ
737 1980 982 2058 παιδός
1012 1998 1171 2043 σου·
1207 1982 1315 2043 σοὶ
1338 1983 1376 2059 ἡ
1401 1981 1578 2056 δόξα
1599 1985 1696 2060 εἰς
1716 1980 1878 2060 τοὺς

599 2088 870 2167 αἰῶνας.
914 2113 967 2172 3.
1005 2088 1132 2161 Σύ,
1168 2089 1470 2152 δέσποτα
1502 2091 1875 2167 παντοκρά-

599 2217 745 2274 τορ,
795 2194 1067 2273 ἔκτισας
1115 2197 1197 2259 τὰ
1231 2198 1453 2259 πάντα
1486 2197 1721 2259 ἕνεκεν
1755 2200 1877 2259 τοῦ

598 2303 939 2384 ὀνόματός
971 2318 1121 2377 σου,
1157 2303 1415 2385 τροφήν
1443 2325 1516 2366 τε
1535 2304 1647 2366 καὶ
1668 2303 1878 2367 ποτὸν

602 2409 869 2487 ἔδωκας
894 2414 1034 2487 τοῖς
1056 2408 1443 2488 ἀνθρώποις
1465 2411 1562 2488 εἰς
1584 2410 1877 2473 ἀπόλαυ-

600 2533 724 2591 σιν,
772 2518 888 2579 ἵνα
933 2533 1042 2580 σοι
1090 2517 1688 2596 εὐχαριστήσωσιν,
1730 2517 1879 2598 ἡμῖν

600 2622 680 2685 δὲ
702 2622 997 2701 ἐχαρίσω
1017 2623 1466 2706 πνευματικὴν
1486 2623 1745 2705 τροφὴν
1764 2623 1877 2685 καὶ

599 2730 809 2794 ποτὸν
856 2731 966 2792 καὶ
1018 2731 1197 2808 ζωὴν
1247 2730 1518 2793 αἰώνιον
1580 2731 1695 2793 διὰ
1758 2735 1878 2794 τοῦ

602 2837 845 2914 παιδός
879 2853 1027 2900 σου.
1059 2863 1120 2920 4.
1146 2839 1302 2916 Πρὸ
1324 2840 1588 2900 πάντων
1622 2841 1879 2917 εὐχαρι-

604 2946 892 3025 στοῦμέν
926 2961 1056 3019 σοι,
1090 2945 1189 3007 ὅτι
1224 2945 1520 3022 δυνατὸς
1553 2945 1641 3007 εἷ·
1694 2946 1803 3007 σοὶ
1837 2947 1877 3024 ἡ

527 3079 543 3108 a
604 3051 779 3125 δόξα
813 3054 908 3129 εἰς
928 3049 1089 3128 τοὺς
1110 3053 1383 3130 αἰῶνας.
1427 3078 1480 3135 5.
1506 3052 1879 3131 Μνήσθητι,

600 3159 811 3237 κύριε,
865 3163 984 3239 τῆς
1041 3159 1404 3237 ἐκκλησίας
1451 3176 1581 3221 σου
1617 3162 1739 3222 τοῦ
1772 3159 1881 3238 ῥύ-

604 3268 861 3328 σασθαι
894 3265 1104 3346 αὐτὴν
1138 3266 1273 3328 ἀπὸ
1304 3265 1557 3343 παντὸς
1578 3269 1882 3344 πονηροῦ

602 3373 714 3436 καὶ
766 3374 1113 3435 τελειῶσαι
1166 3371 1375 3451 αὐτὴν
1421 3375 1494 3435 ἐν
1539 3375 1613 3453 τῇ
1651 3375 1882 3453 ἀγάπῃ

606 3497 756 3554 σου,
804 3480 916 3541 καὶ
969 3477 1266 3552 σύναξον
1316 3478 1525 3558 αὐτὴν
1571 3478 1706 3542 ἀπὸ
1754 3481 1884 3541 τῶν

607 3589 964 3666 τεσσάρων
983 3587 1248 3669 ἀνέμων
1268 3585 1386 3665 τὴν
1407 3588 1880 3665 ἁγιασθεῐσαν,

608 3697 703 3772 εἰς
724 3694 841 3774 τὴν
861 3693 989 3773 σὴν
1014 3692 1382 3776 βασιλείαν,
1405 3692 1487 3772 ἣν
1508 3694 1883 3776 ἡτοίμασας

608 3803 808 3881 αὐτῇ·
852 3802 950 3862 ὅτι
985 3801 1116 3862 σοῦ
1150 3802 1330 3861 ἐστιν
1363 3800 1402 3878 ἡ
1436 3798 1737 3880 δύναμις,
1770 3800 1882 3862 καὶ

607 3909 645 3985 ἡ
682 3906 857 3980 δόξα
889 3908 985 3983 εἰς
1016 3905 1178 3983 τοὺς
1198 3908 1470 3984 αἰῶνας.
1509 3912 1564 3971 6.
1592 3908 1885 3969 Ἐλθέτω

608 4014 801 4092 χάρις
838 4012 948 4074 καὶ
984 4014 1377 4091 παρελθέτω
1412 4014 1451 4075 ὁ
1483 4014 1747 4097 κόσμος
1778 4013 1885 4076 οὗ·

503 4150 550 4190 ἰῇ
609 4141 746 4198 τος.
810 4117 1114 4182 Ὡσαννὰ
1178 4121 1265 4200 τῶ
1329 4121 1448 4201 υἱῶ
1497 4120 1738 4204 Δαβίδ.
1806 4120 1888 4182 Εἴ

609 4247 705 4304 τις
736 4226 932 4304 ἅγιός
954 4229 1152 4300 ἐστιν,
1190 4227 1524 4306 ἐρχέσθω·
1565 4227 1624 4289 εἴ
1643 4248 1740 4304 τις
1761 4230 1888 4290 οὐκ

610 4333 769 4407 ἔστι,
794 4332 1214 4414 μετανοείτω·
1252 4334 1478 4415 μαρὰν
1501 4335 1668 4395 ἀθά·
1698 4333 1889 4414 ἀμήν.

611 4466 667 4513 7.
689 4440 855 4516 Τοῖς
884 4439 965 4502 δὲ
993 4441 1369 4522 προφήταις
1390 4441 1772 4518 ἐπιτρέπετε
1793 4442 1891 4503 εὐ-

612 4552 970 4627 χαριστεῖν,
1006 4548 1145 4610 ὅσα
1175 4549 1513 4610 θέλουσιν.

703 4660 799 4720 XI.
860 4654 991 4733 ’Ὸς
1053 4658 1138 4717 ἂν
1198 4655 1321 4716 οὖν
1373 4654 1590 4716 ἐλθὼν
1649 4653 1892 4736 διδάξῃ

1935 1666 2050 1724 bus
2096 1661 2340 1739 nostris,
2387 1678 2446 1722 et
2477 1679 2592 1743 pro
2623 1661 2875 1723 scientia
2908 1679 2966 1722 et
3000 1662 3121 1723 fide
3154 1677 3212 1723 et

1936 1769 2403 1845 immortalitate,
2463 1787 2652 1849 quam
2706 1769 2982 1830 indicasti
3031 1769 3211 1831 nobis

1936 1896 2042 1957 per
2074 1876 2275 1937 lesum
2311 1895 2573 1956 puerum
2609 1892 2822 1949 tuum;
2876 1877 3072 1954 gloria
3102 1876 3210 1937 tibi

1935 1983 1998 2044 in
2032 1983 2291 2045 saecula.
2359 2004 2412 2062 3.
2459 1982 2581 2052 Tu,
2616 1983 2887 2044 Domine
2920 1984 3212 2065 omnipo-

1935 2107 2091 2166 tem,
2142 2092 2374 2150 creasti
2420 2094 2625 2151 omnia
2677 2105 2925 2173 propter
2975 2108 3210 2151 nornen

1935 2214 2133 2272 tuum,
2168 2213 2225 2256 et
2255 2197 2460 2257 cibum
2488 2214 2832 2278 potumque
2855 2196 3074 2258 dedisti
3097 2200 3212 2258 ho-

1937 2304 2210 2363 rninibus
2240 2304 2317 2364 ad
2353 2302 2703 2379 fruendum,
2752 2319 2819 2365 ut
2851 2302 2960 2364 tibi
2992 2304 3214 2382 gratias

1935 2426 2135 2489 agant,
2186 2409 2367 2471 nobis
2413 2425 2621 2471 autem
2652 2410 2905 2489 largitus
2937 2431 3001 2471 es
3033 2410 3212 2491 spiri-

1934 2517 2161 2578 tualem
2184 2516 2393 2577 cibum
2415 2531 2475 2578 et
2495 2533 2715 2597 potum
2734 2533 2794 2577 et
2813 2517 2999 2578 vitam
3020 2534 3211 2578 aeter-

1936 2643 2079 2685 nam
2115 2644 2220 2704 per
2254 2642 2520 2704 puerum
2554 2640 2750 2686 tuum.
2783 2646 2843 2704 4.
2881 2631 3040 2686 Ante
3074 2644 3211 2687 om·-

1937 2733 2036 2793 nia
2075 2732 2296 2812 gratias
2329 2732 2437 2793 tibi
2471 2733 2733 2811 agnum,
2784 2734 2955 2812 quod
2991 2750 3215 2813 potens

1937 2860 2032 2914 es;
2086 2839 2280 2919 gloria
2328 2838 2434 2899 tibi
2468 2840 2532 2900 in
2565 2839 2821 2900 saecula.
2892 2860 2944 2918 5.
2982 2835 3213 2902 Recor-

1937 2947 2101 3023 dare,
2137 2946 2428 3020 Domine,
2465 2945 2752 3006 ecclesiae
2785 2961 2945 3022 tuae,
2982 2961 3050 3007 ut
3079 2966 3213 3008 eam

1937 3055 2158 3115 liberes
2205 3056 2279 3114 ab
2325 3054 2499 3114 omni
2537 3053 2699 3113 malo
2733 3072 2996 3133 eamque
3032 3053 3214 3136 perfi-

1940 3162 2059 3222 cias
2107 3162 2170 3221 in
2217 3161 2456 3222 caritate
2503 3179 2624 3238 tua,
2668 3168 2730 3222 et
2756 3161 2981 3241 colltgqe
3011 3180 3144 3222 eam
3180 3183 3217 3221 a

1940 3275 2228 3349 quattuor
2278 3272 2472 3329 ventis
2527 3264 2964 3330 sanctificatam
3012 3269 3074 3329 in
3123 3288 3214 3328 re-

1939 3394 2136 3454 gnum
2189 3390 2388 3454 tuum,
2442 3375 2614 3455 quod
2664 3375 2717 3436 ei
2766 3376 3005 3456 parasti,
3056 3394 3218 3455 quo-

1943 3481 2110 3543 niam
2156 3498 2259 3542 tua
2305 3498 2394 3541 est
2440 3481 2630 3542 virtus
2664 3496 2723 3543 et
2754 3481 2952 3561 gloria
2986 3482 3048 3542 in
3081 3502 3214 3543 sae·

1941 3588 2096 3649 cula.
2147 3590 2201 3651 6.
2238 3589 2541 3649 Adveniat
2570 3589 2759 3668 gratia
2794 3605 2853 3650 et
2887 3603 3220 3669 praetereat

1941 3695 2217 3756 mundus
2269 3695 2385 3756 hic.
2450 3695 2754 3757 Hosanna
2783 3696 2940 3775 filio
2985 3696 3217 3758 David.

1943 3804 2006 3865 Si
2054 3802 2191 3884 quis
2237 3818 2484 3864 sanctus
2515 3818 2624 3880 est,
2666 3804 2945 3876 accedat;
2997 3803 3046 3862 si
3080 3802 3221 3882 quis

1945 3931 2076 3972 non
2128 3926 2234 3987 est,
2290 3909 2726 3990 paenitentiam
2777 3926 2927 3988 agat.
2992 3909 3219 3970 Mara-

1944 4017 2153 4091 natha,
2186 4023 2406 4080 Arnen.
2457 4038 2512 4085 7.
2551 4017 2872 4097 Prophetis
2906 4035 3050 4077 vero
3083 4035 3220 4097 per-

1948 4124 2166 4185 mittite
2199 4124 2420 4203 gratias
2452 4144 2649 4203 agere,
2696 4140 2954 4204 quantas
2988 4123 3221 4184 volunt.

2042 4659 2140 4719 XI.
2194 4658 2322 4732 Qui
2355 4657 2537 4736 igitur
2569 4656 2645 4717 ad
2680 4676 2788 4717 vos
2822 4656 3076 4717 veniens
3110 4657 3225 4717 do-

613 4763 787 4844 ὑμᾶς
820 4765 1032 4825 ταῦτα
1053 4763 1270 4824 πάντα
1305 4763 1387 4823 τὰ
1417 4762 1892 4842 προειρημένα,
1952 4765 2143 4826 cuerit
2175 4785 2283 4826 vos
2317 4765 2467 4826 haec
2488 4765 2700 4827 omnia
2721 4763 3045 4845 praedicta,
3080 4780 3224 4823 eum

615 4869 916 4945 δέξασθε
967 4871 1205 4931 αὐτόν·
1276 4893 1330 4933 2.
1382 4869 1503 4931 ἐὰν
1555 4867 1634 4930 δὲ
1685 4869 1896 4945 αὐτὸς
1954 4872 2261 4954 suscipite.
2330 4892 2383 4933 2.
2435 4871 2545 4933 Sin
2597 4888 2801 4933 autern
2850 4871 3065 4932 doctor
3098 4870 3227 4950 ipse
