3684 5416
1538 335 1708 389 Curia
1748 354 2006 392 romana.
2977 355 3080 411 543

680 526 708 586 S
749 519 845 596 56.
897 518 1310 579 Decernentes
1344 536 1694 600 praesentes
1728 521 2002 598 Litteras,
2037 521 2220 582 etiam
2252 542 2322 582 ex
2357 543 2451 599 eo,
2484 522 2658 602 quod
2693 521 2892 599 Major
2924 523 3080 584 Poe-

475 623 876 702 nitentiarius,
923 645 993 685 ac
1039 625 1340 706 praefatae
1373 625 1888 688 poenitentiariae
1923 629 2189 708 RegenS,
2235 643 2294 689 et
2326 628 2638 689 Officiales
2671 629 2978 711 praedicti,
3014 650 3081 690 ac

471 729 555 790 illi
601 730 983 812 quicumque
1031 732 1094 793 in
1146 732 1499 813 praemissis
1533 734 2009 814 quomodolibet
2041 735 2333 796 interesse
2367 736 2681 812 habentes,
2715 755 2821 796 seu
2858 737 3081 797 habere

481 839 969 917 praetendentes,
1019 839 1250 901 eisdem
1298 840 1643 921 praemissis
1690 860 1818 902 non
1867 842 2313 919 consenserint,
2363 859 2466 903 aut
2495 842 2712 920 vocati,
2747 863 2857 903 seu
2890 843 3078 904 auditi

387 970 407 1011 5
469 963 605 1005 non
655 945 898 1023 fuerint,
945 947 1186 1028 aliaque
1233 948 1451 1027 quavis
1498 949 1573 1008 de
1609 968 1813 1027 causa,
1850 950 2247 1029 quantumvis
2279 949 2569 1029 legitima,
2603 965 2661 1010 et
2695 948 2969 1027 juridica,
3004 951 3079 1010 de

469 1053 600 1114 ullo
648 1054 1085 1136 subreptionis,
1129 1054 1227 1114 vel
1274 1055 1679 1137 obreptioniS,
1730 1075 1840 1116 seu
1889 1056 2182 1117 nullitatis
2214 1057 2383 1135 viti0‚
2418 1073 2522 1118 aut
2555 1057 2914 1118 intentionis
2945 1057 3078 1117 No-

463 1176 635 1238 strae,
667 1160 762 1220 vel
796 1161 916 1221 alio
949 1180 1355 1243 quocumque
1388 1162 1630 1223 defectu
1665 1162 1884 1240 notari,
1919 1163 2292 1245 impugnari,
2325 1163 2628 1243 redargui,
2665 1163 2983 1236 retractari,
3017 1164 3078 1224 in

464 1267 576 1346 juS‚
607 1269 701 1328 vel
735 1270 1218 1332 controversiam
1252 1271 1521 1332 revocari
1555 1271 1911 1332 nullatenus
1946 1291 2126 1353 posse
2159 1289 2268 1333 etc.

677 1384 705 1444 S
747 1396 842 1455 57.
894 1378 1039 1438 Non
1073 1378 1459 1438 obstantibus
1491 1377 1837 1459 praemissis
1871 1394 1980 1439 etc.

364 1511 412 1542 ιο
676 1490 704 1550 S
746 1483 842 1561 58.
895 1484 1064 1544 Nulli
1098 1504 1247 1564 ergo
1280 1485 1544 1546 omnino
1578 1485 1908 1546 hominum
1939 1485 2113 1546 liceat
2145 1501 2254 1546 etc.

676 1590 810 1650 Dat.
866 1591 1102 1651 Romae
1150 1591 1314 1671 apud
1364 1592 1650 1652 Sanctam
1702 1593 1958 1653 Mariam
2022 1591 2344 1670 Maiorem,
2397 1597 2588 1653 Anno
2639 1592 3078 1653 incarnationis

467 1696 827 1758 Dominicae
863 1697 1193 1759 millesimo
1227 1698 1774 1779 septingentesimo
1809 1699 2282 1779 quadragesimo
2316 1716 2557 1779 quarto.
2595 1700 2799 1761 idibus
2833 1699 3078 1780 Aprilis,

469 1803 857 1866 pontificatus
891 1804 1079 1865 nostri
1115 1810 1306 1865 Anno
1340 1820 1575 1884 quarto.
1627 1804 1684 1885 [1.
1718 1824 1764 1869 c.
1799 1826 1937 1887 pag.
1981 1804 2364 1885 557—567.]

461 2034 527 2098 b)
564 2029 860 2085 Divisio
902 2029 1325 2085 Materiaru
1355 2049 1410 2085 m
1454 2043 1522 2086 et
1562 2030 2681 2104 GratiarumApostolicarum,
2722 2049 2909 2103 quae
2949 2048 3078 2102 per

362 2134 406 2178 ¹5
463 2112 848 2166 Datariam
912 2111 1493 2182 Apostolicam,
1556 2129 1905 2183 quaeque
1976 2130 2103 2184 per
2166 2112 2672 2167 Secretariam
2729 2111 3078 2167 Brevium

1134 2190 1625 2247 Secretorum
1663 2206 1832 2248 sunt
1879 2192 2416 2265 expediendae.

672 2316 701 2345 ‘
760 2318 1102 2388 Bangen,
1155 2320 1260 2372 Die
1312 2323 1452 2374 rom.
1492 2321 1679 2373 Kurie.
1734 2335 1864 2389 pag.
1910 2317 2027 2389 567.
2083 2334 2203 2387 seq.
2254 2318 2564 2371 Bullarium
2616 2318 2894 2371 Benedicti
2927 2317 3074 2369 XIV.

458 2395 631 2448 Tom.
658 2396 698 2451 1.
735 2413 788 2466 p.
815 2413 934 2468 59¹·
999 2396 1438 2461 HinschiuS‚
1480 2397 1889 2453 Kirchenrecltt.
1930 2398 2096 2451 Tom.
2137 2398 2174 2450 1.
2215 2414 2266 2467 p.
2304 2414 2428 2467 4²3·

469 2525 844 2588 Benedictus
877 2529 1241 2612 Episcopus,
1274 2531 1497 2590 Servus
1528 2530 1850 2589 Servorum
1883 2528 2029 2590 Dei.
2066 2528 2173 2588 Ad
2189 2534 2546 2609 perpetuam
2581 2531 2678 2588 rei
2704 2529 3075 2588 memoriam.

355 2691 409 2725 ,ο
674 2653 1131 2716 Gravissimum
1166 2655 1473 2717 Ecclesiae
1507 2654 1846 2732 universae,
1885 2654 2095 2735 reique
2131 2653 2407 2735 publicae
2440 2654 2716 2733 regimen
2750 2650 3077 2714 humilitati

467 2763 725 2824 Nostrae
771 2765 1221 2842 concreditum,
1270 2763 1521 2844 optima,
1569 2778 1877 2842 quantum
1910 2761 2106 2822 Nobis
2151 2781 2222 2821 ex
2270 2762 2392 2822 alto
2426 2761 2804 2837 conceditur,
2841 2760 3075 2820 ratione

461 2869 798 2941 moderari;
851 2870 1162 2950 simulque
1194 2871 1269 2930 ab
1317 2869 1612 2929 omnibus
1657 2867 1745 2941 iis,
1793 2886 2064 2947 quorum
2116 2888 2301 2949 opera
2335 2887 2405 2928 ac
2437 2867 2787 2927 ministeriis
2821 2867 3072 2942 utimur,

473 2977 887 3037 concordibus
919 2992 1103 3057 atque
1136 2977 1199 3037 in
1232 2976 1492 3036 unicum
1525 2974 1806 3055 publicae
1842 2974 2112 3035 utilitatis
2149 2993 2414 3054 scopum
2447 2973 2917 3034 collineantibus
2949 2990 3075 3033 stu-

467 3079 580 3141 diis
625 3083 941 3162 procurari
988 3084 1338 3164 cupientes;
1391 3082 1450 3142 id
1499 3081 1762 3141 maxime
1795 3081 2083 3142 interesse
2117 3080 2497 3155 arbitramur,
2532 3097 2598 3142 ut
2629 3080 2883 3160 singulis
2917 3078 3072 3140 Offi-

354 3226 405 3271 ²5
465 3185 589 3265 ciis,
624 3189 852 3268 quibus
897 3205 1020 3249 tam
1054 3188 1315 3267 justitiae
1348 3188 1810 3265 administratio,
1861 3209 2045 3269 quam
2083 3188 2431 3249 Gratiarum
2469 3189 2847 3270 dispensatio
2880 3190 3073 3249 conti-

467 3311 668 3375 netur,
717 3298 994 3379 proprias
1042 3313 1222 3377 atque
1269 3296 1585 3357 distinctas
1616 3295 1679 3356 in
1715 3296 2055 3377 Republica
2089 3312 2305 3376 partes,
2337 3312 2660 3376 certosque
2695 3312 2828 3357 tum
2863 3312 3075 3357 aucto-

466 3401 657 3463 ritatis
709 3420 843 3465 tum
894 3404 1333 3482 jurisdictionis
1384 3403 1605 3465 limites
1656 3402 2083 3482 designemus:
2136 3402 2392 3462 Constat
2440 3403 2626 3478 enim,
2662 3422 2793 3462 non
2826 3402 3074 3463 aliunde

465 3510 785 3572 certiorem
816 3513 1102 3591 gubernii
1135 3512 1553 3587 concordiam,
1587 3530 1775 3590 quam
1811 3530 1884 3570 ex
1917 3524 2076 3570 recta
2110 3510 2412 3569 divisione
2445 3528 2801 3587 munerum,
2836 3525 2894 3569 et
2915 3510 3072 3571 Offi-

459 3615 695 3677 ciorum
730 3620 1055 3699 partitione
1089 3620 1448 3693 coalescere,
1482 3637 1593 3677 nec
1629 3616 1822 3696 magis
1856 3616 2095 3677 firmam
2130 3616 2406 3695 corporis
2438 3614 2847 3693 stabilitatem,
2885 3635 3074 3695 quam

353 3758 408 3805 30
463 3742 538 3782 ex
571 3740 705 3806 apta
739 3741 922 3806 atque
956 3727 1234 3788 ordinata
1269 3727 1697 3786 membrorum
1731 3724 2020 3786 omnium
2053 3723 2446 3784 distinctione
2479 3722 2831 3782 consistere.
2892 3721 3072 3796 Qua-

465 3848 735 3913 propter,
769 3854 913 3895 cum
948 3855 1114 3896 anno
1148 3835 1427 3916 proxime
1462 3834 1691 3915 elapso,
1729 3831 1903 3892 editis
1941 3830 2310 3912 Apostolicis
2344 3830 2586 3891 Litteris
2618 3830 2744 3891 XII.
2780 3829 3076 3890 Kalendis

469 3938 753 4018 Januarii,
807 3961 1075 4021 quarum
1126 3941 1365 4002 initium
1419 3957 1537 4002 est:
1589 3940 1904 4002 Romanae
1937 3937 2172 3999 Curiae
2205 3940 2679 4018 praestantiam,
2715 3935 3075 4013 hujusmodi

462 4064 799 4108 munerum
831 4065 889 4108 et
921 4046 1410 4126 jurisdictionum
1445 4048 1810 4108 divisionem
1850 4066 1962 4127 pro
1982 4043 2300 4105 Judicibus
2333 4060 2391 4104 et
2409 4041 3073 4132 Tribunalibusltujus

461 4154 719 4217 Nostrae
753 4156 996 4237 Curiae,
1031 4158 1094 4219 in
1126 4157 1219 4234 iis,
1268 4177 1428 4237 quae
1460 4156 1765 4238 pertinent
1798 4154 2179 4233 ad'legitima
2211 4172 2535 4214 causarum
2569 4152 2810 4230 judicia,
2843 4171 3072 4234 oppor—

352 4292 402 4337 35
460 4276 609 4324 tune
656 4264 1080 4325 statuerimus:
1131 4264 1412 4324 animum
1448 4264 1510 4323 in
1545 4262 1886 4344 praesentia
1920 4261 2243 4339 adjicimus
2273 4262 2346 4321 ad
2389 4276 2590 4342 certos
2609 4260 3074 4321 constituendos

460 4368 632 4445 fines,
668 4370 825 4431 intra
860 4390 1019 4451 quos
1053 4391 1120 4431 ea
1156 4390 1409 4450 quoque
1445 4368 1665 4430 Officia
1699 4389 1762 4428 se
1796 4368 1862 4428 in
1897 4384 2216 4448 posterum
2251 4367 2567 4428 continere
2600 4368 2884 4443 debeant,
2933 4368 3072 4446 qui-

462 4480 578 4538 bus
610 4479 977 4539 demandata
1009 4494 1098 4539 est
1129 4477 1433 4558 expeditio
1467 4477 1838 4546 Gratiarum,
1871 4496 2029 4556 quae
2063 4478 2139 4537 de
2175 4477 2565 4558 Apostolicae
2600 4477 2776 4539 Sedis
2807 4478 3070 4538 liberali-

459 4601 576 4646 tate
610 4602 734 4646 tam
769 4587 833 4646 in
865 4586 1201 4648 Universos
1235 4584 1696 4661 ChristifideleS,
1746 4603 1935 4663 quam
1970 4583 2034 4643 in
2068 4583 2363 4645 Subditos
2396 4585 2627 4646 Ditioni
2662 4586 2920 4646 Nostrae
2955 4586 3070 4646 Po-

462 4693 647 4773 pulos
678 4694 921 4755 assidue
955 4694 1405 4755 diffunduntur.

349 4827 405 4870 40
672 4811 700 4871 S
764 4824 810 4863 1.
881 4802 1073 4864 Porro
1126 4803 1200 4863 ad
1249 4800 1628 4882 expedienda
1676 4800 1996 4879 complura
2044 4798 2405 4875 hujusmodi
2439 4800 2786 4862 Gratiarum
2832 4819 3071 4879 genera,

460 4909 615 4970 inter
663 4926 932 4971 caeteros
964 4910 1356 4992 Apostolicae
1404 4907 1580 4968 Sedis
1628 4907 1964 4984 MinistrOS,
2015 4922 2073 4967 et
2120 4906 2446 4984 OfficialeS,
2501 4926 2667 4967 unus
2718 4906 2780 4965 in
2829 4906 3072 4966 Dataria
