3684 5416
469 1567 518 1600 10

470 2101 516 2145 ¹5

462 2632 517 2664 20

464 3167 514 3211 ²5

466 3702 519 3747 30

464 4235 513 4279 ‘35

566 413 677 466 444
1585 394 1853 452 Pontifex
1891 413 2185 452 romanus,

2613 475 3185 485 ——————

567 600 677 642 seu
713 579 988 641 minister
1018 579 1506 657 confirmandus,
1540 581 1637 642 vel
1666 601 1702 642 a
1733 582 1831 643 sui
1863 582 2140 644 muneris
2172 581 2462 644 exercitio
2479 584 2959 665 suspendendus
2980 584 3180 646 veniat

570 707 770 768 usque
801 688 879 748 ad
911 686 1280 748 electionem
1315 686 1506 749 futuri
1542 687 1896 750 Pontificis?
1930 687 2215 768 llludque
2237 689 2526 766 obtineat,
2557 708 2626 750 ac
2648 689 2901 751 firmum
2920 689 2995 750 sit
3013 691 3187 770 quod

570 796 914 857 resolutum
962 793 1143 855 fuerit
1188 794 1406 856 maiori
1453 810 1624 876 parte
1670 794 2107 875 suffragiorum
2156 812 2553 858 secretorum.
2620 797 2712 870 Et,
2742 797 2792 857 si
2827 798 3067 859 decreta
3100 811 3190 860 est

566 901 915 984 suspensio,
961 900 1170 983 plures
1216 902 1292 965 ad
1341 922 1598 980 munus,
1631 902 1708 963 de
1740 922 1871 983 quo
1902 917 2136 984 agetur,
2166 904 2583 964 exercendum
2618 903 2682 965 in
2715 903 2927 984 primis
2958 904 3190 967 habiles

570 1025 628 1071 et
660 1009 872 1071 idonei
907 1030 939 1069 a
970 1008 1383 1070 cardinalibus
1416 1025 1867 1091 proponantur,
1910 1026 1970 1070 et
2000 1029 2073 1070 ex
2107 1009 2197 1088 iis,
2232 1010 2341 1090 qui
2375 1029 2519 1090 prae
2551 1010 2765 1074 ceteris
2795 1011 2993 1091 aptior
3023 1011 3188 1073 visus

569 1114 770 1192 fuerit,
818 1115 880 1177 in
927 1115 1143 1176 locum
1188 1114 1468 1177 officialis
1512 1136 1624 1178 seu
1677 1117 1936 1178 ministri
1983 1117 2268 1198 suspensi
2299 1118 2670 1195 subrogetur
2701 1135 2810 1197 per
2841 1116 3188 1199 pluritatem

570 1222 850 1285 similiter
881 1223 1343 1302 suffragiorum,
1376 1223 1575 1286 donec
1607 1225 1863 1303 eligatur
1896 1223 2196 1285 Pontifex.

782 1338 811 1398 S
846 1350 905 1408 9.
970 1329 1293 1406 Quoniam
1326 1349 1491 1408 νει-ο,
1540 1347 1825 1412 exempto
1864 1334 1940 1392 ab
1974 1331 2267 1393 humanis
2297 1330 2614 1407 Pontifice,
2649 1331 2974 1395 cardinalis
3004 1333 3183 1412 legati

568 1434 631 1497 in
665 1437 993 1517 provinciis
1025 1435 1231 1499 Status
1259 1437 1658 1499 Ecclesiastici
1690 1438 1975 1519 protinus
2006 1439 2080 1500 ad
2116 1438 2364 1499 comitia
2396 1438 2747 1518 invitantur,
2790 1439 3072 1501 iniuncto
3104 1441 3190 1501 eis

571 1542 819 1604 interim
869 1563 1017 1606 suae
1063 1545 1385 1625 legationis
1416 1545 2011 1607 administrationem
2042 1544 2280 1607 tradere
2315 1544 2695 1626 pro-legatis,
2740 1547 2969 1626 quibus
3014 1566 3190 1608 man-

571 1651 751 1712 datur
798 1667 865 1713 ut
909 1672 1047 1715 eam
1094 1654 1248 1715 sacri
1296 1653 1540 1735 collegii
1576 1653 1830 1716 nomine
1878 1654 2232 1734 suscipiant,
2283 1653 2665 1736 populorum
2698 1654 3003 1715 securitati
3050 1673 3189 1736 pro-

570 1758 833 1837 videant,
879 1780 946 1820 ac
992 1760 1213 1823 sedulo
1244 1776 1456 1822 curent
1491 1781 1569 1822 ne
1600 1762 1907 1822 tumultus
1939 1761 2308 1823 excitentur:
2341 1762 2419 1822 ad
2455 1780 2919 1842 quamcumque
2952 1761 3188 1822 dissen-

569 1864 761 1925 sionis
807 1882 865 1927 et
911 1868 1382 1946 controversiae,
1416 1888 1575 1948 quae
1609 1867 1764 1929 inter
1796 1868 2133 1930 cardinales
2164 1868 2398 1948 legatos
2430 1887 2778 1948 eorumque
2814 1868 3192 1949 pro—legatos

571 1971 743 2033 facile
776 1973 980 2034 enasci
1013 1991 1281 2055 possent,
1315 1975 1704 2036 occasionem
1723 1975 2235 2045 submovendam,
2265 1974 2656 2036 decernimus
2687 1989 2754 2035 ut
2785 1974 2999 2050 edicta,
3031 1993 3192 2055 quae

571 2077 637 2139 in
685 2079 1019 2159 provinciis
1068 2081 1367 2160 praefatis,
1398 2081 1559 2142 Sede
1593 2081 1949 2164 Apostolica
1993 2097 2244 2142 vacante
2290 2097 2348 2143 et
2385 2080 2798 2144 cardinalibus
2838 2082 3052 2160 legatis
3082 2083 3190 2142 ab·

570 2185 864 2263 sentibus,
897 2187 1168 2266 evulgari
1202 2187 1543 2267 contigerit,
1576 2190 1652 2248 ab
1683 2187 1832 2269 ipsis
1866 2187 2224 2270 pro-legatis
2257 2207 2402 2249 cum
2437 2187 2685 2270 propria
2714 2188 3185 2269 subscriptione,

570 2293 871 2375 appositio
917 2309 1122 2356 tamen
1170 2294 1399 2356 eisdem
1452 2295 1665 2356 edictis
1710 2295 1983 2374 nomine,
2032 2311 2111 2376 et,
2145 2314 2305 2375 quae
2337 2295 2495 2377 typis
2527 2294 2976 2376 imprimentur‚
3006 2295 3190 2356 etiam

570 2416 891 2462 stemmate
938 2401 1240 2479 gentilitio
1287 2401 1691 2464 cardinalium
1739 2402 2087 2479 legatorum
2134 2400 2497 2478 absentium,
2543 2400 2729 2461 libere
2777 2400 3186 2482 publicentur.

570 2506 927 2568 Cardinales
977 2523 1184 2569 autem
1232 2508 1435 2587 legati,
1488 2508 1792 2588 quamdiu
1837 2529 1872 2569 a
1919 2507 2227 2588 legatione
2274 2506 2580 2569 abfuerint
2624 2525 2694 2567 ac
2739 2505 2914 2568 Sedis
2958 2507 3191 2568 vacatio

571 2612 893 2693 duraverit,
927 2614 1083 2677 nulli
1113 2616 1470 2679 subalterno
1504 2616 1566 2676 in
1601 2615 1904 2696 legatione
1935 2614 2219 2678 ministro
2239 2634 2347 2675 seu
2376 2613 2641 2691 officiali,
2663 2630 2769 2675 aut
2789 2613 2981 2675 cuivis
3001 2613 3190 2693 alteri,

570 2722 928 2803 quicquam,
992 2722 1191 2785 insciis
1243 2723 1621 2804 pro-legatis,
1676 2724 1998 2804 imperent,
2053 2721 2387 2803 minusque
2438 2720 2785 2783 executioni
2834 2721 3193 2783 demandari

572 2827 808 2892 faciant.

692 2929 701 2933 ⁹
785 2944 814 3004 s
863 2955 954 2996 10.
1006 2936 1322 2997 Praeterea
1367 2953 1490 2998 tres
1538 2936 1944 3016 imposterum
1995 2936 2334 2997 cardinales
2366 2956 2441 2997 ex
2473 2935 2578 3011 eis,
2613 2936 2720 3015 qui
2753 2934 3015 2996 comitiis
3046 2935 3192 2997 alias

572 3042 978 3119 interfuerint,
1015 3064 1048 3102 a
1081 3041 1366 3122 Collegio
1405 3043 1744 3122 eligendos,
1786 3042 2031 3124 praefici
2071 3044 2366 3120 clasurae,
2400 3062 2470 3103 ac
2500 3061 2712 3103 curam
2745 3041 3051 3103 conclavis
3082 3043 3192 3103 ha·

573 3152 714 3210 bere
759 3165 818 3210 et
861 3169 1094 3227 gerere,
1133 3150 1476 3227 statuimus,
1516 3151 1623 3229 qui
1658 3150 1952 3231 disposita
1984 3171 2018 3211 a
2052 3149 2621 3233 praedecessoribus
2654 3147 2811 3210 circa
2844 3150 3192 3210 clausuram

571 3274 640 3316 ac
673 3275 886 3316 curam
918 3255 1283 3317 huiusmodi
1315 3257 1490 3317 omni
1522 3258 1841 3318 sedulitate
1876 3272 1934 3318 et
1967 3257 2282 3335 diligentia
2323 3272 2738 3337 exequantur:
2780 3256 2963 3317 cellas
2995 3255 3193 3316 cardi-

573 3362 813 3425 nalium
845 3364 938 3425 bis
971 3364 1241 3446 qualibet
1273 3365 1682 3443 hebdomada,
1717 3365 1960 3446 aliaque
1980 3364 2172 3445 ipsius
2192 3364 2500 3425 conclavis
2520 3364 2673 3441 loca,
2698 3364 2912 3424 crebro
2934 3361 3192 3438 visitent,

571 3470 731 3532 illius
777 3472 1119 3534 munditiae
1166 3472 1452 3554 praesint,
1500 3492 1571 3534 ac
1615 3473 1871 3535 solerter
1915 3472 2272 3554 perquirant
2319 3490 2396 3532 ne
2444 3471 2508 3531 in
2553 3469 2833 3531 eiusdem
2882 3469 3194 3530 conclavis

570 3580 785 3657 muris,
806 3576 1106 3655 fenestris,
1120 3580 1549 3660 laquaearibus
1572 3580 1663 3641 vel
1685 3579 2046 3661 pavimentis
2066 3578 2249 3639 vetita
2268 3577 2567 3639 foramina
2591 3576 2759 3654 fiant,
2778 3578 2870 3637 vel
2895 3575 3193 3639 fenestrae

573 3687 925 3767 aperiantur
956 3702 1062 3748 aut
1093 3687 1486 3769 amplientur,
1518 3687 1685 3749 unde
1718 3707 1864 3749 cum
1885 3688 2101 3748 exteris
2121 3684 2668 3766 colloquendisive
2690 3683 3190 3746 communicandi

573 3795 748 3875 copia
795 3810 854 3856 et
889 3794 1138 3856 facultas
1173 3796 1382 3855 detur:
1435 3814 1522 3872 ac,
1555 3794 1604 3854 si
1640 3814 1799 3874 quae
1836 3794 2137 3855 foramina
2175 3792 2348 3871 facta,
2384 3806 2487 3853 aut
2519 3791 2810 3852 fenestras
2842 3791 2930 3850 sic
2960 3804 3193 3871 apertas

573 3918 631 3964 et
661 3902 976 3983 ampliatas
1009 3903 1551 3983 deprehenderint,
1586 3902 1788 3962 statim
1820 3901 2065 3963 occludi
2097 3917 2156 3962 et
2186 3899 2478 3975 obturari,
2497 3899 2561 3960 in
2595 3898 3043 3978 pristinumque
3072 3912 3193 3957 sta-

571 4024 706 4070 tum
742 4010 975 4071 restitui
1008 4024 1253 4071 curent:
1289 4010 1655 4090 prohibeant
1687 4028 1944 4090 quoque
1976 4028 2144 4069 arma
2176 4026 2285 4067 seu
2320 4021 2637 4067 stemmata
2670 4004 2966 4085 gentilitia
2986 4002 3193 4063 cuius-

572 4118 658 4178 vis
705 4116 1047 4193 cardinaliS,
1082 4136 1484 4196 quocumque
1529 4115 1738 4177 officio
1773 4115 2104 4196 fungentis,
2135 4115 2258 4175 alio
2290 4132 2482 4194 quam
2517 4111 2798 4194 propriae
2829 4130 2977 4172 suae
3006 4110 3194 4170 cellae

571 4225 827 4305 imponi,
872 4224 1139 4304 appendi
1185 4239 1242 4284 et
1286 4223 1575 4304 depingi:
1626 4238 1704 4300 et,
1753 4223 1801 4283 si
1852 4222 1952 4284 illa
1989 4222 2320 4304 repererint
2350 4221 2414 4281 in
2446 4238 2846 4301 quacumque
2879 4218 2993 4279 alia
3025 4232 3193 4298 parte

571 4329 880 4391 conclavis
913 4329 1315 4402 consistentia,
1347 4329 1548 4390 statim
1585 4330 1858 4391 amoveri
1894 4350 1961 4390 ac
1994 4329 2183 4390 deleri
2235 4327 2490 4389 faciant:
2542 4325 2721 4387 cellas
2766 4344 2955 4406 porro
3000 4323 3193 4385 cardi·

573 4437 809 4497 nalium
875 4435 1248 4512 absentium,
1315 4434 1439 4495 sive
1485 4435 1823 4496 mobilibus
1875 4435 2198 4496 instructas
2248 4450 2306 4494 et
2369 4448 2634 4512 ornatas,
2686 4432 2810 4492 sive
2861 4450 3013 4507 non,
3066 4449 3194 4491 car-

574 4541 806 4603 dinales
856 4542 917 4602 in
967 4541 1244 4602 conclavi
1293 4541 1613 4603 existentes
1664 4561 1977 4621 nusquam
2010 4556 2336 4623 occupent,
2368 4540 2475 4601 sed
2510 4540 2585 4600 ad
2619 4538 2817 4600 dictos
2848 4553 2969 4599 tres
3002 4536 3194 4598 cardi·

573 4650 738 4711 nales
772 4650 1091 4710 clausurae
1125 4664 1183 4709 et
1216 4667 1400 4709 curae
1436 4648 1748 4709 conclavis
1783 4648 2168 4730 praepositos
2201 4649 2497 4729 pertineat
2516 4646 2877 4707 earumdem
2901 4644 3195 4704 cellarum

575 4775 759 4817 usum
807 4771 864 4817 et
911 4756 1318 4817 commodum
1367 4755 1799 4831 cardinalibus,
1850 4754 1957 4834 qui
1991 4754 2171 4815 cellas
2202 4773 2344 4815 suas
2378 4754 2606 4814 vicinas
2640 4752 2886 4828 habent,
2921 4768 3195 4830 congrua

570 4864 729 4925 inter
775 4883 882 4923 eos
914 4879 1148 4924 servata
1182 4861 1586 4943 proportione
1621 4862 1940 4936 destinare,
1987 4863 2189 4923 donec
2222 4860 2512 4943 praedicti
2545 4858 2882 4920 cardinales
2914 4859 3195 4917 absentes

572 4970 963 5031 advenerint:
1016 4970 1297 5051 ipsorum
1331 4985 1545 5030 autem
1579 4970 1767 5030 trium
1801 4970 2208 5030 cardinalium
2240 4988 2473 5031 munus
2507 4966 2854 5028 istiusmodi
2885 4980 3017 5026 toto
3038 4980 3195 5026 tem-
