3684 5416
520 1540 571 1573 10

518 2081 566 2126 ¹5

513 2615 567 2647 20

512 3148 562 3190 ²5

510 3692 564 3737 30

510 4224 561 4271 35

637 381 743 435 432
1658 360 1926 416 Pontifex
1965 377 2256 414 romanus.

631 548 830 608 oculis
864 548 1178 622 habentes,
1228 565 1358 607 sese
1394 565 1564 626 pure,
1613 545 1819 618 libere,
1857 545 2108 618 sincere,
2145 544 2368 624 quiete,
2416 559 2475 604 et
2509 543 2758 623 pacifice
2790 564 3022 620 gerere,
3054 560 3113 605 et
3145 545 3252 604 ha-

630 658 772 717 bere
820 656 1101 716 debeant.
1166 655 1296 715 Nec
1329 674 1443 735 pro
1476 654 1667 734 ipsius
1702 651 2016 714 Pontificis
2049 652 2368 730 electione,
2404 652 2910 733 conspirationeS,
2944 653 3250 729 condicta,

631 763 966 844 pactiones,
1014 779 1073 822 et
1119 762 1271 822 alios
1318 761 1557 823 illicitos
1604 776 1907 837 tractatuS,
1956 760 2127 835 inire,
2174 760 2367 838 signa,
2400 776 2506 821 aut
2539 759 2927 839 contrasigna
2963 777 3252 822 votorum

630 889 894 930 suorum
942 868 1112 930 alteri
1158 869 1322 946 dare,
1371 869 1645 929 minasve
1692 867 2003 947 aliquibus
2028 867 2290 943 ‘inferre,
2335 866 2644 928 tumultus
2691 867 2969 944 excitare,
3004 884 3110 928 aut
3139 867 3254 928 alia

627 977 822 1038 facere
857 996 966 1057 per
998 995 1158 1057 quae
1191 976 1407 1037 electio
1440 975 1801 1050 retardetur,
1836 973 1935 1034 vel
1966 973 2176 1035 minus
2208 975 2394 1035 libere
2430 975 2717 1056 suffragia
2739 992 3123 1058 praestentur
3143 995 3249 1057 per

625 1105 690 1147 se
736 1086 831 1146 vel
879 1086 1092 1161 alium,
1140 1084 1367 1145 directe
1416 1085 1510 1145 vel
1559 1083 1870 1161 indirecte,
1921 1083 2145 1163 quovis
2178 1083 2386 1144 colore
2422 1084 2519 1144 vel
2548 1085 2824 1163 ingenio,
2859 1086 3127 1167 audeant
3158 1086 3251 1146 vel

626 1208 1035 1272 praesumant.
1099 1189 1293 1266 Quod
1327 1190 1377 1251 si
1409 1209 1587 1250 secus
1621 1188 1891 1266 fecerint,
1945 1207 2049 1251 aut
2082 1204 2295 1250 contra
2329 1190 2634 1271 prohibita
2666 1191 2733 1252 in
2766 1192 3064 1272 praesenti
3097 1210 3252 1252 con-

625 1298 943 1358 stitutione
976 1297 1210 1378 aliquid
1243 1295 1623 1373 admiserint,
1672 1294 1829 1356 ultra
1865 1296 2139 1357 divinam
2174 1297 2495 1374 ultionem,
2528 1297 2777 1359 arbitrio
2812 1298 3000 1359 futuri
3034 1298 3245 1359 Ponti-

624 1404 756 1466 ficis
792 1424 904 1485 pro
939 1406 1132 1466 modo
1165 1405 1381 1485 culpae
1415 1405 1478 1465 in
1513 1424 1621 1464 eos
1653 1402 2186 1490 quandocumque
2220 1405 2625 1467 animadverti
2658 1406 2865 1487 possit.

847 1522 876 1581 5
912 1532 1014 1590 27.
1080 1511 1244 1586 Quia
1278 1531 1423 1573 vero
1457 1530 1673 1593 parum
1710 1524 1868 1570 esset
1899 1510 2032 1587 jura
2065 1513 2350 1590 condere,
2380 1514 2496 1575 nisi
2529 1513 2731 1575 forent
2763 1513 2873 1594 qui
2906 1511 3254 1574 executioni

632 1641 704 1681 ea
738 1620 1197 1695 demandarent,
1245 1620 1589 1697 statuimus,
1639 1635 1696 1681 et
1742 1621 2128 1698 ordinamuS,
2176 1636 2242 1680 ut
2277 1617 2548 1699 praelati,
2602 1621 2909 1697 Rectores,
2941 1618 3252 1680 Officiales

625 1728 828 1805 Urbis,
861 1748 929 1790 ac
964 1729 1319 1809 Principum
1353 1727 1662 1804 Oratores,
1695 1729 1961 1789 illustres
1994 1728 2123 1805 viri,
2156 1748 2318 1807 quos
2351 1749 2574 1790 omnes
2609 1751 2642 1788 a
2675 1728 2959 1808 Collegio
2995 1746 3108 1807 pro
3141 1745 3246 1787 cu-

622 1837 821 1898 stodia
857 1836 1188 1897 Conclavis
1234 1835 1375 1914 eligi
1421 1836 1737 1914 continget
1783 1836 2027 1914 (eligere
2076 1850 2282 1896 autem
2320 1835 2677 1915 Collegium
2725 1836 2972 1897 debebit
3004 1854 3112 1895 eos
3144 1834 3252 1914 qui

624 1945 700 2005 ad
748 1944 807 2005 id
856 1945 1051 2024 magis
1101 1944 1310 2005 idonei
1358 1944 1747 2018 videbuntur)
1785 1943 2110 2023 praemissa
2144 1943 2357 2004 omnia
2393 1943 2574 2024 plene
2609 1959 2668 2005 et
2699 1942 3148 2021 inviolabiliter,
3182 1963 3248 2004 ac

623 2053 753 2113 sine
804 2051 1015 2114 fraude
1064 2068 1122 2114 et
1163 2053 1313 2114 dolo
1347 2052 1557 2132 aliquo
1589 2053 1900 2112 observari
1935 2051 2173 2126 faciant,
2205 2053 2282 2113 de
2316 2072 2448 2132 quo
2484 2053 2800 2133 corporale
2834 2051 3243 2128 juramentum

622 2178 830 2220 coram
866 2160 1002 2241 ipso
1034 2159 1321 2238 Collegio
1354 2175 1491 2220 ante
1525 2159 1873 2237 ingressum
1897 2158 2247 2235 Conclavis,
2279 2177 2337 2220 et
2371 2159 2616 2239 quoties
2649 2179 2810 2240 opus
2842 2157 3042 2232 fuerit,
3076 2178 3242 2239 prae-

621 2281 775 2327 stare
823 2282 1166 2342 teneantur,
1216 2286 1375 2347 quae
1424 2265 1680 2346 quidem
1726 2265 1841 2326 nisi
1878 2265 2150 2343 fecerint,
2184 2267 2277 2326 vel
2311 2267 2360 2326 si
2397 2268 2462 2327 in
2496 2266 2583 2327 eis
2617 2267 2835 2327 dolum
2868 2281 2927 2326 et
2959 2264 3234 2326 fraudem

620 2372 1066 2451 commiserint,
1116 2373 1452 2454 praedictas
1504 2391 1755 2453 poenas,
1803 2387 1864 2433 et
1912 2389 2138 2434 ceteras
2184 2374 2248 2433 in
2299 2373 2464 2435 dicta
2495 2373 2733 2435 constit.
2768 2373 2952 2450 Greg.
2986 2372 3059 2432 X.
3095 2390 3248 2433 con-

622 2495 817 2541 tentas
850 2481 1185 2542 incurrant.

842 2596 870 2658 S
907 2590 1006 2650 28.
1055 2588 1369 2650 Volumus
1417 2604 1624 2648 autern
1671 2607 1880 2666 neque
1915 2607 2024 2668 per
2059 2589 2381 2667 Praelatos,
2417 2609 2619 2670 neque
2654 2609 2762 2670 per
2795 2589 3108 2663 RectoreS,
3142 2599 3246 2646 aut

622 2694 932 2758 Officiales
964 2696 1267 2779 praefatos
1303 2696 1455 2759 ultra
1490 2715 1679 2776 quam
1715 2696 2136 2777 praemittitur,
2171 2696 2528 2759 Cardinales
2561 2697 2790 2774 arctari,
2826 2714 3029 2775 neque
3064 2712 3236 2775 prae-

622 2820 826 2865 sentes
878 2804 987 2864 has
1039 2820 1278 2865 nostras
1325 2803 1795 2864 constitutiones
1847 2822 1954 2883 per
1999 2803 2355 2881 Collegium
2402 2803 2831 2865 Cardinalium
2879 2801 3007 2863 ullo
3054 2798 3250 2860 modo

622 2910 880 2986 alterari,
924 2911 1164 2989 corrigi,
1209 2929 1313 2972 aut
1360 2910 1676 2972 immutari
1724 2930 1923 2991 posse,
1955 2910 2062 2971 sed
2094 2909 2227 2971 illas
2260 2929 2467 2972 coram
2505 2911 2800 2972 omnibus
2834 2911 2910 2971 de
2946 2909 3134 2969 verbo
3167 2907 3248 2966 ad

623 3019 880 3077 verbum
914 3018 977 3078 in
1012 3018 1205 3096 prima
1238 3017 1716 3098 congregatione
1750 3034 1887 3098 post
1919 3018 2160 3079 obitum
2193 3018 2511 3080 Pontificis
2544 3018 2673 3080 fieri
2705 3018 2899 3093 solita,
2931 3031 2990 3078 et
3021 3013 3244 3075 deinde

621 3138 761 3203 post
794 3123 1122 3186 Conclavis
1155 3126 1503 3205 ingressum
1538 3127 1679 3204 legi,
1715 3141 1774 3185 et
1806 3125 2010 3202 jurari,
2053 3146 2130 3187 eo
2163 3127 2356 3188 modo
2390 3146 2521 3207 quo
2554 3128 2846 3205 leguntur
2877 3141 2937 3185 et
2968 3123 3252 3201 jurantur

622 3231 866 3293 constit.
902 3231 1044 3292 Julii
1065 3232 1133 3293 11.
1157 3249 1216 3294 et
1248 3233 1513 3295 aliorum
1549 3234 2096 3315 praedecessorum
2133 3251 2507 3313 nostrorum,
2541 3252 2818 3314 quorum
2851 3229 3240 3294 constitutio-

622 3337 825 3417 nibus,
875 3355 932 3399 et
980 3340 1198 3420 poenis
1248 3340 1312 3401 in
1346 3340 1433 3401 eis
1467 3341 1771 3402 contentis
1810 3341 1970 3402 ultra
2003 3342 2336 3423 praemissa
2369 3362 2480 3423 per
2513 3343 2670 3402 hanc
2702 3354 2979 3401 nostram
3012 3336 3250 3399 constit.

621 3448 916 3528 derogare
969 3467 1100 3509 non
1153 3448 1553 3527 intendimuS,
1606 3451 1712 3511 sed
1766 3451 1964 3529 magis
2015 3471 2115 3512 eas
2165 3450 2551 3528 confirmare,
2604 3451 2919 3528 innovare,
2970 3464 3027 3510 et
3073 3466 3244 3508 com-

621 3558 899 3637 probare.

835 3672 864 3731 5
916 3683 1015 3739 29.
1068 3663 1142 3724 Et
1192 3683 1269 3724 ne
1321 3664 1725 3728 dissensionis
1772 3667 2036 3745 occasi0,
2082 3682 2186 3727 aut
2236 3666 2583 3727 schismatis
2633 3666 2881 3741 oriatur,
2932 3665 3252 3734 volumus,

621 3790 1039 3845 censurarum,
1086 3787 1144 3831 et
1188 3772 1914 3833 excommunicationum
1947 3774 2378 3854 praefatarum,
2413 3788 2471 3833 et
2503 3771 2761 3833 aliarum
2796 3788 3248 3852 quarumcum-

619 3899 743 3961 que
796 3894 1129 3960 praetextu,
1165 3879 1521 3941 Cardinales
1567 3901 1601 3940 a
1646 3881 1963 3943 Pontificis
2012 3882 2328 3956 electione,
2376 3882 2568 3942 active
2602 3880 2697 3941 vel
2730 3879 2967 3961 passive
3001 3876 3245 3939 excludi

617 3986 793 4047 nullo
839 3987 1033 4046 modo
1082 4005 1281 4066 posse,
1327 4006 1482 4066 quas
1534 3987 1789 4067 quidem
1835 3988 2531 4063 excommunicationeS,
2576 4003 2634 4047 et
2677 4005 2971 4047 censuras
3004 3986 3080 4046 ad
3113 3985 3237 4045 ele-

619 4094 841 4154 ctionis
875 4093 1161 4155 effectum
1196 4109 1456 4171 tantum,
1492 4093 1607 4155 illis
1638 4094 1784 4155 alias
1816 4094 1880 4154 in
1913 4115 2034 4156 suo
2067 4097 2289 4157 robore
2311 4094 2751 4175 permansuris,
2772 4092 3235 4174 suspendimus,

620 4217 678 4262 et
712 4222 1045 4281 suspensas
1079 4222 1210 4263 esse
1242 4202 1556 4278 volumus,
1591 4218 1650 4262 et
1682 4202 2084 4264 declaramus·
2137 4204 2552 4265 Decernentes
2586 4222 2845 4282 quoque
2879 4221 3244 4263 excommu-

620 4305 980 4382 nicationes,
1011 4321 1067 4366 et
1100 4326 1392 4368 censuras
1426 4308 1585 4388 ipsas
1618 4327 1765 4369 eum
1798 4309 2005 4371 solum
2040 4309 2301 4387 afficere,
2352 4310 2459 4390 qui
2492 4308 2837 4389 deliquerit,
2870 4325 3002 4368 non
3035 4320 3242 4367 autem

620 4412 773 4472 alios
807 4412 1104 4473 Conclavi
1139 4414 1396 4476 durante
1431 4436 1575 4478 cum
1609 4437 1685 4478 eo
1719 4435 2172 4481 conversantes.

837 4529 865 4589 5
904 4540 1002 4599 30.
1065 4526 1155 4581 Ac
1189 4538 1538 4602 praesentes
1572 4540 1811 4586 nostras
1844 4525 2224 4605 ubicumque
2258 4525 2628 4586 electionem
2661 4523 2893 4585 summi
2927 4520 3244 4583 pontificis

622 4628 805 4690 etiam
842 4644 1005 4689 extra
1040 4628 1273 4690 Urbem
1310 4630 1437 4693 fieri
1473 4632 1814 4712 contigerit,
1848 4632 2060 4693 locum
2092 4632 2334 4709 habere,
2370 4648 2429 4694 et
2462 4631 2772 4694 observari
2806 4630 3046 4691 debere.

836 4747 865 4807 5
904 4758 1003 4818 3¹·
1053 4742 1143 4798 Ac
1194 4737 1447 4821 insuper
1502 4741 1630 4802 illas
1677 4741 1741 4801 in
1787 4741 1977 4801 valvis
2026 4739 2301 4801 basilicae
2351 4740 2643 4822 principis
2675 4739 3147 4820 Apostolorum,
3188 4753 3244 4798 et

620 4843 1034 4905 Cancellariae
1068 4846 1483 4925 Apostolicae,
1515 4866 1583 4907 ac
1616 4846 1679 4907 in
1713 4846 1838 4907 acie
1863 4846 2083 4927 Campi
2119 4844 2333 4907 Florae
2369 4866 2476 4926 per
2508 4846 2750 4926 aliquos
2790 4846 3095 4907 Cursores
3127 4863 3246 4905 no-

620 4967 776 5009 stros
822 4950 960 5028 legi,
1011 4966 1070 5011 et
1118 4952 1436 5030 publicari,
1483 4973 1550 5014 ac
1597 4952 1846 5014 illorum
1881 4953 2121 5033 copiam
2156 4953 2388 5014 ibidem
2424 4951 2670 5014 affixam
2702 4950 2946 5027 dimitti,
2978 4966 3037 5011 et
3069 4951 3244 5012 dein-
