3684 5416
544 1530 591 1562 to

543 2062 587 2107 ¹5

538 2605 590 2635 20

537 3143 586 3185 25

539 3689 591 3731 3³

537 4224 585 4268 35

649 363 715 434 56
1611 361 1861 417 Ecclesia
1890 361 2297 434 antiquissima.

860 547 1010 609 Can.
1047 548 1196 609 LXI.
1248 548 1352 610 De
1383 548 1508 622 his,
1540 552 1650 629 qui
1678 547 1914 610 duabus
1932 548 2248 609 sororibus
2267 548 2650 629 copulantur.
2685 547 2747 609 Si
2781 549 2922 629 quis
2956 564 3095 629 post
3126 548 3263 609 obi·-

648 673 783 719 tum
816 657 1024 718 uxoris
1056 676 1203 718 suae
1236 674 1514 717 sororem
1547 656 1678 717 eius
1710 655 1975 732 duxerit,
2006 670 2066 715 et
2097 654 2225 735 ipsa
2248 655 2429 716 fuerit
2450 654 2665 727 fidelis,
2697 655 3203 735 quinquennium
3225 675 3261 715 a

646 764 1092 825 communione
1145 763 1371 845 placuit
1414 763 1733 839 abstineri,
1778 762 1895 823 nisi
1957 762 2111 823 forte
2158 762 2432 823 velocius
2482 762 2611 823 dari
2663 781 2875 843 pacem
2938 762 3261 824 necessitas

647 871 914 951 coegerit
947 870 1330 932 infirmitatis.

858 980 1014 1041 Can.
1042 977 1215 1039 LXII.
1256 977 1359 1038 De
1403 979 1648 1057 aurigis
1680 983 1740 1038 et
1756 979 2160 1059 pantomimis
2209 978 2272 1037 si
2315 983 2763 1037 convertantur.
2815 976 2877 1037 Si
2912 976 3122 1057 auriga
3156 992 3262 1037 aut

648 1085 1070 1167 pantomimus
1115 1085 1359 1146 credere
1408 1084 1735 1161 voluerint,
1785 1083 2012 1164 placuit
2051 1100 2116 1144 ut
2149 1083 2318 1164 prius
2350 1084 2580 1144 artibus
2612 1082 2741 1144 suis
2772 1084 3152 1159 renuntient,
3202 1099 3263 1143 et

645 1209 791 1254 tunc
838 1194 1096 1254 demum
1145 1193 1577 1273 suscipiantur,
1629 1191 1706 1251 ita
1753 1207 1820 1251 ut
1868 1191 2121 1252 ulterius
2165 1191 2239 1251 ad
2280 1211 2349 1251 ea
2400 1210 2530 1252 non
2589 1204 2989 1265 revertantur,
3056 1189 3161 1269 qui
3209 1188 3262 1249 si

646 1300 842 1362 facere
874 1316 1084 1362 contra
1120 1300 1514 1361 interdictum
1545 1297 1929 1369 tentaverint,
1967 1298 2361 1379 proiiciantur
2392 1300 2469 1358 ab
2501 1298 2767 1359 ecclesia.

858 1410 1013 1471 Can.
1053 1408 1254 1471 LXIII.
1318 1408 1421 1468 De
1452 1406 1769 1480 uxoribuS,
1802 1405 2154 1486 quaefilios
2185 1426 2259 1465 ex
2288 1404 2593 1466 adulterio
2625 1412 2859 1467 necant.
2902 1404 2965 1465 Si
2999 1425 3120 1484 qua
3155 1424 3263 1486 per

644 1517 1020 1578 adulterium
1064 1517 1312 1576 absente
1359 1514 1578 1574 marito
1622 1532 1740 1574 suo
1785 1512 2157 1593 conceperit,
2201 1512 2388 1592 idque
2450 1527 2587 1593 post
2652 1511 2885 1573 lacinus
2949 1511 3257 1587 occiderit,

647 1623 889 1705 placuit,
940 1642 1053 1683 nec
1103 1622 1166 1682 in
1218 1621 1407 1682 finem
1455 1620 1724 1682 dandam
1770 1638 1903 1680 esse
1949 1619 2483 1695 communionem,
2527 1638 2605 1680 eo
2645 1620 2816 1698 quod
2864 1618 3264 1697 geminaverit

645 1729 861 1792 sceluS.

859 1837 1011 1897 Can.
1040 1837 1168 1897 LXI
1176 1836 1243 1898 V.
1275 1836 1378 1897 De
1390 1837 1717 1914 foeminis,
1737 1854 1892 1915 quae
1910 1854 2100 1915 usque
2120 1835 2205 1895 ad
2218 1841 2470 1896 mortem
2492 1855 2629 1896 cum
2650 1834 2877 1896 alienis
2899 1838 3055 1896 viris
3075 1835 3263 1896 adul-

646 1950 867 2005 terant.
909 1944 973 2003 Si
1007 1963 1128 2023 qua
1162 1962 1360 2023 usque
1392 1942 1456 2003 in
1490 1942 1680 2003 finem
1716 1941 1930 2002 mortis
1961 1962 2109 2003 suae
2141 1960 2286 2004 cum
2318 1942 2520 2004 alieno
2554 1942 2686 2002 viro
2719 1941 2903 2003 fuerit
2924 1942 3263 2013 moechata,

646 2051 890 2132 placuit.
926 2069 1039 2110 nec
1070 2050 1133 2111 in
1166 2050 1352 2111 finem
1386 2050 1649 2111 dandam
1686 2049 1742 2110 ei
1774 2069 1907 2109 esse
1927 2049 2460 2111 communionem.
2493 2049 2558 2110 Si
2577 2067 2726 2109 vero
2758 2068 2903 2109 eum
2926 2048 3259 2129 reliquerit,

646 2173 783 2239 post
817 2159 1031 2219 decem
1064 2174 1260 2218 annos
1292 2157 1544 2238 accipiat
1577 2157 2096 2218 communionem
2128 2174 2255 2217 acta
2288 2155 2558 2237 legitima
2595 2155 2987 2236 poenitentia.

858 2266 1012 2327 Can.
1048 2264 1229 2326 LXV.
1289 2264 1390 2324 De
1437 2264 1737 2325 adulteris
1783 2262 2074 2324 uxoribus
2120 2264 2506 2324 clericorum.
2573 2262 2634 2324 Si
2667 2262 2843 2324 cuius
2874 2262 3074 2323 clerici
3107 2280 3264 2323 uxor

647 2373 824 2434 fuerit
858 2374 1179 2434 moechata
1213 2388 1271 2433 et
1302 2370 1504 2432 scierit
1535 2389 1674 2431 eam
1706 2370 1965 2431 maritus
1996 2389 2148 2431 suus
2179 2370 2492 2431 moechari
2513 2385 2571 2431 et
2591 2386 2718 2430 non
2739 2386 2874 2430 eam
2895 2369 3096 2430 statim
3120 2389 3261 2451 pro-

645 2480 867 2555 iecerit,
901 2498 1014 2540 nec
1047 2479 1110 2539 in
1143 2478 1331 2539 finem
1365 2477 1620 2558 accipiat
1651 2477 2198 2551 communionem3
2235 2496 2314 2537 ne
2345 2478 2421 2537 ab
2442 2476 2538 2537 his
2559 2476 2666 2557 qui
2685 2477 3042 2558 exemplum
3063 2479 3263 2538 bonae

648 2585 1129 2648 conversationis
1162 2604 1291 2645 esse
1325 2585 1568 2663 debent,
1616 2587 1692 2645 ab
1726 2583 1813 2644 eis
1847 2583 2169 2645 videantur
2199 2584 2500 2645 scelerum
2537 2584 2881 2667 magisteria
2914 2583 3265 2664 procedere.

860 2693 1013 2755 Can.
1050 2691 1255 2754 LXVI.
1319 2691 1424 2753 De
1468 2690 1590 2765 leis,
1636 2694 1749 2773 qui
1780 2693 2113 2772 privignas
2159 2712 2306 2753 suas
2337 2692 2584 2753 ducunt.
2649 2690 2712 2753 Si
2746 2691 2886 2773 quis
2920 2689 3260 2772 privignam

646 2821 820 2862 suam
870 2799 1111 2861 duxerit
1156 2817 1438 2873 uxorem,
1488 2817 1564 2859 eo
1611 2799 1782 2878 quod
1830 2797 1908 2858 sit
1939 2798 2228 2876 incestus,
2262 2798 2486 2879 placuit
2519 2817 2634 2859 nec
2670 2798 2734 2859 in
2770 2797 2962 2858 finem
2994 2797 3265 2858 dandam

645 2927 776 2968 esse
808 2905 1345 2970 communionem.

856 3014 1010 3075 Can.
1043 3013 1278 3074 LXVII.
1340 3013 1443 3074 De
1483 3015 1770 3093 coniugio
1803 3012 2265 3074 catechumenae
2277 3016 2612 3090 foeminae.
2677 3013 3143 3074 Prohibendam
3184 3029 3262 3072 ne

645 3142 766 3201 qua
801 3121 995 3182 fidelis
1027 3121 1121 3181 vel
1154 3121 1595 3182 catechumena
1630 3136 1733 3180 aut
1766 3136 2043 3182 comatos
2074 3136 2180 3180 aut
2199 3121 2363 3181 viros
2384 3120 2718 3182 cinerarios
2740 3121 3035 3193 habeant;
3071 3137 3262 3199 quae-

645 3246 917 3308 cumque
951 3228 1071 3287 hoc
1103 3226 1369 3304 fecerint,
1403 3226 1855 3288 communione
1888 3242 2221 3287 arceantur.

855 3335 1010 3396 Can.
1049 3334 1305 3396 LXVIII.
1335 3334 1438 3395 De
1467 3333 1897 3395 catechumena
1938 3333 2246 3407 adultera,
2278 3353 2433 3413 quae
2442 3334 2665 3413 filium
2698 3340 2889 3394 necat.
2954 3332 3261 3394 Catechu-

642 3461 845 3516 mena,
879 3441 929 3503 si
981 3459 1088 3522 per
1133 3440 1506 3502 adulterium
1558 3440 1912 3521 conceperit
1961 3455 2021 3500 et
2071 3440 2523 3521 praefocaverit,
2565 3440 2793 3521 placuit
2838 3458 2977 3500 eam
3027 3438 3092 3500 in
3143 3436 3263 3499 fine

644 3551 952 3631 baptizari.

857 3657 1011 3719 Can.
1051 3655 1258 3717 LXIX.
1309 3654 1411 3715 De
1442 3656 1596 3714 viris
1629 3657 1986 3735 coniugatis
2005 3661 2225 3736 postea
2260 3656 2325 3715 in
2358 3653 2729 3714 adulterium
2762 3654 2975 3735 lapsis.
3026 3654 3090 3715 Si
3122 3652 3263 3734 quis

644 3763 797 3825 forte
846 3765 1079 3824 habens
1122 3780 1382 3823 uxorem
1413 3761 1603 3822 semel
1635 3761 1815 3822 fuerit
1848 3762 2074 3842 lapsus,
2107 3760 2332 3842 placuit
2366 3780 2512 3821 eum
2543 3760 3050 3841 quinquennium
3083 3779 3261 3840 agere

644 3873 867 3932 debere
916 3869 1352 3951 poenitentiam
1403 3884 1462 3928 et
1506 3869 1593 3929 sic
1641 3869 2038 3945 reconciliari,
2088 3868 2204 3929 nisi
2240 3868 2566 3929 necessitas
2598 3867 2962 3928 infirmitatis
2996 3866 3264 3947 coegerit

642 3994 782 4040 ante
815 3993 1063 4057 tempus
1096 3975 1224 4036 dari
1259 3975 1805 4048 communionem;
1845 3976 1966 4036 boc
2000 3990 2058 4036 et
2090 3975 2244 4037 circa
2279 3974 2579 4036 foeminas
2612 3975 3093 4037 observandum.

856 4086 1008 4146 Can.
1045 4084 1229 4145 LXX.
1290 4083 1393 4143 De
1416 4085 1739 4161 foeminis,
1787 4104 1944 4163 quae
1992 4085 2257 4144 consciis
2297 4084 2543 4143 maritis
2582 4081 2949 4142 adulterant.
3012 4080 3076 4142 Si
3116 4099 3262 4141 cum

643 4191 1015 4253 conscientia
1063 4188 1259 4250 mariti
1298 4209 1454 4251 uxor
1505 4189 1687 4251 fuerit
1730 4190 2074 4266 moechata,
2122 4189 2347 4271 placuit
2394 4207 2509 4250 nec
2555 4189 2621 4250 in
2668 4187 2855 4249 finem
2901 4188 3171 4248 dandam
3204 4187 3261 4248 ei

644 4298 1192 4371 communionem3
1247 4298 1295 4358 si
1329 4315 1474 4358 vero
1506 4317 1642 4357 eam
1678 4296 2006 4376 reliquerit,
2039 4312 2179 4378 post
2211 4297 2424 4357 decem
2457 4313 2657 4356 annos
2689 4294 2941 4376 accipiat
2973 4313 3261 4355 commu-

644 4407 919 4482 nionem,
951 4406 1001 4466 si
1033 4425 1164 4467 eam
1201 4423 1346 4466 cum
1379 4405 1555 4466 sciret
1587 4404 1926 4465 adulteram
1960 4405 2172 4483 aliquo
2203 4420 2480 4484 tempore
2518 4403 2583 4463 in
2617 4403 2812 4464 domo
2846 4421 2958 4463 sua
2994 4400 3262 4462 retinuit.

857 4514 1009 4575 Can.
1044 4513 1253 4575 LXXI.
1333 4512 1434 4573 De
1497 4511 1952 4594 stupratoribus
1987 4520 2341 4593 puerorum.
2405 4509 2868 4591 stupratoribus
2918 4525 3263 4591 puerorum

645 4641 756 4683 nec
790 4622 850 4682 in
885 4620 1074 4682 finem
1106 4620 1376 4681 dandam
1408 4639 1538 4680 esse
1571 4618 2101 4680 communionem.

858 4730 1011 4790 Can.
1046 4727 1280 4789 LXXII.
1342 4726 1446 4787 De
1476 4726 1679 4786 viduis
1712 4726 1979 4786 moechis
2011 4726 2072 4786 si
2098 4727 2349 4785 eundem
2374 4731 2587 4805 postea
2621 4725 2910 4783 maritum
2943 4722 3251 4782 duxerint.

643 4837 706 4898 Si
740 4858 862 4918 qua
894 4838 1080 4897 vidua
1113 4834 1293 4896 fuerit
1324 4837 1644 4895 moechata
1667 4848 1727 4893 et
1745 4834 2015 4894 eundem
2040 4849 2246 4913 postea
2269 4830 2549 4893 habuerit
2566 4829 2875 4906 maritum,
2912 4843 3053 4909 post
3071 4827 3261 4908 quin·-

646 4944 903 5024 quennii
936 4959 1182 5022 tempus
1216 4958 1345 5003 acta
1377 4942 1649 5021 legitima
1685 4941 2060 5023 poenitentia
2097 4940 2322 5022 placuit
2354 4959 2486 5000 eam
2523 4937 2959 4999 communioni
2980 4935 3259 4998 reconci-
