3684 5416
420 1035 447 1079 5

394 1570 451 1602 10

391 2106 446 2150 ι5

384 3177 445 3221 ²5

379 3712 448 3758 30

378 4325 446 4371 35

1139 396 1408 456 Potestas
1449 396 1830 453 ecclesiastica
1871 411 1929 455 et
1965 398 2267 471 imperium
2306 399 2483 457 civile.
3021 422 3118 474 ¹05

501 574 581 655 k)
716 577 874 654 XVI,
920 597 1013 656 ιο,
1061 597 1132 639 12
1168 579 1315 659 (302
1354 580 1514 642 Nov.
1553 583 1631 656 8.)

717 696 966 751 IMPPP.
991 696 1563 768 THEOD(OSIVS),
1587 700 2024 769 ARCADUVS)
2052 703 2153 758 ET
2180 702 2630 770 HONORQVS)
2663 707 2835 761 AAA.
2861 706 2967 762 AD
2992 706 3120 764 RU-

611 783 843 840 FINUM
883 785 1406 854 P(AEFECTVM)
1446 790 1960 858 P(RAETOR10).

717 900 944 961 Nullus
989 900 1273 977 omnin0,
1317 922 1389 963 ex
1434 901 1714 982 quolibet
1753 921 1977 982 genere
2011 902 2231 965 ordine
2263 903 2597 965 hominum
2631 903 2995 983 dignitatum
3026 907 3120 968 vel

504 1004 568 1065 in
600 1020 894 1087 potestate
926 1006 1178 1087 positus,
1227 1007 1323 1068 vel
1364 1008 1604 1070 honore
1638 1008 2015 1091 perfunctus,
2048 1010 2171 1070 sive
2205 1026 2424 1092 potens
2457 1027 2622 1071 sorte
2656 1012 2968 1088 nascendi,
3003 1033 3111 1074 seu

505 1110 756 1173 humilis
812 1132 1037 1193 genere
1097 1114 1463 1176 condicione
1511 1115 1758 1178 fortuna
1804 1116 1868 1178 in
1916 1116 2093 1178 nullo
2139 1097 2386 1198 penitus
2432 1117 2590 1195 loc0,
2638 1117 2702 1178 in
2751 1118 2917 1178 nulla
2952 1120 3121 1192 urbe,

504 1237 689 1280 sensu
737 1219 1084 1282 carentibus
1127 1221 1488 1299 simulacris,
1535 1222 1632 1283 vel
1681 1223 1993 1284 insontem
2042 1222 2353 1283 victimam
2400 1223 2611 1284 caedat
2660 1224 2755 1284 vel
2799 1224 3121 1286 secretiore

505 1324 750 1405 piaculo
797 1326 985 1388 larem
1033 1327 1196 1406 igne,
1243 1347 1417 1389 mero
1457 1329 1732 1408 genium,
1781 1345 2033 1413 penates
2083 1329 2277 1394 odore
2324 1345 2670 1408 veneratus,
2704 1331 2995 1392 accendat
3024 1330 3119 1392 lu-

508 1432 692 1508 mina,
722 1433 980 1514 inponat
1012 1452 1163 1512 tura,
1198 1452 1354 1498 serta
1385 1438 1736 1519 suspendat.
1784 1459 1833 1499 1.
1859 1436 2051 1513 Quod
2085 1438 2133 1498 si
2168 1437 2478 1519 quispiam
2511 1434 2834 1500 immolare
2856 1438 3121 1499 hostiam

506 1539 951 1603 sacrificaturus
982 1543 1249 1620 audebit,
1279 1561 1384 1605 aut
1414 1545 1702 1627 spirantia
1735 1561 1866 1606 exta
1900 1544 2246 1622 consulere,
2280 1544 2357 1605 ad
2402 1543 2754 1626 exemplum
2797 1545 3121 1608 maiestatis

508 1667 668 1724 reus,
711 1647 871 1708 licita
918 1650 1151 1711 cunctis
1195 1652 1606 1730 accusatione,
1654 1651 1914 1728 delatus,
1942 1652 2215 1733 ‘excipiat
2261 1651 2630 1712 sententiam
2663 1666 3121 1733 conpetentem,

507 1753 741 1814 etiamsi
787 1755 939 1815 nihil
985 1772 1195 1819 contra
1241 1759 1502 1821 salutem
1535 1758 1903 1840 principum,
1950 1774 2053 1819 aut
2097 1758 2174 1819 de
2221 1758 2414 1819 salute
2448 1757 2796 1839 quaesierit.
2862 1757 3117 1836 Sufficit,

508 1861 674 1921 enim
721 1861 798 1922 ad
831 1862 1103 1925 criminis
1134 1865 1386 1942 molem,
1436 1880 1685 1926 naturae
1719 1865 1909 1947 ipsius
1941 1864 2107 1944 leges
2141 1864 2293 1925 velle
2325 1864 2688 1942 rescindere,
2722 1864 2949 1926 inlicita
2982 1884 3120 1946 per-

508 1969 758 2029 scrutari
802 1970 1043 2030 occulta
1087 1971 1418 2044 recludere,
1451 1971 1768 2032 interdicta
1800 1986 2117 2052 temptare,
2168 1969 2357 2031 finem
2401 1988 2695 2052 quaerere
2728 1971 2942 2033 salutis
2973 1971 3118 2032 alie-

510 2093 644 2150 nae,
687 2094 858 2156 spem
906 2076 1088 2137 alieni
1134 2077 1412 2139 interitus
1444 2078 1740 2159 polliceri.
1823 2098 1877 2140 2.
1932 2077 1995 2138 Si
2030 2077 2168 2158 quis
2200 2096 2346 2139 vero
2380 2076 2621 2139 mortali
2660 2096 2847 2159 opere
2882 2078 3031 2139 facta
3066 2094 3124 2139 et

506 2200 726 2242 aevum
770 2202 1019 2264 passura
1063 2183 1391 2246 simulacra
1441 2184 1711 2267 inposito
1756 2200 1891 2245 ture
1935 2184 2347 2262 venerabitur,
2395 2203 2463 2245 ac
2510 2183 2772 2246 ridiculo
2815 2184 3119 2267 exemp10,

505 2303 790 2350 metuens
833 2290 1040 2352 subito
1073 2311 1230 2371 quae
1277 2292 1406 2374 ipse
1451 2291 1855 2371 simulauerit,
1888 2291 1984 2352 vel
2026 2291 2305 2353 redimita
2349 2290 2510 2351 vittis
2543 2292 2761 2351 arbore
2794 2290 2888 2351 vel
2922 2306 3117 2352 erecta

507 2393 742 2457 effossis
792 2416 888 2456 ara
940 2398 1268 2479 cespitibus
1317 2418 1505 2460 vanas
1551 2399 1872 2478 imagines,
1923 2397 2256 2459 humiliore
2305 2397 2444 2459 licet
2495 2396 2768 2457 muneris
2821 2397 3117 2478 praemi0,

509 2518 714 2563 tamen
760 2503 940 2585 plena
985 2503 1297 2583 religionis
1344 2504 1581 2583 iniuria,
1629 2505 1939 2566 bonorare
1972 2506 2371 2588 temptaverit,
2407 2505 2457 2565 is
2488 2519 2702 2587 utpote
2735 2503 2992 2564 violatae
3025 2524 3119 2566 re—

503 2609 747 2688 ligionis
791 2628 929 2672 reus
974 2631 1043 2672 ea
1088 2611 1283 2673 domo
1327 2631 1436 2673 seu
1483 2612 1874 2695 possessione
1921 2611 2294 2691 multabitur,
2340 2611 2406 2672 in
2452 2632 2575 2693 qua
2623 2629 2767 2672 eum
2800 2609 3109 2691 gentilicia

507 2719 843 2782 constiterit
891 2720 1321 2802 superstitione
1372 2720 1759 2782 famulatum.
1822 2720 2112 2800 Namque
2162 2719 2374 2781 omnia
2407 2720 2558 2797 loca,
2593 2739 2752 2799 quae
2785 2718 2934 2780 turis
2966 2736 3118 2779 con-

505 2825 719 2888 stiterit
748 2846 976 2908 vapore
1012 2827 1294 2906 fumasse,
1326 2828 1374 2889 si
1410 2843 1616 2889 tamen
1650 2847 1720 2888 ea
1752 2827 1813 2888 in
1845 2826 1978 2888 iure
2001 2826 2188 2889 fuisse
2210 2826 2652 2889 turificantium
2677 2827 3116 2907 probabuntur,

506 2930 658 2993 fisco
693 2949 907 2993 nostro
939 2933 1308 2995 adsocianda
1341 2953 1685 2995 censemus.
1752 2954 1805 3014 3.
1846 2934 1956 2994 Sin
2005 2952 2151 2995 vero
2198 2934 2260 2995 in
2297 2933 2542 3015 templis
2575 2932 2802 2994 fanisve
2838 2930 3118 3013 publicis,

505 3054 612 3099 aut
665 3040 729 3099 in
777 3040 1035 3101 aedibus
1082 3041 1315 3121 agrisve
1362 3041 1591 3118 alienis,
1646 3040 1762 3102 tale
1809 3041 2120 3123 quispiam
2171 3040 2548 3103 sacrificandi
2594 3059 2795 3121 genus
2846 3057 3121 3100 exercere

505 3147 917 3227 temptauerit,
952 3147 1000 3208 si
1033 3148 1353 3226 ignorante
1386 3148 1648 3210 domino
1683 3164 1973 3230 usurpata
2005 3148 2361 3225 constiterit,
2396 3147 2611 3227 viginti
2633 3147 2915 3227 quinque
2937 3145 3120 3207 libras

504 3253 641 3314 auri
686 3254 916 3316 multae
963 3255 1215 3317 nomine
1262 3271 1519 3333 cogetur
1563 3255 1807 3336 inferre,
1856 3255 2247 3317 coniventem
2296 3273 2444 3316 vero
2485 3254 2630 3316 huic
2668 3252 2879 3315 sceleri
2914 3271 3023 3334 par
3054 3272 3122 3313 ac

503 3359 948 3422 sacrificantem
995 3380 1197 3442 poena
1242 3361 1540 3424 retinebit.
1603 3381 1663 3441 4.
1715 3361 1906 3437 Quod
1955 3362 2212 3444 quidem
2258 3361 2337 3423 ita
2384 3381 2491 3442 per
2522 3361 2771 3437 iudices,
2804 3380 2873 3421 ac
2906 3359 3118 3421 defen-

504 3485 694 3542 sores,
726 3482 784 3528 et
815 3467 1070 3528 curiales
1121 3466 1507 3546 singularum
1559 3468 1831 3543 urbium,
1885 3470 2177 3530 volumus
2230 3467 2546 3543 custodiri,
2597 3484 2664 3528 ut
2697 3466 2837 3527 ilico
2870 3486 2978 3547 per
3009 3466 3123 3527 hos

505 3590 820 3656 comperta
852 3574 915 3635 in
948 3574 1245 3636 iudicium
1277 3575 1632 3637 deferantur
1664 3594 1774 3656 per
1804 3575 1946 3637 illos
1979 3576 2173 3637 delata
2206 3576 2568 3656 plectantur.
2632 3574 2695 3635 Si
2729 3572 2882 3653 quid
2916 3587 3122 3632 autem

505 3680 548 3740 ii
581 3680 921 3763 tegendum
953 3681 1160 3762 gratia,
1192 3698 1298 3743 aut
1331 3681 1566 3743 incuria
1598 3681 2212 3762 praetermittendum
2249 3701 2382 3743 esse
2414 3679 2803 3757 crediderint,
2839 3697 3121 3739 commo-

505 3787 663 3847 tioni
711 3787 1063 3848 iudiciariae
1110 3788 1551 3856 subiacebunt:
1605 3786 1700 3848 illi
1740 3805 1887 3847 vero
1935 3787 2151 3848 moniti
2185 3788 2233 3848 si
2267 3786 2600 3848 vindictam
2632 3785 3120 3847 dissimulatione

506 3894 871 3973 distulerint,
917 3894 1160 3974 triginta
1206 3894 1500 3956 librarum
1546 3895 1679 3956 auri
1727 3894 2057 3976 dispendio
2106 3894 2547 3972 multabuntur,
2600 3891 2817 3955 officiis
2866 3910 3122 3971 quoque

507 4019 728 4062 eorum
779 4002 1010 4065 damno
1061 4001 1235 4083 parili
1285 4002 1708 4081 subiugandis.
1768 3980 2080 4061 DAT.'V1.
2120 4006 2214 4062 11).
2254 4004 2435 4061 Nov.
2477 3999 3120 4072 CONST(ANT1NO)-

506 4111 705 4166 POLI.
768 4111 1106 4167 ARCADIO
1145 4114 1212 4167 A.
1251 4113 1317 4167 11.
1355 4114 1455 4167 ET
1495 4112 1776 4168 RVFINO
1820 4113 2087 4168 CONSS.

506 4294 564 4369 l)
717 4295 879 4373 XVI,
925 4315 1016 4373 10,
1054 4315 1129 4375 25
1167 4295 1313 4377 (435
1354 4297 1512 4359 Nov.
1557 4298 1668 4376 14.)

723 4423 922 4478 IMPP.
949 4423 1502 4491 THEOD(OSIVS)
1542 4426 1644 4479 ET
1674 4423 2311 4492 VALOENTINDANV
2317 4422 2356 4478 S
2384 4425 2505 4478 AA.
2530 4422 2837 4477 ISIDORO
2867 4422 3119 4487 Pam-2-

615 4513 902 4581 FECTO)
941 4512 1456 4581 P(RAETOR10).

722 4625 1036 4688 Omnibus
1068 4625 1390 4688 sceleratae
1425 4625 1648 4687 mentis
1683 4646 1956 4708 paganae
1989 4625 2342 4687 execrandis
2374 4625 2715 4687 hostiarum
2748 4622 3119 4684 immolatio-

509 4734 693 4795 nibus
725 4732 1218 4814 damnandisque
1249 4733 1555 4795 sacrificiis
1597 4734 1936 4814 ceterisque
1970 4732 2395 4813 antiquiorum
2428 4732 2821 4793 sanctionum
2854 4729 3118 4791 auctori-

505 4855 626 4901 tate
675 4840 995 4921 prohibitis
1043 4840 1462 4902 interdicimus
1507 4856 1857 4922 cunctaque
1902 4859 2125 4901 eorum
2174 4840 2309 4901 fana
2341 4838 2570 4920 templa
2603 4838 2879 4913 delubra,
2915 4836 2965 4896 si
2997 4855 3120 4915 qua

506 4948 691 5009 etiam
725 4966 894 5010 nunc
925 4963 1151 5010 restant
1180 4948 1435 5030 integra,
1467 4962 1792 5030 praecepto
1826 4947 2294 5026 magistratuum
2317 4945 2547 5007 destrui
2567 4943 3116 5025 conlocationeque
