3684 5416
362 1544 413 1576 10

360 2078 407 2121 ¹5

351 3148 405 3191 25

351 4215 404 4262 35

1111 371 1374 426 Potestas
1413 373 1792 429 ecclesiastica
1832 387 1890 430 et
1926 374 2232 447 imperium
2272 375 2448 431 civile.

472 557 599 617 iore
619 556 824 618 studio
853 575 1278 637 expensuratn‚
1302 557 1517 638 quales
1550 578 1746 639 quan-

470 681 640 725 tosve
701 680 1012 745 respectus
1058 663 1461 726 habuerimus
1517 684 1634 727 nos
1691 680 1749 726 et

469 771 969 853 praedecessores
1031 771 1227 832 nostri
1276 791 1420 852 erga
1469 772 1749 834 subditos

469 878 843 955 Austriacos,
863 898 1053 959 quam
1071 894 1288 940 tenues
1308 898 1583 940 summas
1604 879 1747 940 inde

470 985 807 1066 perceperit
836 1005 1041 1047 annue
1075 985 1134 1047 S.
1156 986 1366 1062 Sedes,
1400 985 1466 1047 in
1498 986 1748 1066 qualem

471 1111 657 1153 usum
705 1092 832 1173 ipsa
878 1107 1194 1154 convertat
1238 1091 1468 1153 similes
1517 1094 1747 1154 contri-

468 1199 754 1261 butiones
796 1198 859 1259 in
893 1197 1062 1259 Orbe
1095 1198 1414 1278 catholicO,
1449 1200 1512 1261 in
1545 1200 1747 1262 subsi-

465 1305 747 1366 stentiam
810 1304 1236 1366 ministrorum
1298 1306 1744 1368 destinatorum

467 1413 543 1473 ad
589 1412 905 1473 servitium
948 1428 1006 1473 et
1051 1412 1464 1474 ministerium
1499 1413 1748 1475 univer-

468 1519 608 1580 salis
642 1518 964 1596 Ecclesiae,
1012 1538 1144 1580 non
1189 1538 1367 1580 secus
1400 1519 1745 1582 multorum

467 1625 873 1706 collegiorum
923 1624 1398 1687 constitutorum
1452 1627 1518 1687 in
1567 1626 1747 1687 variis

462 1732 691 1814 regnis,
727 1751 838 1813 pro
872 1734 1043 1793 bono
1075 1732 1392 1811 religionis
1411 1753 1480 1794 ac
1500 1733 1744 1794 missio-

467 1858 640 1917 num,
686 1857 799 1919 pro
843 1839 1306 1901 conservatione
1353 1855 1412 1901 et
1440 1858 1744 1921 propaga-

466 1947 633 2007 tione
681 1944 822 2006 fidei
870 1946 935 2007 in
978 1946 1276 2007 omnibus
1309 1947 1529 2008 mundi
1561 1946 1743 2027 parti-

467 2055 600 2113 bus.

566 2181 660 2223 ιι.
722 2160 787 2221 ln
836 2161 1069 2221 horum
1116 2159 1339 2221 seriem
1370 2180 1501 2222 non
1535 2162 1741 2223 referi—

465 2288 606 2329 mus
651 2266 1118 2328 exorbitantiam
1151 2268 1487 2346 Agentium
1533 2284 1591 2330 et
1624 2270 1743 2333 Ex-

467 2374 817 2457 peditorum
851 2373 1189 2452 Regiorum
1225 2389 1283 2434 et
1313 2374 1602 2452 aliorum,
1636 2376 1743 2456 qui

465 2503 499 2541 a
533 2482 675 2544 Mai.
697 2482 817 2543 Vra
848 2480 1231 2561 dependent;
1267 2480 1330 2542 in
1361 2482 1592 2542 Eadem
1627 2499 1741 2544 sta-

466 2589 551 2649 bit
595 2587 851 2668 aequius
895 2588 1174 2667 regulare
1206 2588 1556 2648 mercedem
1590 2608 1741 2670 ope-

463 2715 564 2757 rae
597 2712 655 2757 et
688 2694 898 2777 fatigio
929 2695 1208 2777 ipsorum
1228 2695 1737 2769 convenientem;

464 2819 630 2884 parte
677 2823 750 2863 ex
797 2818 1005 2864 nostra
1051 2802 1435 2883 pollicemur,
1469 2804 1642 2883 quod
1675 2804 1740 2865 in

463 2910 639 2970 omni
670 2909 1061 2990 expeditione
1079 2924 1205 2969 tam
1227 2909 1528 2988 Datariae,
1551 2929 1739 2990 quam

463 3015 725 3077 aliorum
760 3014 1111 3078 officiorum
1144 3016 1367 3078 Curiae
1402 3032 1646 3078 nostrae
1680 3018 1743 3080 in

461 3123 879 3203 qualicunque
925 3122 1174 3184 materia
1223 3142 1290 3184 se
1340 3125 1741 3205 subscripturi

461 3231 586 3291 sint
618 3229 984 3292 Cardinales
1016 3229 1328 3291 Praesides
1373 3232 1742 3312 respectivo-

459 3356 605 3399 rum
667 3337 896 3399 horum
946 3335 1322 3398 Officiorum
1385 3357 1531 3399 cum
1594 3353 1741 3399 nota

462 3444 752 3505 omnium
798 3463 1221 3524 expensarum,
1267 3444 1450 3504 etiam
1488 3445 1742 3506 ordina-

463 3552 698 3612 riorum
733 3551 1304 3613 emolumentorum
1338 3570 1451 3633 pro
1485 3552 1740 3630 Agenti-

463 3659 598 3735 bus,
633 3658 798 3718 unde
834 3656 981 3735 Maj.
1014 3658 1135 3719 Vra
1169 3659 1245 3719 de
1277 3658 1525 3720 veritate
1558 3659 1739 3739 plene

462 3764 880 3827 convincatur.
938 3771 944 3777 '

565 3892 655 3932 12.
688 3871 1229 3933 Commendamus
1263 3871 1407 3951 Maj.
1445 3873 1599 3933 Vrae
1633 3892 1740 3953 pe-

463 3978 767 4039 culiariter
797 3978 1329 4039 conservationem
1363 3978 1740 4041 Communi-

461 4100 675 4159 tatum,
709 4086 1058 4161 Domuum,
1106 4100 1161 4144 et
1197 4104 1606 4165 personarum
1639 4105 1739 4146 ec-

462 4192 601 4253 cles.
655 4192 1061 4272 Regularium
1124 4207 1184 4253 et
1235 4192 1621 4254 Secularium
1679 4193 1739 4254 in

460 4320 573 4361 sua
623 4300 1012 4381 proprietate,
1057 4300 1468 4379 possessoriis,
1523 4316 1581 4361 et
1631 4300 1738 4361 ad-

461 4406 905 4468 ministratione
958 4409 1293 4468 bonorum.
1331 4407 1398 4467 ln
1431 4407 1737 4469 Commu-

461 4514 648 4574 nitate
682 4513 1002 4575 Catholica
1052 4533 1400 4594 numquam
1445 4529 1742 4576 steterunt

462 4620 764 4681 Ecclesiae
782 4622 846 4681 in
866 4620 1136 4681 inferiori
1155 4620 1535 4697 conditione,
1551 4640 1740 4701 quarn

461 4727 597 4789 laici
647 4728 856 4809 quoad
890 4728 1309 4809 possessiones
1342 4728 1607 4808 legitime
1641 4748 1740 4789 ac-

463 4835 748 4914 quisitas,
814 4854 926 4896 nec
961 4851 1116 4896 stare
1157 4835 1411 4897 inferius
1460 4850 1737 4916 possunt,

464 4942 614 5023 quin
648 4942 870 5004 iniuria
903 4941 1005 5003 fiat
1037 4942 1296 5004 iustitiae
1319 4942 1738 5004 distributivae

2973 379 3075 450 265

1889 2161 1988 2221 Ad
2034 2180 2125 2222 10.
2157 2175 2217 2221 et
2260 2181 2351 2223 11.
2414 2162 2632 2242 Longe
2681 2183 2712 2223 a
2752 2182 2852 2225 me
2885 2165 3074 2238 abest,

1800 2282 1868 2328 ut
1899 2266 1963 2329 in
1995 2266 2234 2348 legibus
2267 2267 2420 2328 meis
2453 2287 2638 2349 super
2657 2270 3077 2349 quaestionata

1799 2374 2049 2436 materia
2094 2389 2441 2456 respectum
2488 2375 2812 2438 habuerim
2845 2377 3073 2439 Finan-

1797 2484 1935 2562 tiae,
1981 2498 2085 2544 aut
2118 2482 2426 2562 minutias,
2469 2483 2936 2545 exorbitantiatn
2971 2503 3072 2544 ex-

1799 2589 2060 2651 actionis
2080 2590 2415 2668 Agentium
2450 2590 2861 2672 respicientes.

1890 3872 1987 3933 Ad
2020 3892 2112 3933 12.
2146 3872 2295 3932 Non
2327 3870 2513 3932 deero
2533 3891 2818 3952 unquam
2843 3871 2907 3933 in
2933 3890 3076 3951 pro-

1798 3979 2067 4061 tegendo
2100 3998 2394 4059 personas
2426 3978 2860 4040 ecclesiasticas
2892 3997 3069 4038 secu—

1796 4086 1953 4147 lares
1986 4100 2044 4146 et
2078 4085 2385 4165 regulares
2414 4084 2478 4146 in
2498 4085 2624 4146 suis
2645 4084 2819 4146 iustis
2842 4084 3079 4146 iuribus

1798 4207 1856 4253 et
1901 4191 2317 4274 possessoriis,
2363 4191 2511 4252 item
2543 4191 2607 4252 in
2641 4193 3072 4273 promovendo

1798 4302 1970 4361 bono
2021 4298 2340 4379 religionis
2384 4314 2443 4359 et
2487 4298 2783 4380 proximi;
2838 4298 2938 4359 hic
2970 4299 3079 4359 erit

1796 4420 2040 4488 semper
2085 4405 2256 4466 solus
2303 4421 2361 4467 et
2408 4406 2631 4467 unicus
2663 4421 2976 4486 respectus
3009 4406 3072 4467 in

1796 4513 2032 4574 cunctis
2064 4512 2560 4575 ordinationibus
2593 4512 2764 4573 meis.
