3684 5416
961 376 1226 431 Potestas
1266 376 1647 432 ecclesiastica
1690 390 1747 433 et
1783 376 2088 448 imperium
2126 377 2301 432 civile.
2843 395 2939 452 ¹47

333 578 455 620 non
497 575 660 636 sunt,
707 557 824 620 nisi
868 558 1004 621 illae
1049 579 1209 641 quae
1242 560 1356 622 Dei
1399 576 1544 624 sunt
1587 580 1697 643 per
1745 581 1944 642 quem
1988 581 2162 644 reges
2194 578 2467 642 regnant,
2498 577 2556 623 et
2586 565 2940 628 conditores

329 665 530 745 legum
570 665 728 745 justa
773 666 1130 728 decernunt.
1190 667 1264 728 Et
1311 667 1675 749 quicunque
1723 688 1827 730 rex
1882 668 2174 731 veraciter
2204 687 2307 731 rex
2337 684 2445 746 est,
2476 667 2596 749 legi
2629 689 2760 731 non
2790 674 2940 733 sub-

329 770 489 849 jacet,
535 772 680 853 quia
724 772 819 834 lex
864 792 1000 836 non
1045 789 1134 835 est
1165 774 1364 856 posita
1397 773 1580 854 justo,
1624 775 1732 837 sed
1765 773 2029 854 injustis,
2064 791 2122 837 et
2153 793 2285 864 non
2318 775 2599 854 subditiS,
2641 777 2851 858 impiis
2882 795 2939 840 et

326 879 757 959 peccatoribus,
817 879 1140 959 sceleratis,
1183 882 1644 963 contaminatis,
1702 881 2040 965 parricidis,
2096 896 2156 943 et
2200 881 2552 962 matricidis,
2597 883 2941 961 homicidis,

256 1005 277 1049 5
327 984 677 1067 fornicariis,
728 987 1151 1050 masculorum
1197 989 1719 1061 concubitoribus,
1779 986 2104 1071 plagiariis,
2154 989 2574 1060 mendacibus,
2609 1006 2666 1052 et
2704 990 2754 1052 si
2787 992 2937 1073 quid

325 1091 486 1153 aliud
537 1114 718 1156 sanae
770 1093 1080 1157 doctrinae
1134 1095 1504 1174 adversatur,
1551 1112 1609 1158 et
1640 1096 1736 1158 his
1787 1096 1896 1177 qui
1949 1094 2241 1177 operibus
2285 1096 2483 1157 carnis
2526 1095 2816 1179 serviunt,
2862 1099 2939 1162 de

326 1198 549 1280 quibus
580 1200 726 1262 dicit
756 1201 1131 1283 Apostolus:
1173 1203 1525 1282 Manifesta
1558 1210 1758 1270 autem
1790 1210 1943 1272 sunt
1969 1211 2154 1286 opera
2183 1206 2419 1290 carnis,
2451 1225 2605 1286 quae
2632 1212 2779 1266 sunt
2784 1210 2938 1286 sor-

323 1307 574 1382 nicatio,
607 1309 1023 1383 immunditia,
1059 1308 1333 1383 luxuria,
1366 1311 1670 1373 idolorum
1702 1312 1998 1385 servitus,
2030 1311 2351 1390 veneficia,
2382 1311 2771 1387 inimicitiae,
2791 1333 2938 1375 con-

323 1417 638 1488 tentiones,
670 1414 1133 1489 aemulationes,
1167 1417 1324 1491 irae,
1344 1419 1543 1491 rixae,
1563 1418 2007 1492 dissensioneS,
2025 1423 2245 1492 sectae,
2267 1417 2560 1493 invidiae,
2578 1416 2939 1494 homicidia,

230 1540 276 1571 ιο
323 1519 666 1596 ebrietates,
697 1526 1191 1597 comessationes,
1223 1530 1286 1585 et
1310 1522 1411 1586 his
1441 1525 1705 1600 similia,
1746 1546 1901 1607 quae
1915 1525 2218 1607 praedico
2237 1524 2430 1599 vobis,
2449 1526 2615 1588 sicut
2613 1527 2936 1606 praedxbci,

226 2073 266 2117 ¹5

219 3146 265 3191 ²5

217 4216 261 4260 35

321 1631 604 1707 quoniam
636 1630 749 1709 qui
775 1628 931 1690 talia
962 1636 1158 1710 agunt
1187 1651 1441 1711 regnum
1476 1631 1608 1693 Dei
1633 1651 1754 1696 non
1793 1637 2240 1712 consequentur
2271 1630 2440 1709 (Gal.
2472 1652 2531 1694 ν.
2576 1654 2671 1711 19,
2695 1653 2849 1696 20-2
2868 1635 2936 1710 ι).

324 1733 448 1810 Qui
491 1749 700 1796 autem
752 1755 818 1796 se
863 1753 921 1797 et
967 1736 1119 1798 alios
1168 1737 1514 1800 secundum
1549 1736 1786 1800 fructus
1823 1738 2085 1819 Spiritus
2117 1738 2289 1818 regit,
2322 1740 2436 1819 qui
2460 1747 2605 1801 sunt
2632 1739 2935 1815 charitas,

312 1843 638 1921 gaudium,
672 1851 826 1924 pax,
870 1842 1336 1923 longanimitaS,
1379 1848 1723 1926 patientia,
1770 1845 2035 1919 bonitas,
2087 1845 2460 1925 benignitas,
2510 1848 2934 1921 mansuetudo,

299 1949 496 2028 fides,
530 1950 853 2024 modestia,
884 1951 1285 2025 continentia,
1316 1954 1597 2026 castitas,
1629 1951 1751 2031 legi
1772 1969 1904 2014 non
1924 1949 2214 2028 subjacet,
2234 1950 2378 2031 quia
2398 1951 2690 2014 adversus
2711 1951 2931 2032 hujus-

318 2056 485 2116 modi
526 2077 648 2117 non
694 2063 788 2118 est
827 2056 927 2118 lex
978 2055 1174 2133 (ibid,
1210 2058 1513 2139 22—23).
1580 2058 1702 2120 Sed
1736 2057 1880 2120 solo
1914 2056 2143 2135 judicio
2174 2056 2401 2120 Christi
2433 2056 2706 2133 subjacet
2737 2080 2769 2119 a
2802 2078 2931 2139 quo

319 2177 374 2223 et
416 2163 912 2226 remunerabitur
943 2161 1120 2241 cujus
1153 2182 1243 2226 est
1273 2164 1385 2246 qui
1416 2183 1664 2226 carnem
1697 2184 1877 2226 suam
1907 2163 2204 2245 crucifigit
2235 2183 2381 2225 cum
2412 2163 2573 2225 vitiis
2605 2179 2663 2225 et
2693 2183 2927 2228 concu-

317 2268 648 2350 piscentiis.
681 2271 983 2351 Alioquin
1015 2271 1273 2350 adulter,
1310 2271 1662 2352 homicidia,
1697 2270 1985 2350 injustus,
2014 2287 2241 2353 raptor,
2274 2286 2333 2332 et
2352 2270 2615 2332 aliorum
2639 2270 2927 2334 vitiorum

316 2376 623 2439 obnoxius
673 2377 950 2458 quilibet,
1002 2380 1097 2440 vel
1149 2396 1396 2459 secrete,
1444 2380 1542 2441 vel
1590 2380 1834 2461 publice
1883 2378 2254 2455 judicabitur
2283 2400 2317 2440 a
2348 2379 2785 2450 sacerdotibus,
2817 2380 2939 2461 qui·

315 2500 455 2546 sunt
505 2484 718 2546 throni
751 2484 887 2562 Dei,
938 2485 1000 2547 in
1051 2485 1280 2567 quibus
1306 2488 1483 2549 *Deus
1528 2487 1718 2562 sedet,
1763 2502 1824 2548 et
1869 2505 1978 2567 per
2022 2505 2183 2567 quos
2226 2505 2337 2548 sua
2386 2485 2653 2547 decernit
2684 2484 2926 2565 judicia,

317 2591 548 2671 quibus
593 2609 652 2653 et
697 2591 760 2653 in
805 2596 1103 2677 apostolis
1148 2595 1295 2674 suis,
1344 2615 1619 2677 quorum
1665 2596 1899 2658 locum*
1923 2595 1989 2658 in
2021 2594 2291 2657 Ecclesia
2336 2610 2568 2666 tenent,
2620 2595 2931 2666 Dominus

316 2698 492 2761 dixit:
531 2700 606 2761 Si
623 2703 979 2782 peccaverit
994 2705 1215 2782 frater
1245 2710 1410 2778 tuus,
1442 2706 1688 2786 corripe
1718 2725 1852 2765 eum
1889 2705 2053 2765 inter
2083 2710 2140 2764 te
2172 2711 2234 2765 et
2261 2704 2459 2785 §osum
2493 2702 2705 2765 solum.
2767 2704 2847 2765 Si
2872 2711 2930 2766 te

315 2827 432 2868 non
464 2807 764 2882 audierit,
796 2807 1019 2869 adhibe
1050 2830 1236 2869 unum
1268 2809 1370 2883 vel
1398 2811 1549 2872 duos
1564 2833 1590 2873 .·
1626 2810 1792 2892 quod
1817 2813 1881 2872 si
1909 2832 2018 2872 nec
2049 2817 2107 2871 te
2136 2811 2431 2884 audierit,
2464 2810 2568 2871 dic
2596 2809 2929 2875 Ecclesiae.

318 2912 507 2991 Quod
536 2914 600 2974 si
625 2935 734 2975 nec
764 2913 1106 2976 Ecclesiam
1139 2916 1443 2991 audierit,
1476 2919 1566 2979 sit
1594 2918 1716 2978 tibi
1741 2920 1908 2979 sicut
1926 2916 2204 2978 ethnicus
2224 2924 2285 2978 et
2285 2916 2663 2998 publicanus
2684 2917 2927 3006 (Matth.

314 3019 523 3099 XVIII,
571 3041 667 3100 15,
710 3022 824 3099 16).
886 3022 960 3083 Et
1005 3041 1085 3083 ne
1131 3023 1273 3104 quis
1305 3023 1368 3085 in
1401 3024 1520 3085 hoc
1551 3024 1933 3085 sacerdotem
1967 3023 2369 3105 parvipendat
2400 3021 2674 3099 adjunxit
2707 3023 2930 3085 Domi-

316 3146 463 3189 nus:
503 3115 715 3189 ⁴Amen
748 3129 886 3189 dico
918 3127 1109 3203 vobis,
1143 3150 1541 3212 quaecunque
1571 3130 1987 3211 alligaveritis
2017 3139 2201 3212 super
2234 3137 2488 3204 terram,
2519 3136 2704 3190 erunt
2731 3129 2929 3210 lzgrata

315 3241 373 3294 et
416 3237 483 3295 in
532 3234 721 3308 coelo,
767 3242 829 3295 et
869 3255 1262 3317 quaecunque
1288 3237 1597 3299 solveritis
1630 3246 1813 3319 super
1848 3244 2101 3312 terram,
2133 3243 2316 3299 erunt
2341 3235 2542 3298 soluta
2574 3243 2636 3298 et
2664 3239 2728 3297 in
2763 3236 2928 3298 coelo

313 3339 505 3416 (ibad,
553 3341 667 3420 18).
730 3342 805 3403 Et
848 3341 993 3403 item
1038 3342 1211 3405 dicit:
1267 3344 1406 3424 Qui
1445 3364 1550 3406 vos
1584 3345 1783 3418 audit,
1825 3365 1920 3405 me
1951 3345 2149 3418 audit,
2180 3350 2241 3404 et
2267 3346 2508 3425 quivos
2539 3345 2800 3426 spernit,
2834 3364 2929 3404 me

311 3451 557 3529 spernit
585 3448 748 3524 (Luc.
778 3448 854 3527 X,
900 3450 1016 3525 16).
1080 3448 1274 3526 Quod
1321 3450 1563 3528 dicitur,
1613 3450 1758 3531 quia
1788 3471 1823 3512 a
1858 3450 1993 3512 solo
2026 3451 2160 3511 Deo
2195 3449 2259 3511 in
2293 3469 2507 3529 regn0,
2553 3449 2727 3530 quod
2759 3465 2929 3530 pater

312 3574 460 3615 suus
493 3554 581 3616 illi
613 3554 858 3634 dimisit,
892 3555 1182 3617 constitui
1214 3556 1444 3637 potuit:
1480 3557 1676 3619 sciant
1708 3557 1816 3638 qui
1851 3559 1971 3619 hoc
2002 3556 2232 3633 dicunt,
2267 3556 2412 3636 quia
2446 3555 2702 3637 quidam
2735 3577 2767 3616 a
2790 3556 2926 3618 Deo

314 3660 375 3722 in
421 3661 764 3744 principatu
798 3662 1278 3742 constituuntur,
1312 3679 1381 3725 ut
1415 3665 1687 3746 Moyses,
1718 3663 1987 3741 Samuel,
2019 3678 2078 3724 et
2107 3662 2319 3741 Josias‚
2361 3663 2436 3724 de
2470 3682 2599 3743 quo
2631 3661 2926 3743 scriptum

313 3785 400 3831 est
431 3786 772 3850 antequam
808 3786 1176 3848 nasceretur,
1227 3770 1387 3832 Ecce
1399 3771 1597 3850 filius
1629 3777 1918 3832 nascetur
1948 3772 2159 3832 domui
2185 3769 2422 3844 David,
2451 3768 2651 3830 Iosias
2681 3771 2927 3829 nomine

313 3874 448 3954 (III
469 3876 624 3957 Reg.
654 3876 811 3957 XIII,
849 3879 929 3954 2),
978 3893 1037 3939 et
1081 3877 1316 3958 reliqua
1363 3897 1523 3958 quae
1556 3876 1638 3938 ibi
1670 3891 2035 3957 sequuntur.
2088 3875 2370 3952 ‘Quidam
2402 3895 2549 3937 vero
2582 3896 2615 3936 a
2648 3875 2786 3936 Deo
2818 3894 2927 3956 per

313 3982 657 4060 hominem,
703 3998 772 4044 ut
801 3983 1007 4059 Josue,
1056 3998 1116 4044 et
1150 3983 1363 4045 David.
1428 3983 1704 4059 Quidam
1750 3998 1959 4044 autem
2008 4003 2116 4063 per
2147 3981 2487 4058 hominem,
2531 4000 2661 4042 non
2693 3996 2762 4043 ut
2791 3981 2924 4043 sine

314 4107 473 4152 nutu
507 4089 736 4167 divine,
785 4089 928 4171 quia
960 4089 1112 4151 nihil
1142 4090 1229 4169 fit,
1264 4105 1333 4151 ut
1364 4090 1755 4170 Augustinus
1787 4089 1948 4166 dicit,
1980 4089 2097 4150 nisi
2128 4089 2300 4170 quod
2335 4103 2441 4151 aut
2472 4088 2600 4170 ipse
2634 4087 2788 4164 facit,
2820 4102 2926 4149 aut

314 4197 442 4260 fieri
488 4199 619 4281 ipse
665 4197 975 4280 permittit,
1023 4213 1084 4260 et
1129 4198 1437 4279 quidquid
1467 4197 1687 4276 agitur,
1730 4197 2074 4259 ministerio
2105 4196 2471 4279 angelorum
2501 4210 2561 4256 et
2592 4195 2925 4256 hominum

313 4306 531 4385 agitur,
581 4321 649 4366 ut
680 4305 982 4367 Salomon
1028 4303 1201 4383 jussu
1247 4304 1431 4387 patris
1466 4304 1663 4366 David
1712 4324 1822 4386 per
1854 4304 2098 4366 Sadoch
2138 4304 2538 4383 sacerdotem,
2586 4317 2651 4364 et
2678 4302 2924 4364 Nathan

315 4413 680 4495 prophetam
713 4412 844 4490 (JJJ
862 4412 1012 4493 Καρ.
1047 4412 1109 4489 1).
1173 4413 1248 4474 Et
1278 4411 1460 4473 muni
1491 4412 1720 4474 civium
1752 4394 1850 4474 vel
1879 4411 2149 4474 miiitum
2180 4410 2558 4473 fultiauxilio
2580 4396 2753 4490 reges
2773 4429 2922 4470 con-

313 4518 657 4582 stituuntur
687 4520 784 4581 vel
816 4518 1185 4597 dejiciuntur
1216 4519 1291 4581 de
1325 4519 1688 4601 principatu,
1719 4534 1781 4581 et
1799 4520 1985 4581 etiam
2005 4518 2216 4597 sancti,
2237 4519 2395 4579 sicut
2413 4517 2661 4579 Samuel
2683 4516 2754 4593 (I.
2771 4515 2922 4596 Reg.

315 4624 484 4704 Vlll).
551 4626 954 4689 Successione
1000 4628 1182 4690 etiam
1224 4643 1476 4709 paterna
1509 4627 1766 4708 quidam
1798 4643 2077 4706 regnant,
2112 4627 2267 4690 sicut
2298 4627 2373 4687 de
2407 4626 2504 4687 his
2536 4625 2826 4687 omnibus
2858 4624 2921 4684 in

215 4754 266 4792 4ο
317 4733 585 4795 historiis
630 4750 688 4795 et
731 4734 1060 4813 chroniciS,
1110 4751 1168 4798 et
1199 4735 1382 4797 etiam
1417 4735 1479 4796 in
1511 4735 1691 4814 libr0,
1725 4734 1834 4815 qui
1870 4734 2218 4795 inscribitur
2263 4733 2396 4795 Vita
2428 4731 2795 4805 Caesarum,
2828 4730 2921 4791 in-

314 4841 576 4901 venitur.
652 4840 927 4918 Quidam
978 4842 1289 4923 siquidem
1347 4842 1666 4924 tyrannica
1716 4841 2116 4923 usurpatione
2163 4839 2445 4902 obtinent
2495 4840 2919 4921 principatum,

317 4963 567 5028 propter
597 4969 706 5011 sua
739 4949 1126 5031 complenda,
1163 4951 1255 5012 vel
1289 4950 1503 5032 populi
1537 4949 1886 5011 ulciscenda
1905 4964 2245 5030 peccatum,
2281 4948 2356 5008 de
2377 4947 2604 5027 quibus
2625 4945 2920 5027 scriptum

2614 5047 2706 5104 ιο*
