3684 5416
385 1543 434 1576 to

384 2129 428 2172 ¹5

377 2704 431 2737 20

376 3243 428 3287 ³5

375 3983 430 4028 30

374 4608 425 4653 ⁴35

1485 370 1755 427 Pontifex
1793 391 2086 429 romanus.
2995 396 3104 450 455

489 554 741 616 effectus
790 553 992 615 sortiri
1037 569 1095 614 et
1140 553 1438 632 obtinere,
1487 575 1557 616 ac
1590 556 1661 617 iis
1694 558 1768 618 ad
1804 577 1967 638 quos
1999 574 2230 638 spectat
2262 574 2319 619 et
2352 579 2466 640 pro
2500 575 2780 642 tempore
2813 562 3107 642 spectabit

491 660 828 740 suffragari,
873 677 930 721 et
976 661 1052 720 ab
1100 659 1186 720 eis
1231 661 1560 742 respective
1593 678 1652 723 et
1684 663 2117 726 inviolabiliter
2148 665 2458 726 observari
2490 667 2730 741 debere,
2764 687 2834 729 ac
2864 668 3105 730 irritum

489 784 548 830 et
595 768 800 845 inane,
847 768 897 828 si
944 786 1121 829 secus
1164 786 1352 849 super
1397 768 1494 829 his
1540 791 1572 829 a
1620 790 2021 852 quacumque
2069 773 2287 852 quavis
2325 774 2681 835 auctoritate
2714 773 2975 853 scienter
3006 776 3108 836 vel

490 875 846 954 ignoranter
877 874 1204 954 contigerit
1234 875 1532 937 attentari.
1583 877 1728 938 Non
1763 878 2168 955 obstantibus,
2204 895 2508 959 quatenus
2542 901 2701 961 opus
2732 881 2828 959 sit,
2862 881 2939 942 de
2974 880 3104 958 jure

489 981 769 1061 quaesito
817 1001 947 1043 non
990 981 1287 1059 tollendO,
1319 981 1578 1063 aliisque
1612 984 1853 1045 Nostris
1886 1001 1943 1045 et
1976 985 2389 1047 Cancellariae
2423 986 2818 1068 Apostolicae
2852 989 3104 1069 regulis,

487 1088 761 1168 itemque
794 1102 921 1149 tam
953 1107 1061 1169 per
1080 1089 1508 1150 Alexandrum
1536 1089 1646 1167 111.,
1680 1089 2056 1169 Gregorium
2093 1093 2185 1169 X.‚
2217 1093 2603 1154 Clementem
2640 1094 2732 1172 V.,
2768 1096 2947 1156 Pium
2983 1095 3104 1175 lv„

488 1194 863 1273 Gregorium
894 1195 1051 1261 XV..
1087 1195 1479 1257 Clementem
1514 1195 1657 1273 XIL,
1703 1196 1988 1277 aliosque
2023 1199 2346 1260 Romanos
2379 1200 2708 1262 Pontifices
2739 1201 3104 1263 Praedeces-

487 1320 657 1363 sores
689 1302 970 1379 Nostros,
1019 1321 1212 1382 quam
1259 1302 1442 1363 etiam
1491 1322 1597 1384 per
1629 1304 1762 1364 Nos
1813 1305 1891 1365 de
1927 1305 2192 1366 Romani
2227 1305 2542 1367 pontificis
2587 1306 2885 1368 electione
2931 1307 3106 1369 editis

489 1409 1061 1470 Constitutionibus
1106 1424 1166 1470 et
1198 1409 1711 1471 ordinationibus
1749 1412 2136 1492 Apostolicis,
2183 1433 2450 1493 quarum
2497 1429 2739 1475 tenores
2772 1415 3104 1495 praesenti-

488 1518 619 1593 bus,
652 1530 971 1596 tamquam
1004 1515 1187 1597 plene
1220 1531 1280 1576 et
1311 1515 1691 1578 sufficienter
1723 1536 1792 1578 ac
1827 1518 1904 1578 de
1938 1521 2130 1579 verbo
2150 1520 2225 1579 ad
2247 1521 2506 1581 verbum
2525 1519 2788 1582 insertos
2810 1521 3104 1582 habentes

485 1621 700 1683 iisdem
736 1622 1031 1683 omnibus
1062 1637 1122 1683 et
1152 1622 1413 1702 singulis
1446 1624 1522 1683 ad
1558 1623 2041 1704 praemissorum
2077 1625 2392 1686 dumtaxat
2425 1625 2712 1687 effectum
2745 1627 2860 1689 illis
2894 1628 3102 1707 quoad

486 1728 720 1808 reliqua
766 1729 828 1789 in
874 1728 946 1789 iis
993 1746 1278 1790 contenta
1326 1729 1393 1791 in
1437 1748 1556 1791 suo
1603 1730 1810 1792 valore
1859 1731 2302 1812 permansuris,
2336 1732 2624 1794 latissime
2659 1750 2714 1794 et
2750 1734 3103 1815 plenissime

485 1836 879 1915 derogamus,
924 1837 1262 1916 ceterisque
1311 1836 1495 1898 etiam
1542 1836 1861 1898 individua
1902 1857 1971 1898 ac
2015 1837 2445 1919 specialissima
2482 1841 2796 1901 mentione
2830 1855 2891 1901 et
2921 1841 3100 1902 dero·

484 1942 731 2022 gatione
777 1941 979 2020 dignis
1012 1943 1330 2004 contrariis
1364 1942 1870 2024 quibuscunque.
1935 1944 2247 2004 Volumus
2279 1944 2554 2025 insuper,
2588 1961 2655 2007 ut
2689 1949 3102 2026 praesentium

485 2048 854 2111 Litterarum
886 2050 1288 2130 transumptis
1320 2070 1431 2112 seu
1466 2050 1762 2130 exemplis
1796 2049 1979 2111 etiam
2011 2050 2323 2132 impressis
2357 2070 2548 2113 manu
2583 2052 2843 2129 alicujus
2865 2054 3102 2114 Notarii

486 2155 825 2238 Apostolici
870 2154 1227 2236 subscriptis
1272 2174 1327 2217 et
1374 2156 1577 2237 sigillo
1628 2156 1887 2218 munitis
1935 2176 2233 2238 personae
2283 2157 2344 2218 in
2377 2158 2775 2220 ecclesiastica
2808 2158 3102 2239 dignitate

486 2262 852 2323 constitutae
899 2263 1115 2323 eadem
1163 2282 1417 2343 prorsus
1466 2262 1618 2324 fides
1668 2264 1984 2342 habeatur,
2019 2283 2178 2343 quae
2213 2263 2358 2345 ipsis
2393 2265 2814 2345 praesentibus
2847 2265 3102 2326 adhibe-

487 2384 669 2446 retur,
703 2369 754 2429 si
787 2367 991 2430 forent
1023 2369 1325 2430 exhibitae
1360 2370 1454 2430 vel
1486 2386 1785 2431 ostensae.
1832 2369 2004 2431 Nulli
2038 2389 2188 2450 ergo
2221 2370 2559 2432 hominum
2594 2371 2768 2432 liceat
2803 2372 2960 2431 hanc
2995 2391 3101 2452 pa-

485 2477 696 2556 ginam
728 2476 989 2537 Nostrae
1023 2475 1468 2556 permissionis,
1505 2475 2006 2557 dispensationis,
2044 2476 2359 2555 facultatis,
2393 2476 2819 2558 ordinationiS,
2854 2478 3101 2558 decreti,

485 2583 775 2659 mandati,
812 2582 1162 2658 voluntatis,
1194 2582 1615 2661 derogationis
1649 2583 2006 2662 infringere,
2043 2584 2136 2645 vel
2169 2584 2222 2645 ei
2254 2604 2412 2645 ausu
2433 2585 2759 2646 temerario
2780 2585 3099 2646 contraire.

485 2689 549 2751 Si
595 2688 734 2771 quis
785 2703 995 2751 autem
1042 2691 1164 2752 hoc
1209 2705 1501 2753 attentare
1549 2691 2051 2773 praesumpserit,
2103 2691 2601 2772 indignationem
2636 2691 3103 2773 Omnipotentis

485 2798 599 2859 Dei
644 2817 713 2858 ac
744 2799 1078 2859 Beatorum
1112 2799 1271 2860 Petri
1317 2816 1373 2860 et
1409 2799 1578 2860 Pauli
1616 2802 2064 2881 Apostolorum
2096 2799 2246 2877 Ejus
2292 2821 2356 2862 se
2407 2801 2643 2863 noverit
2685 2801 3103 2865 incursurum.

700 2905 928 2966 Datum
961 2905 1199 2967 Romae
1248 2907 1412 2987 apud
1466 2905 1527 2969 S.
1558 2906 1810 2967 Petrum
1844 2906 1942 2968 die
1987 2927 2080 2969 ιο.
2117 2907 2405 2969 Octobris
2439 2912 2627 2969 Anno
2673 2909 2853 2975 1877.
2889 2909 3098 2971 Ponti-

482 3010 699 3073 ficatus
730 3012 938 3073 Nostri
974 3017 1166 3072 Anno
1197 3011 1508 3075 tricesimo
1544 3014 1847 3075 secundo.
1944 3003 1952 3011 ”

696 3118 831 3198 Ego
882 3119 1027 3180 Pius
1077 3118 1410 3180 catholicae
1462 3119 1769 3181 Ecclesiae
1819 3120 2203 3202 Episcopus:
2256 3121 2568 3183 Antonius
2620 3122 2702 3183 M.
2755 3123 3102 3184 Cardinalis

483 3225 871 3287 Panebianco
924 3227 1011 3287 M.
1048 3227 1112 3287 Ρ.
1174 3260 1243 3268 -
1298 3226 1572 3308 Raphael
1625 3226 1974 3288 Cardinalis
2028 3228 2296 3289 Monaco
2350 3229 2643 3290 Vicarius.
2698 3264 2775 3273 —
2831 3232 3101 3291 Joannes

483 3330 664 3393 Card.
698 3332 976 3394 Simeoni
1011 3354 1043 3393 a
1076 3333 1333 3395 Secretis
1366 3333 1588 3395 Status.
1650 3331 1707 3412 [1.
1740 3354 1790 3395 c.
1827 3354 1966 3416 pag.
2003 3334 2394 3415 312—319.]

1232 3652 1306 3717 C)
1343 3651 1677 3705 Primatus
1715 3651 1973 3704 honoris
2014 3650 2356 3717 (Panium).

698 3798 1039 3871 Phillips‚
1092 3801 1496 3855 Kirchenrecht.
1551 3802 1726 3855 Tom.
1772 3802 1837 3857 V.
1879 3818 1935 3872 p.
1975 3801 2096 3871 615.
2178 3799 2630 3869 HinschiuS,
2685 3802 3097 3856 Kircltenrccht.

483 3881 656 3935 Tom.
685 3881 724 3935 1.
763 3897 816 3951 p.
847 3898 949 3951 209
976 3897 1094 3953 seq.
1148 3881 1517 3953 Vespasia
1541 3880 1641 3946 ni,
1679 3884 1764 3935 De
1788 3885 1941 3937 sacri
1961 3882 2126 3936 Pallii
2145 3883 2371 3952 origine.
2416 3882 2632 3935 Romae
2670 3880 2816 3952 1856.
2871 3882 3095 3936 Cave-

485 3961 521 4014 d
538 3978 574 4015 o
592 3960 695 4028 ni,
749 3962 1013 4016 Ricerche
1062 3963 1283 4017 critiche
1333 3965 1552 4017 intorno
1588 3963 1686 4016 all'
1707 3966 1920 4034 origine
1956 3983 1985 4016 e
2024 3967 2244 4032 ragione
2281 3964 2426 4016 della
2449 3963 2652 4037 forma
2688 3962 2779 4014 del
2814 3963 2868 4014 S.
2905 3962 3099 4016 Pallio.

484 4042 736 4097 Modena
784 4040 932 4113 1856.
986 4041 1133 4096 Hef
1143 4042 1289 4107 ele,
1328 4045 1586 4113 Beitr‹²ige
1622 4061 1724 4115 {ur
1758 4043 2323 4113 Kirchengeschichte.
2363 4042 2625 4098 Tom.11.
2655 4058 2708 4113 p.
2750 4059 2857 4110 2¹4
2881 4057 3001 4112 seq.

1124 4220 1250 4276 193.
1310 4221 1821 4277 INNOCENTIUS
1867 4222 1981 4278 111.
2022 4221 2456 4291 (llas—1216.)

982 4356 1048 4422 a)
1112 4354 1214 4408 De
1253 4372 1474 4409 sacro
1516 4355 1787 4409 altaris
1828 4354 2199 4428 mysterio
2242 4354 2420 4409 libri
2457 4371 2600 4409 sex.

694 4497 723 4526 ‘
776 4499 1079 4551 Innocentii
1112 4498 1211 4552 III.
1251 4503 1413 4568 opera
1466 4496 1746 4569 (Migne
1797 4500 1954 4554 Patr.
2008 4500 2104 4552 lat.
2147 4498 2216 4556 T.
2259 4501 2587 4569 214—217).
2638 4500 2812 4557 Tom.
2854 4498 2947 4550 IV.
2987 4496 3096 4551 col.

480 4593 585 4648 797
624 4593 745 4647 seq.
796 4575 1211 4631 Hinschius
1252 4577 1664 4631 Kt'rchenreclzt.
1706 4578 1880 4633 Tom.
1924 4578 1961 4631 1.
2001 4594 2053 4649 p.
2096 4596 2215 4632 211.

479 4707 551 4769 C.
584 4709 686 4787 63.
734 4707 836 4768 De
867 4708 1121 4789 palliis,
1156 4708 1267 4769 ubi
1307 4711 1568 4769 materia
1616 4715 1678 4769 et
1699 4711 1920 4787 forma
1953 4709 2281 4770 secundum
2316 4712 2666 4791 mysterium
2699 4714 3096 4789 exponuntur.

694 4831 955 4893 Palliurn
1003 4852 1134 4913 quo
1183 4832 1444 4894 maiores
1492 4846 1752 4893 utuntur
1803 4832 2100 4915 episcopi,
2147 4831 2448 4910 significat
2493 4830 2814 4912 disciplina
2847 4849 2969 4910 qua
3001 4850 3095 4890 se-

478 4938 646 5019 ipsos
681 4953 739 4999 et
770 4938 1049 5001 subditos
1083 4938 1524 5020 archiepiscopi
1559 4939 1787 5001 debent
1819 4957 2051 5019 regere.
2119 4939 2234 4999 Per
2278 4940 2438 4999 hanc
2477 4936 2815 5018 acquiritur
2845 4951 3097 5017 torques
