3684 5416
580 351 682 405 286
1205 353 1468 408 Potestas
1509 353 1884 408 ecclesiastica
1929 367 1983 408 et
2026 353 2334 425 imperium
2375 355 2547 411 civile.

578 536 808 596 riorum
860 535 1278 612 jurisdictione
1325 537 1886 605 subtrahendarum
1932 539 2009 607 ad
2056 538 2341 603 effectum
2391 540 2493 603 illa
2526 557 2585 601 et
2619 541 2750 611 illas
2786 542 3187 616 Dioecesibus

577 642 732 704 infra
780 643 1013 724 scriptis
1060 642 1299 704 noviter
1345 644 1737 727 aggregandi,
1782 660 1967 724 atque
2014 646 2468 726 incorporandi,
2517 665 2705 730 prout
2735 650 2932 729 magis
2962 650 3027 722 in
3064 650 3189 711 Do·-

577 750 751 810 mino
801 766 1229 832 opportunum
1285 750 1483 811 visum
1537 750 1734 827 fuerit,
1785 767 1844 811 et
1893 751 2113 815 auditis
2161 753 2342 814 etiam
2376 753 2845 817 venerabilibus
2881 756 3190 827 Fratribus

577 857 815 918 Nostris
849 856 908 919 S.
944 859 1016 918 R.
1052 858 1118 917 E.
1153 857 1592 919 Cardinalibus
1625 860 2116 940 congregationi
2165 862 2240 921 de
2290 861 2692 943 Propaganda
2740 863 2888 924 Fide
2920 864 3186 945 Praepo-

496 987 516 1029 5
576 965 705 1025 sitis
754 965 828 1025 ad
883 984 1109 1026 novam
1145 964 1541 1027 Dioecesium
1594 964 2230 1047 circumscriptionem
2287 969 2640 1049 procedere,
2694 984 2760 1029 ut
2805 969 3186 1051 singularum

475 1527 523 1556 10

476 2078 517 2120 ¹5

466 2615 517 2646 20

467 3151 515 3194 25

465 3685 516 3728 30

465 4221 514 4264 35

577 1073 876 1133 distinctis
909 1072 1137 1133 finibus
1170 1072 1566 1153 quaestiones
1588 1092 1810 1133 omnes
1832 1072 2192 1134 auferantur
2211 1075 2365 1145 circa
2389 1075 2734 1156 Spiritualis
2755 1073 3191 1152 jurisdictionis

575 1180 949 1257 exercitium,
985 1199 1196 1240 earum
1235 1180 1769 1259 Distributionern,
1820 1201 1889 1242 ac
1926 1181 2306 1251 Divisionem
2341 1182 2417 1243 de
2451 1183 2845 1264 Apostolicae
2880 1184 3190 1265 potestatis

577 1286 960 1367 plenitudine
994 1287 1401 1364 decernimus,
1454 1288 1943 1366 praescribimus,
1991 1303 2048 1347 et
2082 1288 2517 1349 constituimus
2552 1288 2712 1364 juxta
2746 1308 2910 1363 eum,
2946 1290 3054 1370 qui
3088 1309 3182 1351 se-

577 1394 806 1473 quitur,
844 1395 1125 1470 modum,
1159 1383 1467 1455 'videlicett

791 1502 1072 1579 (XXVII.)
1110 1500 1619 1583 Metropolitanae
1657 1501 1964 1562 Ecclesiae
1999 1503 2528 1567 Coloniensis
2562 1504 2855 1569 Dioece
2868 1504 2977 1574 sis
3009 1504 3190 1564 effor-

576 1611 840 1671 mabitur
886 1630 957 1670 ex
997 1610 1291 1671 Paraeciis
1337 1625 1695 1683 sexcentum
1743 1610 2055 1690 octoginta
2090 1631 2192 1672 sex
2227 1611 2445 1691 partim
2478 1612 2541 1672 in
2575 1612 2835 1686 sinistra,
2872 1612 3091 1693 partim
3126 1612 3189 1685 in

575 1719 814 1778 dextera
849 1718 1048 1780 Rheni
1098 1717 1224 1797 ripa
1272 1717 1503 1799 positis.
1566 1718 1639 1778 Et
1685 1718 1749 1778 in
1799 1718 2044 1779 sinistra
2088 1719 2341 1798 quidem
2394 1720 2834 1799 complectetur
2883 1718 3191 1791 Paraecia‘s

575 1846 792 1888 omnes
838 1826 1076 1906 pridem
1123 1826 1186 1886 in
1218 1845 1543 1906 suppressa
1577 1827 1654 1887 ad
1689 1845 1976 1908 praesens
2014 1827 2500 1907 Aquisgranensi
2535 1827 2817 1889 Dioecesi
2851 1841 3187 1899 comentaS,

578 1955 735 2016 quae
787 1936 861 1995 ad
914 1935 1265 1996 Provincias
1312 1936 1628 2016 pertinent
1675 1937 2149 2016 Coloniensem,
2200 1937 2828 2019 Dusseldorphinam,
2875 1951 2932 1996 et
2965 1935 3192 2015 Aquis-

575 2061 958 2122 granensem,
995 2061 1219 2123 nempe
1252 2043 1408 2104 ultra
1443 2044 1752 2104 Paraecias
1783 2042 2119 2105 Civitaturn
2156 2044 2479 2117 Coloniae,
2511 2060 2571 2105 et
2593 2042 2961 2125 Aquisgrani
2986 2042 3188 2117 Eccle-

576 2152 691 2212 sias
725 2151 1099 2219 Cantonales
1147 2167 1538 2230 nuncupatas
1589 2152 2170 2232 Bergheimerdorff,
2220 2153 2454 2229 Bonna,
2503 2154 2691 2232 vulgo
2737 2152 2940 2226 Bonn,
2986 2149 3193 2225 Brehl,

576 2261 843 2341 Kerpen,
876 2260 1244 2339 Lechenich,
1279 2260 1634 2337 kessenich,
1672 2261 2041 2337 Loevenich,
2080 2262 2535 2339 Meckenheim,
2560 2260 3021 2338 Munstereiffel,
3044 2260 3192 2325 201.-

574 2365 837 2437 biacum,
900 2364 1089 2445 vulgo
1142 2365 1425 2445 Zulpicb,
1492 2365 1758 2442 Crefeld,
1824 2367 2087 2443 Dablen,
2162 2367 2541 2447 Dormagen,
2598 2367 2799 2441 Elsen,
2851 2364 3190 2441 Gladbach,

575 2472 795 2545 Neus8‚
843 2472 1187 2553 Urdingen,
1236 2472 1515 2551 Viersen,
1573 2474 1955 2545 Burtscheid,
2003 2475 2467 2549 Marcodurum,
2512 2473 2703 2550 vulgo
2735 2473 2969 2549 Duren,
3001 2471 3190 2543 Erke-

573 2581 728 2654 lenz,
796 2580 1183 2657 Eschweiler,
1237 2581 1732 2651 Geilenkirchen,
1794 2583 2110 2658 Gemund,
2179 2582 2544 2661 Heinsberg,
2608 2581 2931 2650 Juliacum,
2999 2579 3188 2659 vulgo

573 2689 793 2767 Jalich,
845 2688 1137 2771 Linning,
1186 2685 1520 2768 Montjoie,
1566 2706 1625 2751 et
1656 2691 2003 2772 Niddegen‚
2040 2713 2161 2754 una
2197 2711 2338 2764 cum
2375 2710 2589 2752 earum
2622 2687 2906 2754 Ecclesiis
2938 2705 3188 2748 succur-

573 2797 818 2874 salibus,
851 2813 907 2858 et
929 2797 1198 2874 adnexis,
1234 2816 1394 2876 quae
1428 2797 1487 2858 in
1521 2798 1694 2858 dictis
1717 2798 2049 2860 Provinciis
2082 2799 2236 2860 intra
2264 2797 2573 2870 Borussici
2598 2796 2798 2875 Regni
2820 2794 2976 2862 fines
2995 2795 3189 2857 modo

572 2903 995 2981 inveniuntur,
1043 2925 1076 2964 a
1109 2903 1556 2965 Cantonalibus
1602 2902 2014 2983 disjungendo
2048 2905 2357 2966 Paraecias
2396 2903 2790 2978 succursales,
2835 2919 2893 2962 et
2924 2903 3188 2968 adnexas

573 3028 735 3070 extra
773 3011 1062 3089 Regnum
1097 3011 1346 3090 positas,
1384 3027 1447 3071 et
1484 3010 1785 3074 viceversa
1820 3012 2217 3088 succursales,
2250 3027 2309 3072 et
2341 3013 2607 3084 adnexas
2641 3009 2876 3090 pridem
2908 3009 3190 3092 penden-

574 3133 660 3176 tes
681 3137 713 3175 a
736 3116 1188 3188 Cantonalibus
1223 3117 1436 3196 positis
1475 3134 1637 3177 extra
1661 3118 1952 3196 Regnum
1988 3120 2382 3197 aggregando
2402 3115 2853 3178 Cantonalibus
2885 3115 2946 3176 in
2968 3115 3189 3196 Regno

574 3224 984 3284 existentibus.
1048 3225 1512 3304 Complectetur
1559 3242 1866 3307 praeterea
1903 3224 2274 3287 Cantonales
2309 3224 2607 3287 Ecclesias
2654 3226 2732 3285 ad
2779 3224 3188 3298 Leodiensem

576 3332 923 3394 Dioecesim
971 3333 1354 3413 pertinenteS,
1399 3353 1471 3393 ac
1518 3334 1923 3414 temporariae
1957 3333 2466 3395 administrationi
2500 3332 2783 3394 moderni
2819 3331 3035 3392 Vicarii
3068 3332 3187 3392 Ca-

575 3440 850 3520 pitularis
885 3440 1401 3521 Aquisgranensis
1450 3444 1526 3502 ab
1560 3440 1919 3523 Apostolica
1955 3442 2111 3503 Sede
2159 3441 2519 3503 commissas
2565 3439 2844 3504 videlicet
2890 3435 3188 3506 Ecclesias

574 3550 948 3610 Cantonales
1013 3567 1397 3630 nuncupatas
1451 3551 1908 3629 Cronemburg,
1962 3549 2203 3630 Eupen,
2259 3549 2587 3629 Malmedy,
2640 3545 3186 3620 Niederkruchten,

573 3656 916 3733 Schleiden,
961 3673 1020 3717 et
1052 3656 1134 3718 St.
1168 3656 1331 3734 Vith,
1381 3677 1501 3717 una
1551 3676 1695 3717 cum
1745 3676 1958 3717 earum
1993 3656 2460 3730 succursalibuS,
2493 3670 2551 3726 et
2581 3655 2832 3726 adnexis
2864 3654 2929 3714 in
2961 3653 3188 3716 Borus-

572 3764 690 3824 sica
727 3764 957 3828 ditione
989 3763 1133 3839 sitis,
1166 3783 1235 3823 ac
1267 3784 1372 3825 sex
1395 3763 1687 3825 Paraeciis
1720 3764 2191 3843 succursalibus,
2235 3762 2604 3841 nuncupatis
2636 3762 2859 3838 Afden,
2894 3759 3184 3838 Alsdorff,

574 3873 928 3952 Merkstein,
962 3873 1223 3946 Rolduc,
1256 3872 1493 3949 Ubach,
1525 3888 1585 3933 et
1618 3873 1815 3947 Welz,
1850 3874 2042 3933 modo
2075 3871 2494 3952 dependentes
2526 3890 2559 3929 a
2593 3869 2921 3931 Cantonali
2952 3869 3187 3934 Herck-

572 3981 772 4054 raede,
806 3980 1000 4060 posita
1032 3994 1197 4039 extra
1234 3979 1528 4059 Regnum
1561 3979 1976 4040 Borussicum.
2010 3980 2263 4059 Insuper
2296 3975 2739 4057 complectetur
2760 3973 3187 4046 novemdecim

572 4087 924 4148 Provinciae
957 4086 1477 4166 Aquisgranensis
1509 4087 1585 4147 ad
1606 4086 2038 4160 Trevirensem
2065 4084 2412 4150 Dioecesim
2446 4103 2643 4163 usque
2677 4103 2841 4144 nunc
2872 4083 3186 4164 pertinen-

576 4211 664 4254 tes
713 4193 1029 4255 Paroecias
1076 4208 1463 4272 nuncupatas
1499 4192 1867 4270 Allendorff,
1905 4191 2370 4268 Blankenheim,
2405 4190 2815 4268 Dollendorff,
2852 4189 3188 4267 Hollerath,

572 4300 1076 4376 Lommersdorff,
1098 4298 1501 4375 Manderfeld,
1525 4299 1907 4379 Marmagen,
1934 4299 2255 4378 Mulheim,
2280 4297 2710 4375 Nettersheim,
2733 4296 3187 4372 Reifferscheid,

575 4408 897 4481 Rescheid,
935 4407 1264 4486 Rigsdorff,
1320 4408 1513 4485 Rohr,
1566 4407 2018 4486 Schmittheim,
2073 4407 2454 4487 Schonberg,
2505 4403 2823 4481 Steinfeld,
2862 4402 3186 4476 Tondorff,

573 4515 965 4591 Udelhoven,
1001 4531 1058 4574 et
1093 4515 1527 4595 Wildenburg,
1561 4535 1702 4575 cum
1744 4514 1870 4575 suis
1917 4514 2167 4575 adnexis
2203 4513 2503 4574 EcclesiiS.
2575 4512 2643 4572 In
2690 4512 2933 4571 dextera
2982 4525 3186 4574 autem

572 4623 774 4684 Rheni
793 4622 938 4702 ripa,
955 4621 1414 4702 Provinciisque
1432 4621 1816 4697 Coloniensi,
1836 4620 2424 4701 Dusseldorphiana,
2445 4636 2501 4680 et
2517 4619 2957 4681 Confluentina
2972 4619 3185 4679 Parae-

573 4730 691 4790 cias
712 4728 1150 4810 complectetur
1182 4730 1560 4809 Regionum,
1584 4729 1909 4806 Juiliensis,
1937 4728 2559 4810 Dusseldorphianae,
2596 4727 2888 4802 EssensiS,
2924 4742 2981 4786 et
3013 4725 3183 4807 Sieg·

572 4837 907 4916 burgensis,
958 4857 1102 4898 cum
1153 4857 1365 4898 earum
1417 4837 1889 4915 succursalibuS,
1945 4854 2002 4897 et
2049 4836 2312 4912 adnexis,
2364 4836 2629 4916 demptis
2671 4850 2875 4896 tamen
2907 4833 3184 4904 Paraecia

574 4948 1059 5026 Romershagen,
1093 4945 1575 5008 paderbornensi
1613 4945 1895 5006 Dioecesi
1944 4961 2010 5005 ut
2051 4944 2203 5008 infra
2236 4943 2613 5024 applicanda,
2650 4962 2763 5004 nec
2795 4960 2925 5002 non
2957 4942 3182 5012 Paroe·
