3684 5416
356 1537 401 1568 to

354 2079 393 2122 ¹5

346 2613 397 2643 20

343 3147 392 3190 25

345 3682 396 3726 30

343 4218 392 4260 35

1101 364 1357 417 Potestas
1397 362 1773 418 ecclesiastica
1816 374 1874 417 et
1909 363 2211 434 imperium
2251 363 2426 419 civile.

2184 441 2323 447 -μ,
2961 383 3068 449 307.

459 549 789 609 incumbet.
854 547 1099 623 Quodsi
1149 548 1387 628 patroni
1435 545 1919 626 obligationibus
1965 547 2053 609 eis
2099 547 2299 629 alege
2333 547 2732 610 ecclesiastica
2766 549 3068 631 impositis

457 654 619 714 haud
658 654 838 734 plene
871 652 1254 725 satisfaciant,
1304 669 1362 714 et
1395 653 1769 734 praesertim,
1817 654 2074 733 quando
2107 654 2382 734 parocho
2416 653 2529 714 dos
2560 674 2633 716 ex
2669 655 2869 717 fundo
2903 656 3067 718 Reli-

455 760 656 839 gionis
691 761 1020 821 constituta
1052 761 1144 841 sit,
1179 760 1420 837 attentis
1454 780 1568 843 pro
1602 780 1809 822 rerum
1842 777 2001 822 statu
2035 761 2424 824 attendendis
2456 761 2912 843 providendum
2934 766 3065 828 erit.

670 872 797 928 Art.
833 864 1071 928 XXVII.
1135 870 1301 930 Cum
1352 866 1445 945 jus
1494 868 1558 928 in
1606 871 1770 929 bona
1817 868 2219 929 ecclesiastica
2253 889 2325 929 ex
2359 868 2651 931 canonica
2687 871 3068 933 institutione

459 974 703 1049 derivet,
753 993 994 1051 omnes,
1043 973 1151 1054 qui
1184 975 1260 1035 ad
1296 972 1585 1035 beneficia
1620 992 2039 1053 quaecunque
2071 973 2168 1034 vel
2201 973 2433 1051 majora
2466 975 2561 1035 vel
2592 976 2832 1037 minora
2868 978 3067 1038 nomi-

459 1081 578 1141 nati
611 1101 720 1142 seu
756 1081 1119 1162 praesentati
1153 1080 1396 1159 fuerint,
1447 1084 1756 1141 bonorum
1801 1080 2241 1162 temporalium
2274 1082 2504 1143 eisdem
2539 1102 2923 1145 annexorum
2960 1085 3066 1145 ad-

458 1188 963 1250 ministrationem
1012 1187 1257 1248 nonnisi
1304 1188 1524 1249 virtute
1575 1187 1910 1248 canonicae
1959 1187 2359 1250 institutionis
2402 1208 2715 1250 assumere
2764 1206 3068 1271 poterunt.

459 1295 764 1355 Praeterea
786 1295 847 1355 in
869 1296 1261 1375 possessione
1282 1293 1689 1355 Ecclesiarum
1710 1295 2175 1370 cathedralium,
2202 1298 2637 1376 bonorumque
2657 1316 3064 1365 annexorum,

456 1422 610 1481 quae
663 1402 723 1461 in
774 1401 1085 1462 canonicis
1132 1401 1550 1463 sanctionibus
1599 1417 1655 1462 et
1705 1402 2062 1483 praesertim
2091 1402 2153 1463 in
2187 1401 2525 1463 pontificali
2560 1419 2617 1463 et
2650 1404 3067 1465 Ceremoniali

457 1510 743 1569 Romano
795 1508 1160 1589 praescripta
1214 1524 1377 1583 sunt,
1433 1510 1721 1570 adcurate
1773 1511 2285 1585 observabuntur,
2340 1528 2721 1590 quocunque
2772 1530 2891 1572 usu
2942 1512 3066 1573 sive

455 1617 902 1677 consuetudine
937 1616 998 1676 in
1034 1616 1413 1677 contrarium
1447 1615 1702 1677 sublata.

668 1729 793 1783 Art.
827 1723 1095 1784 XXVIII.
1163 1724 1519 1805 Regulares,
1573 1723 1678 1803 qui
1730 1725 2079 1784 secundum
2138 1724 2390 1784 Ordinis
2440 1724 2537 1784 sui
2592 1726 3066 1786 constitutiones

453 1828 705 1907 subjecti
739 1846 887 1890 sunt
920 1831 1359 1911 Superioribus
1393 1830 1806 1892 Generalibus
1854 1849 2044 1911 penes
2078 1831 2500 1911 Apostolicam
2534 1831 2758 1892 Sedem
2793 1832 3065 1894 residen-

453 1939 632 2003 tibus.
686 1940 760 1998 ab
808 1937 1026 1998 iisdem
1074 1954 1365 2017 regentur
1409 1939 1484 1998 ad
1533 1937 1942 2018 praefatarum
1989 1936 2505 1998 constitutionum
2553 1956 2856 2013 normam,
2903 1940 3061 2000 salva

452 2064 654 2107 tamen
678 2044 1134 2126 Episcoporum
1167 2045 1520 2106 auctoritate
1555 2042 1717 2120 juxta
1752 2034 2074 2105 canonum*
2098 2061 2155 2104 et
2172 2044 2518 2105 Tridentini
2540 2046 2868 2126 praecipue
2890 2048 3061 2107 Con·

453 2152 571 2213 cilii
616 2152 982 2214 sanctiones
1045 2152 1235 2234 Igitur
1276 2152 1562 2232 praedicti
1597 2150 1962 2232 Superiores
1995 2151 2329 2212 Generales
2363 2171 2505 2212 cum
2540 2151 2798 2212 subditis
2830 2153 3063 2213 cunctis

454 2260 516 2319 in
564 2261 746 2320 rebus
792 2261 867 2320 ad
918 2259 1328 2320 ministerium
1376 2258 1520 2339 ipsis
1570 2259 1938 2319 incumbens
1970 2258 2386 2340 spectantibus
2418 2259 2605 2320 libere
2639 2261 3064 2320 communica·

455 2370 625 2437 bunt,
672 2365 860 2428 libere
908 2385 1164 2447 quoque
1212 2366 1618 2427 visitationem
1666 2367 1729 2426 in
1776 2367 2029 2427 eosdem
2074 2369 2462 2428 exercebunt.
2525 2366 2719 2427 Porro
2754 2367 3064 2446 regulares

454 2477 682 2554 absque
716 2475 1160 2555 impedimento
1194 2473 1510 2554 respectivi
1532 2473 1802 2551 Ordinis,
1839 2473 2102 2535 Instituti
2133 2494 2243 2535 seu
2267 2474 2786 2553 Congregationis
2820 2471 3062 2551 regulas

454 2584 885 2653 observabunt,
922 2598 979 2642 et
1011 2582 1172 2642 iuxta
1207 2582 1460 2641 Sanctae
1482 2581 1655 2642 Sedis
1688 2580 2203 2661 praescriptiones
2219 2580 2577 2641 candidatos
2598 2580 2674 2641 ad
2697 2580 3061 2640 novitiatum

452 2705 511 2750 et
541 2690 615 2749 ad
651 2687 1096 2770 professionem
1132 2688 1482 2769 religiosam
1513 2687 1854 2752 admittent.
1888 2689 2057 2749 Haec
2078 2688 2285 2749 omnia
2322 2688 2539 2769 pariter
2569 2689 3060 2749 observabuntur

454 2798 659 2876 quoad
697 2795 997 2857 moniales
1031 2796 1094 2857 in
1127 2796 1217 2872 iis,
1252 2815 1411 2876 quae
1445 2796 1605 2876 ipsas
1638 2796 1986 2876 respiciunt.

665 2902 1162 2983 Archiepiscopis
1200 2917 1259 2962 et
1293 2901 1611 2982 Episcopis
1643 2902 1909 2963 liberum
1941 2903 2070 2979 erit,
2121 2901 2183 2961 in
2218 2901 2477 2983 propriis
2513 2902 2910 2963 Dioecesibus
2943 2902 3061 2962 Or-

451 3011 625 3070 dines
675 3028 785 3069 seu
819 3007 1352 3088 Congregationes
1403 3008 1714 3087 religiosas
1766 3011 2086 3089 utriusque
2132 3029 2313 3070 sexus
2361 3007 2523 3085 juxta
2558 3030 2762 3071 sacros
2796 3027 3062 3071 canones

452 3116 850 3186 constituere;
923 3114 1473 3178 communicabunt
1521 3131 1730 3177 tamen
1782 3133 1851 3176 ea
1904 3117 1979 3177 de
2045 3135 2108 3177 re
2173 3135 2315 3177 cum
2370 3117 2695 3178 Gubernio
2761 3117 3064 3197 Imperiali

451 3222 720 3285 consilia.

665 3336 792 3390 Art.
830 3330 1046 3392 XXIX.
1086 3330 1350 3392 Ecclesia
1385 3329 1514 3408 jure
1548 3350 1664 3391 suo
1700 3330 1969 3410 pollebit,
2004 3350 2195 3391 novas
2230 3329 2391 3408 justo
2426 3332 2647 3410 quovis
2677 3330 2853 3391 titulo
2876 3331 3062 3391 libere

450 3436 804 3516 acquirendi
840 3436 1258 3518 possessiones
1291 3435 1550 3516 ejusque
1587 3436 1923 3516 proprietas
1956 3436 2021 3496 in
2054 3437 2363 3513 omnibuS,
2399 3455 2555 3516 quae
2580 3455 2748 3497 nunc
2771 3436 3058 3516 possidet,

451 3542 545 3603 vel
581 3544 983 3624 imposterum
1035 3544 1326 3624 acquiret,
1379 3542 1747 3603 inviolabilis
1779 3543 2135 3604 solemniter
2167 3544 2295 3604 erit.
2364 3543 2630 3604 Proinde
2665 3544 2871 3623 quoad
2908 3543 3064 3602 anti-

455 3671 608 3731 quas
642 3670 959 3731 novasque
995 3651 1424 3711 ecclesiasticas
1463 3650 1859 3710 fundationes
1906 3650 2075 3710 nulla
2109 3650 2201 3710 vel
2236 3650 2591 3730 suppressio
2622 3649 2717 3709 vel
2752 3649 2905 3709 unio
2938 3648 3068 3708 fieri

451 3758 691 3838 poterit,
740 3761 971 3837 absque
1017 3757 1361 3818 interventu
1402 3756 1776 3817 auctoritatis
1812 3757 2204 3837 Apostolicae
2238 3757 2431 3829 Sedis,
2464 3756 2644 3817 salvis
2678 3756 3067 3817 facultatibus

452 3888 482 3926 a
518 3865 702 3926 Sacro
736 3865 1024 3927 Concilio
1055 3864 1422 3926 Tridentino
1456 3865 1778 3947 Episcopis
1813 3865 2069 3927 tributis,

665 3977 791 4034 Art.
826 3972 1017 4032 XXX.
1067 3973 1389 4033 Bonorum
1422 3971 1977 4033 ecclesiasticorum
2010 3971 2456 4034 administratio
2488 3973 2653 4052 apud
2688 3992 2794 4032 eos
2826 3970 2955 4047 erit,
2992 3972 3064 4030 ad

452 4101 612 4161 quos
641 4081 990 4141 secundum
1027 4081 1321 4141 Canones
1353 4096 1598 4160 spectat.
1667 4081 1928 4140 Attentis
1960 4096 2164 4141 autem
2200 4078 2512 4154 subsidiiS,
2547 4099 2706 4160 quae
2738 4079 3065 4157 Augustis-

450 4191 646 4251 simus
696 4188 1029 4270 Imperator
1079 4188 1154 4247 ad
1203 4187 1614 4248 Ecclesiarum
1670 4187 2131 4248 necessitatibus
2182 4187 2640 4267 providendum
2696 4207 2766 4247 ex
2816 4186 3068 4266 publico

449 4297 682 4359 aerario
738 4297 1002 4376 benigne
1051 4311 1309 4376 praestat
1356 4312 1412 4355 et
1461 4296 1801 4377 praestabit,
1850 4297 2068 4356 eadem
2104 4298 2265 4355 bona
2300 4294 2485 4355 vendi
2515 4294 2610 4354 vel
2644 4294 2897 4358 notabili
2931 4313 3067 4374 gra-

449 4407 575 4467 vari
608 4424 796 4466 onere
832 4422 961 4464 non
997 4417 1302 4485 poterunt,
1341 4403 1456 4463 nisi
1491 4419 1624 4463 tum
1649 4403 1865 4463 Sancta
1889 4401 2100 4478 Sedes,
2138 4417 2271 4461 tum
2300 4399 2583 4478 Maiestas
2616 4401 2739 4462 Sua
2772 4401 3066 4461 Caesarea

452 4530 556 4575 aut
602 4514 658 4585 ii,
705 4513 934 4592 quibus
983 4511 1104 4571 hoc
1151 4529 1385 4571 munus
1433 4510 1950 4570 demandandum
1982 4509 2287 4584 duxerint,
2322 4526 2699 4568 consensum
2730 4507 3068 4568 tribuerint.

457 4618 462 4623 ⁴
667 4625 795 4681 Art.
829 4620 1047 4681 XXXI.
1113 4619 1308 4694 Bona,
1359 4637 1519 4698 quae
1569 4618 1821 4694 fundos,
1875 4618 1961 4678 uti
1995 4618 2327 4698 appellant,
2363 4615 2708 4694 Religionis
2741 4632 2798 4676 et
2830 4616 3066 4676 studio-

453 4749 593 4790 rum
641 4727 1050 4805 constituunt‚
1099 4746 1172 4787 ex
1219 4743 1439 4787 eorum
1488 4726 1728 4805 origine
1762 4725 1837 4785 ad
1874 4725 2179 4785 Ecclesiae
2215 4724 2653 4805 proprietatem
2687 4738 2979 4804 spectant,
3013 4739 3069 4782 et

452 4836 708 4897 nomine
743 4834 1048 4896 Ecclesiae
1093 4834 1704 4910 administrabuntur,
1758 4832 2075 4914 Episcopis
2124 4832 2573 4913 inspectionem
2622 4831 2767 4912 ipsis
2801 4830 3070 4892 debitam

454 4943 877 5004 exercentibus
923 4941 1089 5019 juxta
1137 4943 1424 5014 formam,
1475 4943 1551 5003 de
1585 4960 1709 5021 qua
1745 4940 1965 5001 Sancta
2000 4940 2191 5001 Sedes
2224 4958 2368 5000 cum
2406 4937 2718 5014 Maiestate
2752 4937 2878 4998 Sua
2911 4937 3069 4998 Cae-

2641 5039 2740 5093 20⁸
